2017 2960
93 492 125 512 Ad
136 499 186 518 opp.

655 149 842 181 DlSTINCT.
863 148 968 181 xxiv.
991 149 1080 181 ART.
1106 149 1116 179 l
1139 148 1297 186 .QU.2[S'r.
1318 149 1341 179 1.

478 281 658 319 QUAESTIO
680 281 705 312 l.

204 360 249 387 An
263 360 392 394 objectum
407 361 470 395 fidei
482 363 520 388 sz't
532 363 574 388 ita
589 369 693 393 veru-m,
710 361 780 395 quod
793 362 818 387 ei
832 368 884 387 non
893 361 978 395 possit

465 407 568 433 subesse
581 407 681 439 falsum
699 407 718 431 ¹.

244 484 358 516 Utrum
372 486 446 516 fidei
461 485 510 525 obj
516 488 622 516 ectum
635 484 674 515 sit
686 484 728 514 ita
741 492 855 514 verum
868 507 875 521 ‚
892 483 977 522 quod

203 538 232 568 ei
250 547 315 569 non
331 538 428 578 possit
442 538 570 570 subesse
590 537 727 574 falsum3
745 539 776 567 et
797 536 882 576 quod
904 535 978 566 fidei

202 591 300 632 possit
320 592 447 622 subesse
468 592 602 629 falsum,
621 591 759 621 videtur.
775 589 972 628 Cuicumque

202 644 309 675 subest
331 645 539 684 contingam,
562 645 663 684 potest
686 643 814 674 subesse
838 641 952 672 falsum
966 665 974 680 ,

201 698 276 738 quia
292 706 387 728 omne
411 699 599 736 contingens
620 697 722 736 potest
745 704 812 726 esse
832 695 948 726 falsum
967 705 975 726 ε

200 751 255 782 sed
281 751 354 782 fidei
381 751 487 781 subest
511 758 628 781 verum
656 749 844 787 contingens
865 759 872 779 :
897 757 977 787 ergo

200 804 274 836 fidei
287 806 388 844 potest
400 804 529 835 subesse
542 803 668 834 falsum.
686 802 788 843 Major
800 802 972 842 propositio

200 867 256 898 per
278 867 311 889 se
325 858 491 888 manifesta
505 859 569 895 est;
583 857 689 888 minor
703 857 858 897 probatur
874 865 881 887 ε
899 857 976 896 quia

200 911 277 943 fides
288 912 348 943 fuit
362 912 401 943 de
420 912 565 952 passione
586 911 718 950 Christi,
736 912 766 941 et
780 910 976 941 incarnatio-

200 974 260 996 ne:
275 967 306 996 et
320 967 495 1005 utrumque
509 966 569 996 fuit
584 965 792 1003 contingens;
808 974 873 995 non
889 964 975 995 enim

200 1019 268 1049 erat
280 1018 495 1049 necessarium
509 1018 671 1049 Christum
685 1017 832 1056 interfici,
845 1027 904 1048 nec
918 1017 972 1048 Dei

199 1071 317 1102 Filium
330 1071 503 1110 incarnari,
520 1080 594 1102 cum
614 1071 675 1102 alio
690 1072 784 1102 modo
802 1074 906 1111 posset
919 1080 977 1110 ge-

200 1133 262 1156 nus
283 1124 466 1155 humanum
482 1125 610 1155 liberari
628 1135 634 1155 :
651 1126 746 1155 restat
769 1134 848 1163 ergo
860 1149 868 1162 ,
892 1124 977 1164 quod

200 1177 363 1208 conclusio
378 1180 425 1208 est
437 1186 526 1209 vera.
714 1210 720 1214 ,

240 1232 270 1261 2.
287 1229 367 1261 Item
381 1229 510 1261 habitus
520 1230 738 1261 conformatur
751 1230 892 1269 subjecto
904 1239 974 1268 suo,

200 1285 282 1316 circa
297 1285 384 1325 quod
406 1287 578 1316 versatur:
596 1285 623 1315 si
646 1294 724 1325 ergo
748 1285 877 1316 habitus
902 1285 976 1316 fidei

199 1340 346 1369 versatur
368 1339 450 1369 circa
475 1338 638 1376 credibile,
661 1338 757 1369 habet
780 1338 826 1368 illi
850 1339 977 1369 confor-

201 1391 282 1422 mari
294 1402 301 1422 z
313 1391 367 1422 sed
377 1391 504 1431 aliquod
520 1391 678 1430 credibile,
690 1392 800 1431 utpote
814 1391 975 1422 Christum

200 1453 268 1476 esse
280 1454 468 1485 passurum,
484 1445 588 1484 potuit
603 1445 779 1483 falsificari,
798 1454 873 1475 cum
895 1447 978 1476 esset

200 1498 411 1538 contingens:
436 1507 515 1537 ergo
537 1497 667 1529 habitus
689 1497 788 1535 fidei,
809 1507 872 1538 quo
898 1497 977 1529 illud

200 1550 397 1589 credebatur,
430 1550 591 1582 falsificari
610 1551 713 1591 potuit
739 1561 746 1582 :
772 1552 873 1591 potest
897 1559 977 1590 ergo

199 1605 274 1636 fidei
287 1605 417 1636 subesse
431 1605 558 1636 falsum.

241 1661 270 1690 3.
287 1659 366 1690 Item
380 1658 483 1689 simus
494 1658 528 1688 in
538 1657 643 1689 medio
656 1659 798 1698 tempore
811 1659 881 1698 post
892 1667 975 1689 mor-

200 1715 264 1744 tem
279 1712 428 1751 Abrahae,
440 1713 471 1742 et
482 1714 555 1742 ante
571 1712 823 1743 incarnationem
839 1712 952 1743 Christi
965 1723 971 1743 :

199 1766 233 1796 in
256 1765 310 1797 illo
332 1768 475 1806 tempore
500 1765 715 1797 necessarium
739 1767 787 1796 est
812 1766 973 1797 Abraham

199 1819 365 1851 credidisse
384 1819 544 1851 Christum
566 1828 634 1850 esse
659 1828 850 1859 passurum;
874 1819 975 1859 possi-

203 1872 265 1902 bile
280 1871 376 1903 etiam
389 1874 457 1903 erat
471 1872 632 1903 Christum
646 1881 712 1903 non
725 1873 791 1912 pati
809 1885 816 1902 2
832 1873 886 1904 sed
901 1882 974 1913 pos-

200 1924 290 1956 sibile
305 1925 496 1965 compatitur
511 1934 544 1956 se
565 1934 639 1956 cum
663 1926 752 1956 omni
773 1927 972 1958 necessario:

200 1988 279 2019 ergo
293 1979 352 2010 ista
368 1979 432 2011 duo
445 1980 591 2019 poterant
604 1979 702 2010 simul
715 1981 813 2019 stare,
829 1980 976 2011 videlicet

199 2032 285 2072 quod
311 2031 475 2063 Abraham
502 2032 682 2064 credidisset
707 2033 869 2064 Christum
909 2043 976 2064 esse

199 2094 387 2124 passurum,
401 2088 432 2117 et
446 2086 532 2126 quod
549 2085 691 2117 Christus
714 2096 779 2117 nou
802 2089 884 2118 esset
903 2096 975 2127 pas-

201 2146 297 2169 surus
310 2148 317 2169 t
334 2140 364 2169 et
374 2139 399 2169 si
413 2139 485 2178 hoc,
502 2140 579 2170 tunc
592 2139 666 2170 fidei
681 2139 827 2171 subesset
840 2140 954 2171 falsum
967 2151 974 2171 z

199 2200 278 2231 ergo
292 2200 367 2222 cum
387 2192 534 2232 possibile
555 2194 624 2223 erat
643 2194 729 2224 tunc
754 2193 828 2224 fidei
849 2194 977 2224 subesse

199 2244 332 2282 salsum,
349 2245 477 2276 videtur
490 2245 560 2285 pari
580 2246 705 2277 ratione
723 2246 808 2286 quod
832 2248 863 2277 et
877 2255 975 2278 nunc.

199 2297 291 2336 Quod
305 2299 413 2329 autem
428 2307 486 2338 pro
503 2298 556 2329 illo
569 2301 712 2339 tempore
732 2300 879 2339 possibile
895 2303 975 2332 esset

200 2352 360 2384 Christum
381 2362 448 2384 non
471 2353 549 2393 pati,
575 2354 780 2385 manifestum
802 2357 869 2393 est,
902 2356 978 2395 quia

201 2406 391 2446 contingens
405 2410 473 2438 erat
491 2416 566 2438 eum
584 2407 666 2448 pati,
682 2417 757 2439 cum
770 2409 920 2449 penderet
936 2418 977 2440 ex

201 2459 364 2490 voluntate
376 2460 637 2492 interficientium
648 2471 656 2492 :
669 2463 700 2492 et
709 2462 824 2501 regula
833 2463 881 2493 est
891 2462 978 2502 quod

234 2521 242 2537 ¹
260 2521 300 2551 Cf.
316 2521 438 2546 Alexand.
453 2523 560 2552 Aleusis,
574 2530 599 2554 p.
621 2523 663 2553 ΙΙΙ,
679 2531 704 2554 q.
723 2530 818 2553 vaui,
839 2524 936 2548 memb.
953 2526 976 2555 7,

202 2558 250 2580 art.
262 2559 268 2580 i
282 2564 290 2587 ;
304 2559 329 2581 et
341 2557 460 2588 Cont.,p.
471 2558 513 2588 ΙΙΙ,
525 2558 583 2582 coll.
593 2564 690 2589 xxxui,
704 2561 752 2583 art.
766 2562 790 2590 1;
804 2560 894 2590 S.Th.‚
909 2560 976 2589 ll—ii,

203 2599 228 2623 q.
244 2598 263 2623 1,
275 2594 322 2616 art.
338 2593 367 2623 3;
383 2596 407 2617 et
422 2593 454 2617 111
470 2594 549 2624 Seni„
562 2594 620 2618 dist.
634 2601 707 2625 xx1v,
720 2602 744 2626 q.
764 2601 780 2625 ι,
797 2598 844 2619 art.
863 2599 890 2625 i;
909 2597 933 2619 et
948 2595 979 2617 de

204 2628 267 2656 Pete,
281 2635 305 2658 q.
319 2634 352 2658 W,
364 2630 411 2652 art.
426 2628 591 2659 unic-hard„
606 2630 877 2660 iltSe11t.,dist.xz1v.
894 2638 918 2661 q,
936 2636 976 2658 1v;

1752 156 1810 184 517

1037 217 1218 256 oppositum
1229 216 1443 256 contingentis
1453 220 1499 248 est
1510 219 1708 258 contingens.
1719 220 1809 257 Quod

1034 269 1154 300 iterum
1181 270 1397 301 necessarium
1422 272 1503 301 esset
1532 271 1617 311 quod
1644 272 1807 303 Abraham

1035 323 1230 359 credidisset,
1247 324 1451 355 manifestum
1464 326 1525 362 est,
1540 324 1615 364 quia
1632 333 1727 355 omne
1742 325 1808 356 dic-

1035 377 1105 406 tum
1118 376 1347 407 affirmativum
1362 376 1400 407 de
1415 378 1587 417 praeterito,
1602 379 1648 408 est
1665 387 1808 409 nec-essa-

1034 429 1131 459 rium.
1144 428 1176 460 Si
1190 431 1225 460 tu
1240 430 1324 460 dicas
1338 431 1423 470 quod
1436 431 1497 461 hoc
1512 440 1627 462 verum
1643 433 1700 469 est,
1712 441 1810 471 quan-

1034 481 1074 512 do
1090 490 1156 512 non
1171 482 1285 521 pendet
1300 493 1341 514 ex
1355 484 1476 522 futuro,
1490 484 1666 515 ostenditur
1681 485 1725 515 sic
1741 493 1807 515 esse

1033 533 1068 564 in
1089 535 1249 574 proposito
1266 547 1272 565 :
1300 536 1377 575 quia
1398 537 1524 568 credere
1551 547 1616 568 non
1647 539 1694 569 est
1721 538 1810 569 aliud

1033 596 1132 627 quam
1146 588 1286 628 cogitare
1299 598 1373 619 cum
1383 590 1582 621 assensione:
1596 592 1626 621 et
1641 592 1808 631 postquam

1033 641 1196 672 Abraham
1220 641 1372 681 cogitavit
1393 642 1431 673 de
1452 642 1512 673 hoc
1531 643 1612 674 dicto
1624 667 1633 681 ,
1649 644 1809 674 Christum

1034 703 1101 725 esse
1116 695 1371 733 incarnandum,
1387 695 1602 726 necessarium
1625 696 1686 727 fuit
1710 696 1748 727 de
1771 705 1808 727 eo

1033 747 1188 787 cogitasse
1211 759 1218 778 ε
1245 749 1276 779 et
1299 750 1468 788 postquam
1491 749 1640 787 assensit,
1664 759 1811 781 necessa—

1033 801 1121 832 rium
1141 801 1201 832 fuit
1223 801 1331 841 ipsum
1359 801 1526 833 assensisse
1547 813 1553 832 :
1585 803 1617 833 et
1642 804 1811 843 postquam

1033 854 1132 885 exivit
1152 854 1186 884 in
1210 856 1317 885 actum
1341 855 1433 893 fidei,
1447 855 1665 886 necessarium
1684 855 1744 886 fuit
1758 855 1811 896 ip-

1033 915 1107 938 sum
1125 907 1228 939 exisse
1245 918 1252 938 z
1270 916 1350 947 ergo
1365 907 1492 939 videtur
1513 909 1600 949 quod
1625 909 1811 949 simpliciter

1033 960 1249 992 necessarium
1262 960 1323 991 fuit
1335 961 1442 1001 ipsum
1455 962 1624 993 credidisse
1641 973 1648 993 :
1665 971 1809 994 necessa-

1032 1013 1119 1045 rium
1142 1023 1222 1054 ergo
1238 1014 1380 1053 videtur,
1401 1015 1486 1055 quod
1501 1015 1575 1046 fidei
1596 1015 1734 1047 Abrahae
1751 1025 1808 1057 po-

1034 1068 1133 1098 tuerit
1146 1068 1274 1098 subesse
1288 1068 1415 1099 falsum.

1071 1123 1102 1152 4.
1116 1120 1193 1151 Item
1204 1130 1299 1151 omne
1309 1121 1394 1161 quod
1400 1121 1588 1161 subestspei,
1600 1122 1706 1153 subest
1716 1123 1811 1153 etiam

1032 1175 1107 1206 fidei
1125 1186 1132 1206 ε
1148 1175 1202 1206 sed
1217 1176 1283 1215 spei
1300 1177 1401 1215 potest
1417 1176 1544 1207 subesse
1559 1177 1690 1215 falsum,
1707 1180 1741 1208 ut
1755 1187 1813 1218 pa-

1032 1227 1076 1256 tet
1098 1234 1173 1256 cum
1194 1226 1310 1266 aliquis
1335 1227 1520 1266 praescitus,
1544 1228 1577 1257 in
1601 1228 1704 1267 gratia
1727 1229 1812 1259 exis-

1032 1278 1112 1316 tens,
1129 1279 1234 1317 sperat
1257 1286 1291 1308 se
1312 1277 1500 1308 habiturum
1514 1278 1614 1308 vitam
1632 1280 1787 1310 aeternam
1803 1291 1810 1312 ς

1032 1339 1110 1370 ergo
1121 1330 1298 1361 necessario
1307 1330 1451 1371 sequitur
1462 1332 1547 1371 quod
1558 1332 1632 1362 fidei
1642 1332 1812 1373 aliquando

1033 1384 1140 1414 subest
1151 1383 1280 1414 falsum.

1073 1439 1102 1468 5.
1121 1437 1200 1468 Item
1219 1439 1308 1468 actus
1332 1437 1494 1468 charitatis
1516 1440 1736 1480 praesupponit
1757 1449 1808 1472 ac-

1032 1492 1102 1521 tum
1114 1490 1188 1522 fidei
1204 1501 1211 1521 z
1226 1491 1280 1522 sed
1293 1490 1377 1521 actui
1391 1491 1552 1522 charitatis
1566 1494 1667 1532 potest
1681 1493 1812 1525 subesse

1032 1544 1148 1576 falsum
1167 1555 1174 1574 :
1194 1553 1272 1584 ergo
1287 1545 1318 1574 et
1331 1544 1414 1575 actui
1429 1544 1514 1576 fidei.
1531 1544 1631 1586 Major
1646 1547 1812 1579 manifesta

1033 1603 1078 1631 est
1093 1611 1100 1638 3
1118 1600 1224 1631 minor
1239 1599 1392 1640 probatur
1406 1609 1462 1640 per
1476 1600 1550 1639 hoc,
1571 1601 1657 1641 quod
1675 1602 1811 1643 Aposto-

1031 1654 1082 1684 lus
1096 1663 1137 1685 ex
1150 1653 1300 1685 charitate
1314 1653 1416 1684 voluit
1430 1653 1476 1684 ire
1498 1654 1537 1684 ad
1556 1654 1731 1695 Hispanos,
1747 1666 1812 1697 quo

1031 1709 1140 1737 tamen
1162 1715 1227 1737 non
1254 1706 1322 1737 ivit.
1352 1705 1391 1737 Et
1415 1715 1477 1745 ego
1498 1715 1539 1737 ex
1562 1707 1714 1740 charitate
1738 1709 1812 1742 volo

1032 1761 1218 1801 proximum
1234 1769 1345 1791 meum
1367 1769 1434 1791 esse
1454 1760 1596 1800 bonum,
1622 1762 1678 1802 qui
1705 1764 1812 1794 tamen

1032 1823 1098 1845 non
1121 1816 1167 1844 est
1183 1814 1288 1844 bonus
1306 1824 1313 1844 :
1331 1815 1361 1844 et
1375 1813 1420 1844 sic
1435 1814 1521 1845 actui
1539 1814 1700 1846 charitatis
1711 1818 1813 1856 potest

1032 1870 1161 1901 subesse
1176 1870 1303 1900 falsum.

1072 1926 1103 1954 6.
1118 1923 1197 1954 Item
1221 1925 1311 1954 actus
1333 1922 1528 1954 adorationis
1545 1926 1591 1954 est
1606 1925 1695 1955 actus
1710 1924 1783 1955 fidei
1802 1935 1809 1956 ε

1032 1985 1110 2016 ergo
1125 1976 1211 2016 quod
1225 1976 1438 2007 substernitur
1455 1976 1649 2015 adorationi,
1667 1977 1812 2008 subster-

1032 2030 1121 2061 nitur
1145 2030 1205 2070 ipsi
1227 2029 1301 2060 fidei
1324 2038 1332 2060 :
1362 2028 1415 2059 sed
1446 2029 1604 2069 contingit
1639 2030 1811 2070 aliquando

1032 2083 1207 2115 adorationi
1223 2083 1316 2122 alicuj
1322 2090 1360 2113 us
1374 2082 1474 2113 fidelis
1487 2083 1616 2114 subesse
1630 2084 1756 2121 salsum,
1770 2083 1810 2114 si-

1033 2139 1087 2168 cut
1103 2137 1230 2177 quando
1243 2136 1351 2168 adorat
1365 2136 1501 2167 hostiam
1514 2146 1579 2168 non
1598 2138 1811 2168 consecratam

1032 2200 1090 2231 pro
1105 2192 1287 2222 consecrata
1297 2214 1306 2229 ,
1324 2190 1466 2222 adbibita.
1476 2199 1554 2221 vera
1569 2192 1601 2222 et
1615 2191 1718 2222 debita
1740 2191 1810 2221 dili-

1033 2244 1142 2284 gentia
1161 2255 1167 2275 :
1192 2246 1223 2275 et
1246 2244 1316 2274 talis
1340 2243 1482 2275 adoratio
1507 2244 1669 2275 meritoria
1689 2246 1755 2282 est,
1780 2246 1812 2275 et

1032 2298 1076 2328 ita
1091 2300 1198 2329 ortum
1212 2298 1308 2328 habet
1326 2307 1345 2328 a
1362 2296 1424 2328 fide
1441 2299 1471 2328 et
1486 2307 1504 2328 a
1519 2297 1672 2328 charitate
1697 2307 1704 2328 :
1731 2306 1810 2337 ergo

1033 2351 1060 2381 si
1075 2351 1103 2381 ei
1117 2351 1225 2382 subest
1237 2350 1364 2389 falsum,
1379 2351 1507 2381 videtur
1522 2351 1606 2390 quod
1621 2351 1651 2381 et
1664 2349 1748 2380 fidei.

1074 2402 1189 2435 Contra
1204 2415 1211 2435 z
1228 2404 1315 2435 Illius
1329 2404 1428 2435 solius
1447 2405 1493 2434 est
1512 2403 1589 2434 fides
1612 2403 1645 2433 in
1663 2403 1717 2433 via
1725 2426 1736 2442 ,
1753 2412 1809 2434 cu-

1030 2459 1085 2498 jus
1100 2458 1160 2489 erit
1173 2457 1254 2489 visio
1268 2458 1302 2488 in
1315 2457 1418 2498 patria
1434 2467 1441 2488 z
1461 2457 1515 2488 sed
1530 2456 1647 2488 visioni
1660 2456 1695 2487 in
1706 2456 1810 2496 patria

1035 2554 1179 2585 Dusandus,
1195 2555 1228 2579 111
1243 2555 1322 2585 Seni„
1338 2555 1396 2578 dist.
1411 2560 1483 2585 ΗΝ,
1499 2561 1524 2585 q.
1537 2560 1570 2584 11;
1582 2554 1673 2578 Thom.
1688 2555 1809 2589 Argent.‚

1036 2590 1304 2621 iliSe11t.‚dist.xx1v‚
1316 2598 1341 2621 q.
1351 2597 1369 2620 1,
1377 2592 1424 2614 art.
1437 2590 1559 2621 235teph.
1570 2590 1674 2617 Brulef..
1686 2591 1716 2614 ΙΙΙ
1727 2591 1808 2619 Seni„

1035 2627 1092 2651 dist.
1105 2632 1176 2654 xxw,
1186 2633 1210 2656 q.
1224 2626 1523 2656 1;Marsii.1nguen.,1u
1537 2626 1648 2657 Sent.,q.
1660 2632 1714 2655 xiv,
1728 2627 1808 2651 art.‘..‘.

1826 2424 1932 2445 Fundam.
