2017 2960
714 140 810 172 nlsT.
834 140 871 170 V.
895 139 986 171 ΛΒΤ.
1011 139 1034 171 Ι.
1058 139 1209 178 QUAEST.
1235 140 1256 170 l.

182 213 233 253 gis
258 213 416 245 uniuntur
450 211 484 242 in
513 212 647 247 natura,
678 217 776 249 quam
807 207 891 238 linea
924 206 955 237 in

183 269 300 307 puncto
311 290 319 302 ,
336 265 387 297 vel
403 263 542 306 potentia
565 264 596 294 in
611 263 733 300 anima,
750 261 775 292 si
794 269 956 292 assumere

182 319 329 350 convenit
353 319 470 350 divinae
494 321 635 355 naturae,
658 325 782 347 necesse
804 317 851 346 est
871 313 956 354 quod

182 373 350 404 conveniat
382 372 510 403 cuilibet
543 379 686 412 personae
713 379 721 401 :
751 369 804 400 sed
836 369 957 400 constat

182 425 267 466 quod
290 435 355 457 non
376 425 525 457 convenit
542 424 672 456 cuilibet
693 431 837 463 personae
855 433 861 453 :
879 430 958 461 ergo

182 481 388 511 necnaturae.

223 536 252 564 5.
270 533 348 565 ltem
363 534 433 565 haec
447 531 633 572 simpliciter
653 531 700 560 est
716 528 809 566 saltn,
824 530 856 559 et
869 527 958 558 nullo

184 581 278 613 modo
301 581 507 612 conceditur:
528 590 542 608 α
565 577 677 609 Divina
699 575 835 607 essentia
858 584 956 614 gene-

183 636 251 671 rat,
277 634 326 665 vel
351 636 484 669 natura;
509 643 522 659 η
552 630 706 671 quoniam
728 628 779 660 ille
800 630 890 659 actus
913 629 959 658 est

182 689 272 718 actus
296 686 444 728 proprius
467 685 662 716 conveniens
684 683 740 714 uni
765 682 824 714 soli
849 690 956 723 perso-

182 750 234 772 nae
251 751 258 772 ε
278 750 356 780 ergo
371 741 396 771 si
420 749 583 771 assumere
597 741 644 770 est
657 740 748 769 actus
766 737 960 769 conveniens

182 792 239 824 uni
253 792 310 823 soli
327 800 489 833 personae,
507 793 616 832 utpote
636 799 780 831 personae
802 788 891 825 Filii,
908 788 959 819 vi-

181 845 276 877 detur
289 845 375 886 quod
391 846 460 877 haec
475 845 516 876 sit
528 844 678 884 neganda
692 846 844 884 tanquam
860 842 956 874 salsa:

186 910 201 928 «ι
216 898 329 930 Divina
346 901 462 930 natura
475 898 611 930 assumit
626 898 816 929 humanam.
833 908 847 926 n

223 956 253 984 o.
271 952 349 984 ltem
365 952 481 992 regula
495 955 552 991 est,
570 955 601 984 et
615 952 724 984 habita
740 952 799 983 t'uit
810 951 842 982 in
855 951 960 992 primo

190 1006 272 1037 libro
292 1010 299 1026 ¹
317 1018 323 1037 z
340 1007 426 1047 quod
441 1007 577 1038 essentia
599 1016 665 1037 non
679 1006 832 1047 supponit
852 1014 958 1046 perso-

183 1070 270 1097 nam,
287 1070 344 1091 nec
359 1070 377 1092 e
393 1070 547 1092 converso
565 1071 572 1091 ι
589 1069 670 1100 ergo
685 1060 794 1090 divina
811 1059 958 1096 essentia,

183 1114 234 1145 vel
249 1116 364 1146 natura
375 1138 382 1151 ,
400 1124 463 1146 non
478 1116 579 1155 potest
594 1123 650 1154 pro
668 1122 803 1154 persona
824 1112 960 1143 locutio-

183 1177 258 1200 nem
282 1168 411 1200 reddere
431 1178 540 1200 veram
558 1180 564 1199 :
583 1177 640 1199 nec
659 1176 717 1208 pro
736 1167 817 1205 alio,
833 1166 886 1197 cui
900 1165 962 1196 hoc

183 1222 368 1260 conveniat,
394 1222 470 1263 quia
494 1221 552 1253 soli
577 1221 657 1253 Filio
687 1220 836 1252 convenit
870 1229 961 1251 assu-

183 1287 270 1309 mere
283 1289 290 1309 2
302 1286 381 1317 ergo
392 1277 520 1309 videtur
532 1277 717 1318 simpliciter
732 1285 799 1308 esse
813 1275 962 1316 neganda

183 1331 336 1372 praedicta
349 1331 478 1363 locutio.

453 1463 682 1496 CONCLUSIO.

185 1546 326 1572 Assume-re
340 1552 393 1571 non
406 1546 443 1571 est
457 1545 532 1571 actus
551 1542 651 1570 divinoe
665 1544 780 1574 παίω-ω,
795 1543 820 1570 si
833 1549 964 1571 assumere

222 1589 296 1617 dicat
321 1590 444 1617 widonem
471 1589 508 1615 ad
525 1589 658 1615 unitatem
680 1590 800 1619 naturoe;
824 1589 849 1615 ει·
874 1589 964 1614 autem

219 1634 293 1662 dicae
315 1634 352 1661 ad
374 1635 507 1661 unitatem
538 1640 666 1668 personoe,
694 1633 787 1668 utique
812 1631 965 1659 conceditur

218 1678 290 1714 quod
302 1681 402 1706 natura
416 1678 513 1705 divina
526 1678 647 1706 univerit
662 1677 718 1704 sibi
736 1677 892 1705 humanam.

227 1759 320 1800 Resp.
336 1759 376 1791 ad
392 1768 464 1800 arg.
478 1758 525 1790 Ad
542 1758 768 1800 praedictorum
784 1757 965 1798 intelligen-

184 1815 263 1847 tiam
278 1816 325 1846 est
348 1813 526 1845 notandum
539 1837 548 1851 ,
564 1812 651 1853 quod
674 1814 739 1843 tam
755 1821 811 1853 per
827 1812 964 1844 verbum

186 1867 344 1906 uniendi,
358 1876 456 1908 quam
472 1875 528 1907 per
543 1866 682 1898 verbum
697 1865 885 1898 assumendi
900 1866 964 1896 im-

187 1924 332 1963 portatur
350 1921 427 1952 unio
440 1920 560 1952 divinae
577 1922 702 1952 naturae
717 1919 757 1951 ad
775 1920 963 1951 humanam.

188 1977 345 2009 Ditserunt
358 1979 468 2008 tamen
485 1978 643 2017 quantum
659 1976 698 2007 ad
716 1976 849 2008 modum
863 1976 964 2017 signi-

189 2030 303 2062 sseandi
314 2054 322 2068 ,
349 2031 425 2070 quia
452 2029 597 2067 verbum,
611 2028 748 2062 uniendi
775 2029 891 2060 dicitur
926 2030 966 2061 ab

189 2084 328 2122 unione,
355 2092 429 2125 quae
455 2083 558 2123 magis
581 2083 732 2124 importat
757 2083 943 2114 relationem
957 2108 964 2121 ,

188 2147 285 2179 quam
304 2138 482 2176 actionem3
500 2137 636 2169 verbum
651 2139 760 2168 autem
779 2137 968 2171 assumendi

188 2192 306 2224 dicitur
330 2192 370 2223 ab
395 2192 632 2233 assumptione,
656 2200 731 2232 quae
759 2192 968 2233 principalius

188 2246 341 2287 importat
355 2246 524 2278 actionem.
544 2245 634 2277 Unde
647 2245 798 2286 quamvis
813 2246 966 2277 conceda-

188 2302 243 2332 tur
254 2300 341 2342 quod
355 2300 464 2332 divina
479 2302 594 2331 natura
602 2299 693 2331 uniat
702 2299 762 2331 sibi
774 2299 966 2337 humanam,

188 2355 219 2385 et
241 2353 344 2385 eidem
358 2353 455 2385 etiam
473 2353 626 2392 uniatur;
645 2353 734 2385 nullo
749 2355 856 2385 tamen
873 2354 968 2386 modo

190 2407 373 2439 conceditur
394 2406 481 2448 quod
501 2407 612 2438 divina
634 2409 750 2439 natura
773 2410 966 2439 assumatur.

190 2459 262 2491 Alia
275 2461 371 2492 etiam
386 2463 433 2492 est
448 2460 639 2500 differentia,
655 2461 731 2502 quia
748 2462 853 2501 unire,
869 2471 969 2502 quan-

191 2514 261 2544 tum
275 2515 322 2545 est
342 2514 381 2546 de
397 2523 431 2546 se
443 2537 451 2552 ,
468 2523 534 2546 non
555 2514 630 2546 dicit
650 2515 824 2547 terminum
845 2515 970 2547 relatio-

191 2566 240 2597 nis
264 2566 312 2598 vel
336 2568 453 2600 actioni
495 2568 703 2600 determinate
722 2579 730 2600 ε
757 2571 860 2610 potest
882 2570 970 2602 enim

222 2630 227 2645 ¹
245 2630 307 2654 nist.
323 2635 347 2654 ιι
356 2648 364 2660 ,
377 2637 402 2662 q.
418 2636 434 2655 n
446 2648 454 2660 ,
468 2631 495 2655 iu
507 2638 575 2663 resp.
587 2638 643 2662 arg.
655 2645 684 2651 -
695 2632 731 2663 (a)
744 2633 781 2658 ΑΙ.
793 2632 922 2664 importat.

1731 143 1789 171 tto

1011 207 1126 247 aliquis
1139 206 1260 247 aliquid
1276 207 1368 238 unire
1385 207 1462 245 sibi,
1482 209 1513 238 et
1534 206 1599 237 alii.
1624 207 1791 239 Assumere

1012 263 1120 292 antem
1132 260 1280 301 importat
1295 261 1469 292 terminum
1489 260 1709 297 intrinsevum,
1725 264 1790 291 tarn

1013 316 1146 346 actionis
1159 324 1257 355 quam
1269 314 1448 346 relationis:
1474 323 1636 344 assumere
1648 314 1734 344 enim
1746 317 1791 344 est

1013 369 1051 400 ad
1067 380 1100 400 se
1126 380 1264 402 sumere.
1283 369 1363 399 (lum
1393 377 1472 408 ergo
1489 368 1680 398 vocabulum
1695 375 1790 400 asset-

1015 424 1123 455 memli
1136 424 1285 463 importet
1296 422 1442 459 (msimul
1458 421 1642 452 relationem
1659 424 1688 451 et
1699 422 1793 452 actio-

1014 485 1100 514 nem,
1116 476 1166 507 ille
1180 476 1336 507 terminus
1350 475 1483 506 interius
1498 474 1677 505 intellectus
1693 476 1794 513 potest

1014 529 1124 560 referri
1148 530 1186 560 ad
1210 531 1400 568 utrumque,
1428 528 1476 559 vel
1500 527 1535 558 ad
1557 527 1694 558 alterurn
1721 531 1793 558 tan-

1015 584 1101 621 tum,
1118 582 1264 614 videlicet
1284 582 1323 613 ad
1345 582 1544 612 relationem.
1562 582 1594 612 Si
1611 582 1648 612 ad
1666 584 1793 612 utrum-

1014 648 1076 679 que
1092 640 1264 677 reseratur,
1281 646 1357 669 cum
1371 637 1454 668 actio
1477 637 1529 668 illa
1545 638 1736 668 terminetur
1753 638 1792 669 ad

1016 692 1170 723 unitatem
1194 692 1354 732 aliquam,
1383 693 1460 722 tunc
1483 700 1646 721 assumere
1672 690 1792 721 dictum

1014 745 1053 777 de
1073 745 1181 785 aliquo
1201 745 1309 784 signat
1329 753 1393 775 non
1416 743 1522 775 solum
1547 744 1701 774 unionem
1716 767 1723 780 ,
1739 743 1793 775 sed

1014 800 1110 831 etiam
1127 799 1212 830 illam
1230 799 1382 830 unionem
1400 797 1566 829 terminari
1582 797 1621 828 ad
1637 797 1792 828 unitatem

1014 853 1216 884 assumentis.
1234 852 1272 883 Et
1285 852 1438 892 quoniam
1452 851 1505 882 illa
1518 851 1595 881 unio
1608 860 1669 881 non
1687 851 1794 882 termi-

1014 909 1110 938 natur
1135 907 1174 938 ad
1199 906 1355 938 unitatem
1380 908 1522 942 naturae,
1548 905 1602 935 sed
1626 905 1729 944 potius
1754 905 1792 935 ad

1015 960 1172 992 unitatem
1201 968 1365 1000 personae;
1392 959 1462 990 ideo
1490 958 1667 990 secundnm
1696 958 1793 989 istum

1015 1013 1210 1044 intellectum
1234 1022 1396 1044 assumere
1419 1022 1482 1043 non
1504 1012 1653 1043 convenit
1673 1011 1793 1042 divinae

1015 1069 1150 1097 naturae.
1168 1066 1281 1097 Divina
1299 1066 1384 1097 enim
1402 1068 1518 1097 natura
1538 1074 1603 1096 non
1623 1066 1795 1106 assumpsit

1016 1120 1194 1151 humanam
1219 1120 1251 1150 in
1270 1119 1391 1150 unitate
1413 1121 1538 1150 naturae
1555 1130 1561 1149 :
1578 1121 1609 1149 et
1624 1119 1683 1149 isto
1700 1119 1794 1150 niodo

1016 1182 1082 1204 non
1102 1172 1305 1210 conceditur,
1323 1172 1409 1213 quod
1429 1181 1501 1203 eam
1518 1171 1726 1211 assumpserit
1747 1172 1796 1202 ‹li-

1016 1227 1092 1259 vina
1107 1229 1234 1265 natura,
1251 1226 1312 1257 hoc
1325 1228 1372 1257 est
1385 1226 1423 1257 ad
1436 1235 1481 1263 se,
1496 1225 1564 1256 sive
1578 1225 1616 1256 ad
1633 1226 1795 1266 propriam

1017 1280 1173 1311 unitatem
1197 1279 1380 1319 sumpserit.
1398 1278 1431 1310 Si
1446 1281 1554 1310 autem
1573 1279 1728 1310 terminus
1745 1279 1795 1311 ille

1016 1333 1132 1365 haheat
1154 1335 1334 1373 respectum
1369 1333 1409 1364 ad
1444 1332 1631 1364 relationem
1668 1333 1796 1364 unionis

1016 1389 1155 1425 tantum,
1166 1389 1243 1418 tunc
1256 1386 1441 1418 conceditur
1455 1386 1541 1427 quod
1556 1386 1668 1418 divina
1682 1389 1796 1418 natura

1017 1440 1194 1472 humanam
1209 1440 1429 1481 assumpserit,
1445 1440 1506 1471 hoc
1520 1442 1567 1471 est
1581 1440 1640 1470 sibi
1657 1440 1772 1471 unierit
1786 1449 1793 1471 :

1018 1494 1123 1525 univit
1135 1494 1221 1526 enim
1239 1494 1299 1525 sibi
1315 1494 1494 1525 humanam
1509 1495 1671 1530 naturam,
1687 1503 1797 1534 quam-

1018 1547 1069 1579 vis
1092 1556 1158 1578 non
1184 1548 1217 1578 in
1239 1547 1358 1588 seipsa,
1379 1547 1433 1577 sed
1454 1547 1488 1578 in
1508 1556 1574 1578 una
1596 1556 1742 1587 persona.
1761 1546 1797 1578 Et

1019 1601 1078 1632 isto
1098 1601 1193 1632 modo
1215 1600 1392 1642 procedunt
1413 1600 1550 1632 rationes
1573 1603 1604 1631 et
1624 1600 1798 1632 auctorita-

1019 1657 1083 1692 tes,
1099 1663 1173 1694 quae
1195 1654 1235 1685 ad
1258 1654 1318 1685 hoc
1337 1654 1552 1692 inducuntur;
1574 1656 1605 1684 et
1626 1654 1696 1685 ideo
1721 1655 1798 1685 sunt

1019 1707 1239 1740 concedendae.

1061 1764 1090 1793 1.
1104 1762 1153 1793 Ad
1168 1761 1248 1792 illud
1263 1769 1340 1792 vero
1355 1759 1441 1801 quod
1460 1759 1627 1801 objicitur,
1642 1760 1728 1801 quod
1744 1769 1798 1792 so-

1019 1816 1071 1852 lus
1089 1815 1188 1847 Filius
1206 1814 1346 1855 suscepit
1364 1813 1543 1845 humanam
1558 1816 1725 1853 naturam,
1747 1814 1799 1845 di-

1020 1870 1158 1902 cendum
1186 1868 1271 1909 quod
1300 1868 1334 1909 ly
1361 1867 1464 1900 solum
1490 1877 1557 1899 non
1585 1867 1726 1899 excludit
1756 1867 1800 1898 ibi

1020 1926 1184 1963 naturam,
1202 1932 1276 1964 quae
1291 1922 1386 1954 estin
1399 1930 1546 1963 persona,
1563 1924 1594 1953 et
1608 1922 1800 1962 praedicatur

1021 1979 1059 2010 de
1080 1987 1238 2019 persona;
1262 1976 1316 2008 sed
1337 1975 1478 2007 excludit
1495 1975 1573 2006 alias
1593 1975 1674 2007 duas
1695 1984 1801 2016 perso-

1021 2041 1097 2072 nas,
1122 2031 1240 2063 scilicet
1261 2030 1388 2062 Patrem
1409 2032 1441 2062 et
1462 2029 1617 2070 Spiritum
1639 2032 1797 2061 sanctum.

1022 2085 1180 2118 Praeterea
1195 2084 1369 2116 auctoritas
1380 2083 1435 2115 illa
1449 2092 1514 2114 non
1528 2083 1604 2115 dicit
1616 2083 1801 2125 simpliciter

1022 2140 1108 2182 quod
1122 2139 1209 2172 solus
1226 2138 1327 2171 Filius
1339 2138 1530 2179 susceperit,
1545 2138 1599 2169 sed
1613 2138 1698 2178 quod
1713 2137 1800 2168 solus

1022 2194 1122 2226 Filius
1145 2192 1285 2234 suscepit
1306 2192 1341 2223 in
1364 2192 1521 2223 unitatem
1546 2191 1710 2232 propriam
1735 2201 1743 2222 ι
1770 2191 1801 2222 et

1021 2250 1100 2280 tunc
1121 2256 1187 2279 non
1205 2248 1252 2279 est
1267 2245 1418 2277 instantia
1441 2245 1480 2277 de
1499 2247 1633 2283 natura,
1651 2245 1726 2286 quia
1739 2268 1746 2282 ,
1764 2246 1801 2275 ut

1022 2302 1144 2334 dictum
1158 2302 1225 2339 est,
1242 2301 1360 2331 natura
1374 2299 1487 2330 diviua
1502 2308 1567 2330 non
1582 2298 1720 2339 suscepit
1734 2297 1800 2329 hu-

1023 2363 1154 2387 manam
1179 2355 1212 2385 in
1233 2353 1390 2385 unitatem
1411 2355 1552 2392 naturae,
1569 2352 1623 2384 sed
1645 2352 1677 2383 in
1694 2352 1801 2383 unita-

1023 2410 1089 2441 tem
1103 2416 1259 2449 personae.

1064 2466 1095 2495 2.
1119 2462 1168 2494 Ad
1180 2461 1260 2493 illud
1281 2460 1369 2502 quod
1383 2459 1573 2501 opponitur,
1592 2458 1676 2500 quod
1693 2457 1801 2497 Pater,

1024 2520 1056 2550 et
1079 2516 1195 2555 Filius,
1218 2517 1249 2547 et
1276 2514 1413 2556 Spiritus
1440 2515 1570 2545 sanctus
1594 2512 1682 2545 nullo
1708 2512 1803 2543 modo

1025 2570 1179 2603 differunt
1202 2570 1236 2601 in
1250 2571 1384 2606 natura,
1405 2566 1574 2599 dicendum
1591 2566 1676 2607 quod
1692 2566 1745 2597 illa
1758 2568 1804 2597 est

1024 2624 1158 2666 duplex.
1179 2623 1247 2656 Uno
1261 2622 1347 2654 enim
1364 2621 1458 2652 modo
1473 2621 1573 2661 potest
1588 2620 1720 2660 intelligi
1734 2619 1778 2650 sic
1794 2629 1805 2654 ι
