2017 2960
231 190 288 219 576

231 255 323 290 dum,
346 257 376 284 et
401 255 433 284 in
457 263 520 293 quo
547 256 591 285 est
615 251 853 292 quiescendum.
870 249 1001 288 Vigorat

231 308 325 338 etiam
351 308 382 337 in
403 307 481 345 hor,
497 306 580 345 quod
605 305 706 334 elevat
728 303 899 343 potentiam
916 302 998 332 adze-

232 363 320 391 terua
334 360 415 389 boua
431 357 632 397 expectanda,
648 359 678 386 et
689 356 860 395 quamdam
875 355 999 385 stabili-

232 416 326 443 tatem
343 413 369 443 ci
392 411 514 444 tribuit,
531 419 570 439 ne
586 418 641 449 per
659 409 910 448 desperationem
928 417 999 437 suc-

232 465 371 496 cumbat.
386 464 419 494 1⁴11
434 463 514 498 ideo,
529 463 611 493 sicut
626 462 702 493 fides
717 463 836 501 absque
850 461 1002 491 charitate

231 520 334 550 virtus
362 518 506 547 informis
539 519 584 547 est
603 541 611 555 ‚
642 517 717 556 quia
746 516 857 547 tribuit
885 516 1002 546 animae

232 571 402 612 quamdam
428 570 649 600 rectitudinem
673 571 704 599 et
728 569 876 606 vigorem
893 593 901 607 ‚
929 576 1002 608 quae

231 623 380 663 compleri
394 622 487 653 habet
503 625 532 653 et
547 622 655 662 perfici
676 631 732 661 per
746 622 859 660 gratiae
874 622 1004 652 infusio-

232 686 304 707 nem
323 686 329 705 ε
346 675 388 705 sic
404 675 648 714 intelligendum
672 677 717 704 est
740 677 769 704 et
793 675 874 705 circa
902 676 1003 714 ipsam

231 737 331 768 spem.
356 727 443 758 Unde
469 731 499 758 ct
523 730 647 764 caetera,
670 736 742 766 quae
767 727 848 757 dicta
870 729 943 756 sunt
966 726 1004 757 de

232 782 293 812 fide
309 781 436 811 informi
449 806 456 818 ‚
473 783 604 820 possunt
618 781 683 819 spei
700 780 826 810 informi
840 780 1002 820 applicari.

233 834 447 865 Concedendae
462 835 536 863 sunt
558 842 635 871 ergo
656 833 792 863 rationes
807 832 1004 863 ostendentes

233 887 297 926 spei
315 887 464 917 virtutem
480 895 568 925 posse
584 886 654 915 fieri
668 886 848 916 informem.

276 943 303 970 -1.
322 940 368 969 Ad
385 940 463 970 illud
480 948 556 970 vero
572 939 656 978 quod
672 938 821 978 objicitur
836 939 868 968 in
886 939 1006 968 contra-

235 994 319 1023 rium
330 1017 337 1030 ‚
356 993 438 1032 quod
454 1002 525 1031 spes
542 991 682 1031 procedit
697 1000 737 1021 ex
752 991 885 1027 meritis,
902 990 1005 1021 dicen—

235 1048 311 1079 dum
327 1047 409 1087 quod
419 1045 667 1087 quadrupliciter
680 1046 782 1084 potest
795 1044 909 1083 aliquis
920 1044 1007 1074 exire

236 1101 268 1130 in
296 1102 401 1130 actum
432 1099 588 1139 sperandi.
616 1098 680 1128 Aut
707 1097 794 1128 enim
821 1098 924 1136 sperat
950 1096 1008 1126 ha-

236 1153 339 1184 bendo
359 1153 472 1183 merita
495 1153 527 1182 in
545 1152 720 1191 proposito,
738 1153 768 1181 et
783 1151 816 1180 in
831 1150 935 1180 radice
950 1173 957 1187 ‚
978 1151 1009 1179 et

238 1207 269 1237 in
290 1206 422 1243 effectu,
441 1206 519 1235 sicut
540 1205 637 1236 homo
656 1205 779 1244 justus,
798 1204 851 1243 qui
868 1202 930 1233 Deo
954 1203 1009 1232 diu

238 1260 386 1295 servivit3
405 1261 460 1289 aut
483 1260 585 1297 sperat
607 1257 751 1287 habendo
767 1256 879 1286 merita
893 1256 925 1285 in
941 1264 1009 1294 pro-

239 1314 339 1353 posito
354 1315 383 1342 et
397 1312 429 1341 iu
445 1311 566 1346 radice,
584 1311 636 1340 sed
651 1318 715 1339 non
732 1310 765 1339 in
781 1309 911 1343 effectu,
929 1308 1009 1337 sicut

240 1367 291 1397 ille
305 1366 360 1405 qui
381 1367 454 1395 ante
476 1365 596 1394 bonum
617 1372 713 1394 usum
733 1363 908 1397 virtutum,
926 1363 1010 1400 post-

239 1428 336 1459 quam
357 1418 493 1456 suscepit
510 1417 662 1455 gratiam,
681 1418 824 1454 expectat
848 1414 1012 1445 beatitudi-

240 1481 333 1509 nem3
350 1473 405 1502 aut
419 1472 522 1510 sperat
543 1469 688 1500 habendo
712 1468 825 1498 merita
849 1469 880 1498 iu
900 1476 1012 1506 proro-

240 1526 299 1555 sito
315 1526 437 1555 tantum
449 1547 457 1560 ,
474 1532 538 1553 non
554 1523 586 1552 in
602 1522 721 1557 radice,
737 1530 795 1551 nec
822 1521 852 1550 in
875 1520 989 1550 effectu
1002 1544 1010 1557 ,

241 1579 321 1608 sicut
330 1577 381 1607 ille
393 1577 447 1616 qui
460 1579 602 1615 peccator
616 1577 673 1611 est,
685 1574 740 1614 qui
752 1574 898 1614 proponit
912 1573 1013 1603 multa

241 1631 324 1661 bona
345 1630 461 1666 faeere,
479 1631 510 1659 et
531 1637 588 1668 per
610 1628 664 1658 illa
677 1627 813 1663 salvari;
833 1628 888 1656 aut
910 1628 1014 1664 sperat

241 1693 305 1714 non
321 1682 465 1714 habendo
487 1681 599 1712 merita
620 1690 677 1710 nec
700 1680 731 1710 in
755 1679 886 1716 effectu,
905 1688 962 1708 nec
982 1678 1014 1708 in

242 1737 361 1773 radice,
383 1745 440 1766 nec
463 1735 494 1765 in
517 1734 692 1773 proposito,
717 1733 797 1762 sicut
819 1732 870 1762 ille
888 1731 945 1771 qui
968 1731 1013 1761 sa-

243 1790 354 1820 eiendo
376 1789 477 1825 mala,
500 1789 530 1818 et
553 1787 585 1817 iu
605 1786 698 1817 malis
711 1794 891 1825 proponens
906 1793 1013 1824 perse-

243 1853 353 1875 verare
365 1867 372 1881 ,
389 1852 444 1883 per
460 1842 559 1873 solam
575 1841 629 1871 Dei
653 1840 903 1871 misericordiam
918 1839 1016 1870 credit

244 1908 276 1930 se
301 1900 523 1930 assecuturum
549 1896 684 1935 gloriam
704 1919 712 1932 ,
736 1895 884 1933 neglecta
908 1894 1016 1925 divina

241 1952 375 1991 justitia.
401 1950 527 1980 Primus
551 1950 639 1978 actus
662 1951 708 1978 est
731 1947 796 1987 spei
821 1948 965 1977 sormatae
986 1949 1016 1977 et

242 2006 310 2044 ¹jam
327 2004 526 2039 exercitatae3
543 2001 701 2032 secundus
721 2003 809 2030 actus
824 2002 870 2031 est
883 2000 947 2040 spei
958 2000 1018 2030 sor-

246 2062 363 2095 matae;
389 2058 500 2088 tertius
523 2058 610 2087 actus
633 2058 678 2085 est
702 2055 769 2094 spei
794 2054 960 2091 informis,
988 2056 1018 2084 et

248 2114 381 2152 quartus
395 2113 440 2142 est
452 2110 550 2149 ipsius
565 2108 835 2149 praesumptionis.
849 2107 927 2138 Cum
938 2115 1017 2146 ergo

247 2165 361 2196 dicitur
378 2163 462 2204 quod
482 2172 552 2202 spes
572 2161 711 2202 procedit
732 2171 772 2192 ex
788 2161 892 2201 gratia
911 2162 941 2191 et
957 2168 1019 2191 me-

248 2219 333 2256 ritis,
350 2217 519 2249 dicendum
534 2215 619 2255 quod
643 2217 700 2246 aut
720 2215 874 2245 diffinitur
888 2213 933 2243 ibi
948 2221 1019 2252 spes

250 2275 344 2313 prout
358 2274 404 2302 est
417 2271 520 2302 virtus
535 2269 681 2305 formata,
698 2269 728 2299 et
742 2268 786 2299 sic
800 2267 888 2298 nulla
907 2268 953 2297 est
968 2266 1020 2297 ob-

245 2325 342 2364 jectio
357 2324 395 2355 de
413 2332 467 2363 spe
488 2322 638 2360 i11f0r1ni3
662 2324 731 2359 aut,
755 2321 780 2351 si
803 2320 959 2351 diffinitur
977 2319 1019 2349 ibi

250 2388 319 2419 spes
336 2377 526 2417 generaliter
545 2375 721 2406 secundum
735 2374 819 2414 quod
834 2376 880 2405 est
896 2374 998 2404 virtus
1009 2396 1018 2411 ,

250 2431 366 2462 dicitur
387 2429 552 2470 procedere
568 2437 607 2459 cx
624 2428 726 2467 gratia
746 2431 776 2458 et
792 2427 930 2464 meritis,
947 2434 1020 2465 quae

251 2486 379 2526 quidem
394 2485 445 2516 vet
469 2484 627 2516 habentur
652 2483 683 2513 in
710 2491 762 2519 re,
789 2482 839 2513 vel
862 2482 1021 2512 habentur

252 2539 287 2570 in
301 2539 459 2579 proposito
476 2547 484 2568 ε
501 2540 532 2569 et
547 2537 590 2568 sic
603 2545 667 2567 non
688 2538 734 2565 est
749 2535 898 2566 instantia
915 2534 954 2565 de
964 2543 1020 2574 spe

252 2592 393 2623 informi.

787 183 1093 215 SENTENTlARUM
1119 184 1191 215 LlB.
1214 185 1265 215 lll.

1095 255 1126 282 2.
1154 252 1201 282 Ad
1224 252 1300 283 illud
1324 253 1407 292 quod
1423 253 1559 285 secundo
1580 252 1745 291 objicitur,
1756 254 1824 292 Jam

1058 307 1139 344 patet
1155 306 1317 345 responsio
1338 315 1393 346 per
1410 306 1485 338 illud
1507 307 1592 346 qnod
1607 315 1692 337 nunc
1708 306 1826 337 dictum

1057 360 1103 388 est
1119 358 1180 389 liic.
1198 358 1285 395 Quod
1301 360 1387 390 enim
1403 359 1476 390 dicit
1489 359 1649 398 Magister,
1662 359 1746 399 quod
1761 368 1827 398 spe-

1058 420 1127 441 rare
1143 412 1209 441 sine
1226 412 1345 441 meritis
1359 414 1404 442 est
1419 421 1624 451 prcesumere,
1640 413 1700 442 hoc
1716 412 1827 443 iutelli-

1059 464 1107 502 git
1126 465 1253 504 quando
1279 464 1394 503 aliquis
1415 467 1519 504 sperat
1542 465 1610 495 sine
1624 465 1743 495 meritis
1762 474 1826 496 non

1058 517 1161 547 solum
1177 518 1209 547 in
1226 527 1274 555 re,
1291 518 1343 548 sed
1365 517 1460 548 etiam
1479 517 1512 547 in
1530 517 1688 557 proposito
1702 529 1708 548 ε
1724 520 1754 548 et
1767 518 1827 549 hoc

1059 570 1152 600 modo
1174 579 1299 610 sperare
1323 580 1387 601 non
1408 571 1543 610 pertinet
1562 570 1601 600 ad
1624 579 1711 610 spem
1728 570 1825 601 infor-

1059 631 1163 657 mem,
1181 624 1233 653 sed
1251 623 1288 653 ad
1305 624 1598 663 praesumptionem.

1099 678 1127 706 3.
1147 676 1193 706 Ad
1209 676 1285 706 illud
1300 676 1384 715 quod
1401 676 1559 715 objicitur,
1571 675 1655 716 quod
1668 676 1745 706 fides
1759 675 1829 706 ideo

1059 730 1160 768 potes-t
1178 729 1245 760 fieri
1268 729 1427 767 informis,
1446 729 1521 768 quia
1540 728 1635 759 habet
1651 728 1769 768 aliquid
1790 737 1830 759 ex

1060 783 1147 820 parte
1173 781 1366 819 intellectus⁷
1383 784 1413 812 et
1435 782 1555 821 aliquid
1576 791 1617 812 ex
1637 783 1725 821 parte
1741 781 1830 812 affec-

1059 835 1127 870 tus,
1144 833 1314 865 dicendum
1332 835 1416 873 quod
1436 835 1493 865 ista
1509 844 1573 865 non
1588 837 1634 865 est
1649 836 1713 864 tota
1728 834 1827 872 ratio,

1060 887 1113 917 sed
1128 887 1214 924 haeo,
1238 887 1392 926 quoniam
1407 887 1534 917 habitus
1558 887 1629 918 fidei
1652 887 1746 917 habet
1771 887 1828 917 ali-

1060 949 1157 979 quam
1172 940 1391 970 rectitudinem
1406 942 1436 970 et
1448 940 1594 978 vigorem
1611 940 1643 969 in
1661 940 1730 977 hoc,
1746 940 1831 979 quod

1061 992 1135 1022 facit
1160 992 1285 1022 eredere
1310 993 1418 1022 onmia
1440 992 1614 1029 credibilia,
1635 994 1666 1022 et
1692 992 1833 1022 excludit

1062 1055 1201 1076 errorem
1218 1047 1247 1075 et
1262 1045 1480 1077 infidelitatem
1498 1057 1504 1076 2
1522 1045 1575 1084 qui
1590 1045 1718 1084 quidem
1735 1045 1833 1085 vigor

1062 1101 1162 1138 potest
1177 1108 1242 1128 esse
1265 1098 1384 1138 absque
1407 1098 1512 1137 gralia
1531 1099 1658 1138 gratum
1674 1098 1806 1129 faciente
1824 1108 1830 1128 :

1063 1154 1092 1182 et
1108 1151 1192 1181 bunc.
1208 1153 1253 1181 est
1270 1151 1408 1190 reperire
1424 1151 1457 1181 in
1474 1160 1545 1190 spe,
1562 1160 1634 1190 quae
1646 1151 1717 1181 facit
1734 1150 1833 1181 vitare

1064 1204 1344 1244 praesumptionem
1370 1206 1400 1234 et
1425 1204 1675 1243 desperationem
1691 1228 1700 1242 ,
1728 1206 1759 1234 et
1782 1213 1835 1234 ex-

1069 1260 1190 1297 pectare
1203 1258 1310 1288 omnia
1324 1257 1528 1297 expectanda.
1542 1257 1578 1287 Et
1592 1257 1666 1296 quia
1678 1258 1737 1288 ista
1752 1258 1831 1288 ratio

1066 1311 1223 1350 reperitur
1241 1311 1420 1341 communis
1439 1310 1607 1349 utrobique
1620 1333 1628 1347 ,
1652 1310 1720 1340 ideo
1735 1311 1835 1349 potest

1065 1372 1134 1402 spes
1149 1372 1215 1393 csse
1230 1364 1390 1401 informis,
1407 1363 1487 1393 sieut
1507 1365 1538 1393 et
1552 1363 1619 1402 ipsa
1633 1362 1722 1392 fides.
1739 1362 1836 1392 Secus

1065 1418 1173 1446 autem
1188 1418 1233 1446 est
1253 1417 1291 1446 de
1306 1416 1472 1453 charitate,
1490 1416 1570 1446 sicut
1591 1416 1673 1446 infra
1684 1415 1692 1431 ¹
1712 1415 1836 1446 videbi-

1068 1472 1119 1499 tur
1149 1479 1207 1500 suo
1223 1469 1290 1499 loco
1306 1478 1314 1499 ε
1330 1469 1413 1500 idem
1435 1469 1516 1499 ratio
1532 1478 1597 1498 non
1612 1468 1834 1504 concludebat,

1067 1523 1143 1562 quia
1158 1532 1220 1554 non
1236 1532 1365 1553 oausam
1380 1522 1551 1561 accipiebat
1563 1531 1619 1561 pro
1634 1530 1739 1551 causa0

1108 1578 1136 1606 4.
1167 1576 1214 1606 Ad
1239 1576 1317 1606 illud
1341 1575 1426 1615 quod
1453 1575 1602 1614 obiicitur
1616 1599 1624 1613 ,
1654 1574 1738 1614 quod
1766 1582 1837 1614 spes

1068 1638 1192 1668 semper
1224 1629 1319 1659 habet
1354 1638 1461 1659 secum
1495 1629 1677 1668 adenctam
1705 1628 1837 1659 tenden—

1068 1683 1161 1718 tiam,
1175 1683 1349 1722 respondeo
1369 1682 1558 1720 dicendum,
1571 1682 1655 1722 quod
1677 1681 1838 1712 tendentia

1069 1736 1186 1775 duplex
1214 1739 1269 1766 est.
1296 1735 1448 1772 Quaedam
1482 1736 1567 1766 enim
1599 1738 1644 1766 est
1678 1735 1838 1766 tendentia

1070 1789 1179 1828 plena,
1198 1791 1228 1819 et
1249 1789 1307 1818 ista
1333 1790 1378 1818 est
1394 1797 1412 1818 a
1427 1788 1529 1826 gratia
1554 1790 1703 1827 operante
1723 1789 1754 1818 et
1768 1796 1838 1818 coo-

1070 1844 1199 1881 perante
1229 1852 1235 1872 :
1260 1844 1290 1871 et
1315 1841 1384 1871 haec
1407 1841 1479 1871 facit
1502 1841 1654 1871 virtutem
1678 1849 1745 1871 esse
1771 1840 1838 1870 for-

1071 1897 1199 1925 matam.
1216 1894 1367 1931 Quaedam
1383 1896 1489 1924 autem
1508 1895 1554 1923 est
1574 1892 1734 1923 tendentia
1749 1892 1840 1922 exilis

1071 1949 1101 1978 et
1113 1947 1299 1986 semiplena,
1315 1947 1396 1977 sicut
1409 1946 1522 1976 dicitur
1537 1946 1574 1976 de
1588 1946 1693 1985 pigro,
1705 1945 1840 1985 quivult

1071 2003 1101 2032 et
1116 2010 1178 2031 non
1195 2001 1276 2031 vult.
1293 2001 1329 2031 Et
1344 2000 1403 2030 ista
1420 2000 1549 2039 quidem
1564 1998 1725 2029 tendentia
1741 2000 1841 2038 potest

1072 2055 1146 2085 dare
1160 2055 1299 2093 aliquam
1322 2053 1542 2084 rectitudinem
1565 2054 1596 2082 et
1615 2051 1761 2090 vigorem
1779 2051 1839 2091 ipsi

1073 2107 1246 2145 voluntati,
1262 2108 1293 2137 et
1312 2106 1442 2137 sortitur
1460 2114 1577 2136 nomen
1592 2105 1719 2136 virtutis
1741 2113 1839 2144 gene-

1073 2161 1179 2192 raliter
1201 2162 1355 2199 acceptae,
1372 2168 1436 2189 non
1461 2158 1588 2189 virtutis
1611 2158 1760 2197 gratuitae
1780 2168 1787 2188 ι
1811 2160 1842 2188 et

1073 2213 1142 2245 ideo
1160 2214 1245 2244 tenet
1269 2213 1423 2243 rationem
1448 2211 1575 2242 virtutis
1595 2211 1757 2249 informis,
1777 2219 1840 2241 non

1074 2266 1229 2296 rationem
1245 2266 1370 2296 virtutis
1393 2265 1545 2295 sormatae.
1571 2264 1649 2295 Cum
1670 2266 1777 2295 autem
1793 2263 1841 2293 di-

1074 2319 1157 2350 citur
1170 2318 1253 2359 quod
1279 2318 1437 2348 tendentia
1451 2318 1484 2347 in
1499 2317 1598 2348 Deum
1617 2316 1689 2347 facit
1704 2315 1840 2346 creduli-

1075 2374 1171 2402 tatem
1183 2380 1249 2402 esse
1263 2371 1442 2409 formatam,
1459 2371 1518 2401 hoo
1528 2369 1716 2408 intelligitur
1728 2368 1766 2399 de
1778 2370 1842 2398 ten-

1075 2424 1180 2454 dentia
1200 2432 1273 2464 quae
1294 2426 1340 2453 est
1360 2433 1380 2454 a
1403 2423 1564 2454 voluntate
1587 2421 1751 2462 plenaria:
1773 2421 1843 2452 haec

1076 2479 1182 2507 autem
1205 2486 1269 2507 non
1294 2478 1395 2516 potest
1416 2485 1482 2507 esse
1506 2484 1562 2506 nec
1586 2475 1619 2505 in
1646 2483 1719 2514 spe,
1737 2474 1842 2505 necin

1075 2530 1137 2561 fide
1150 2530 1216 2560 sine
1231 2530 1351 2569 gratia,
1367 2532 1424 2560 etc.

1108 2594 1114 2609 ¹
1132 2593 1193 2617 Dist.
1210 2599 1291 2622 xxvii,
1308 2595 1353 2616 art⁴
1370 2594 1389 2621 1,
1402 2599 1426 2622 q.
1442 2598 1480 2616 111.
