2017 2960
98 484 127 503 bc
140 483 187 502 ruod
199 491 201 498 ι

96 514 201 539 diligendi

115 546 187 565 licum.

122 899 150 918 lh*
165 906 202 918 1111-

107 932 198 956 pluth-ir:

124 962 179 980 illu-s

106 993 204 1012 ιιηιιιιςιιι.

216 188 274 216 594
775 177 1084 211 SENTENTIARUM
1106 177 1180 208 LIB.
1205 178 1256 208 lll.

215 253 310 284 illuni
327 251 383 283 ubi
400 250 580 282 dilectionis
594 254 658 281 ture
674 247 871 280 rectissimus
885 245 961 277 finis
976 249 1040 287 est;
1059 256 1125 278 non
1139 248 1322 278 succenseat
1336 245 1421 277 alius
1445 245 1565 289 aliquis
1587 245 1702 284 homo,
1729 243 1755 276 si
1777 247 1808 276 te

216 310 323 352 ipsum
349 312 480 352 propter
502 308 604 339 Donni
632 305 753 346 diligis.
785 304 893 347 Hujus
920 303 1102 336 dilectionis
1123 304 1257 336 modum
1281 303 1408 336 Veritas
1432 303 1598 344 insinuat,
1629 303 1737 335 dicens
1759 305 1768 321 ¹
1798 313 1805 332 :

218 365 417 398 Mandatum
435 375 552 398 novum
569 363 608 394 do
632 362 740 398 robis,
768 368 804 393 ut
829 360 978 404 diliqatis
1000 361 1156 401 invicem,
1179 361 1263 393 sicut
1288 360 1390 393 dileoei
1407 371 1482 401 vos,
1506 360 1539 392 id
1560 364 1624 402 est,
1655 361 1695 392 ad
1721 358 1810 404 quod

217 424 316 456 dilexi
332 434 400 463 vos,
417 422 536 453 =<cilicet
552 424 586 452 nt
606 420 663 451 tilii
681 419 762 460 sitis,
781 423 811 451 ct
827 419 925 451 vitain
943 419 1087 451 habeatis
1099 422 1122 450 ².

264 480 449 513 Dilectionis
474 482 582 510 autem
605 477 662 508 Dei
690 477 806 509 modus
829 476 1029 516 insinuatur,
1056 487 1131 508 eum
1160 476 1304 509 dicitur:
1333 478 1389 509 Ex
1410 482 1477 508 toto
1501 475 1606 516 corde,
1633 475 1665 507 id
1694 479 1751 515 est,
1772 486 1811 508 ex

219 543 283 571 toto
309 537 498 570 intellectu:
527 537 577 567 Es
599 541 667 566 lota
690 534 824 575 animm,
851 533 883 566 id
904 538 962 574 cst,
992 545 1030 566 cx
1061 537 1126 566 tota
1154 533 1347 566 voluntate:
1372 535 1427 566 Esc
1451 539 1521 565 tota
1546 539 1666 573 mente,
1691 532 1723 564 id
1748 536 1810 573 est,

219 595 375 628 memoria
393 607 398 625 :
421 609 436 623 <t
452 593 493 625 Ut
508 593 516 609 ³
532 604 644 625 ornnes
661 592 885 635 cogitationes,
904 595 935 623 et
950 602 1080 623 omnem
1097 591 1210 631 vitam,
1237 595 1268 623 et
1283 602 1414 623 omnem
1435 591 1637 623 intellectum
1658 589 1692 622 in
1716 589 1813 621 illum

217 653 374 693 conferas,
400 663 417 684 a
441 662 506 695 quo
527 651 625 683 habes
647 662 683 682 ea
707 661 780 693 quae
805 649 932 681 confers
955 648 1016 681 illi.
1043 649 1117 681 llaee
1138 648 1269 689 dicens,
1294 649 1422 681 nullam
1448 652 1573 692 partem
1599 647 1673 680 vita}
1697 650 1813 680 nostrae

219 710 371 754 reliquit,
396 720 468 753 quoe
494 719 605 741 vacare
626 707 760 747 debeat3
785 706 839 739 sed
863 705 1027 750 quidquid
1056 707 1182 738 venerit
1206 706 1239 738 in
1260 706 1423 747 animum,
1448 705 1527 738 illuc
1558 705 1721 749 rapiatur,
1748 715 1814 748 quo

218 767 398 800 dilectionis
413 767 553 810 impetus
568 765 682 798 currit.
703 778 718 795 ))
736 765 776 796 Et
791 764 926 806 diligere
947 763 1051 796 Deum
1078 767 1208 807 propter
1229 775 1282 805 se,
1307 764 1423 796 modus
1445 767 1491 796 est
1512 762 1671 806 diligendi
1694 762 1810 794 Deum.

221 826 257 858 Et
273 830 347 857 suut
364 825 413 857 isti
430 825 495 856 duo
512 823 599 855 modi
615 822 777 865 diligendi
791 822 909 862 Deum,
926 825 961 853 ut
977 821 1173 865 quibusdam
1189 821 1304 865 placet.

264 883 348 916 lllud
364 887 471 915 autem
487 885 684 926 pra’ccptum
701 891 767 912 non
785 879 914 922 penitus
929 878 1085 922 impletur
1100 879 1139 911 ab
1155 879 1287 911 homine
1309 879 1343 911 in
1368 879 1428 911 hac
1448 878 1579 911 mortali
1594 878 1678 918 vita,
1701 877 1755 910 sed
1776 888 1814 909 ex

222 946 323 986 parte,
341 952 404 973 non
417 952 456 972 cx
471 943 536 971 toto
548 952 555 977 ;
574 939 652 982 quia
665 941 807 981 exparte
819 937 999 979 diligimus,
1013 937 1095 968 sicut
1109 943 1253 980 exparte
1263 937 1485 980 coqnoscz’mus
1497 936 1519 976 ‘¹3
1537 936 1571 968 in
1584 936 1695 968 futuro
1707 938 1816 967 autem

222 999 411 1044 implebitur
426 1010 465 1030 cx
482 1001 558 1029 toto.
576 996 670 1028 lsnde
695 995 903 1037 Augustinus
965 1007 971 1027 ε
999 1007 1014 1025 «
1038 994 1121 1026 Cum
1147 993 1253 1026 adhuc
1271 997 1317 1026 est
1340 993 1465 1038 aliquid
1489 993 1628 1026 carnalis
1650 993 1818 1037 concupis-

222 1057 344 1097 centim,
362 1068 428 1088 non
443 1056 532 1088 omni
548 1054 643 1086 modo
659 1065 697 1085 ex
713 1057 779 1086 tota
794 1052 903 1085 anima
919 1051 1068 1094 diligitur
1083 1051 1181 1083 Deus.
1199 1051 1280 1084 Caro
1296 1055 1405 1084 autem
1421 1062 1487 1083 non
1511 1051 1629 1084 dicitur
1650 1050 1819 1095 concupis-

223 1127 304 1155 cere,
320 1114 383 1146 nisi
398 1114 474 1158 quia
489 1112 598 1145 anima
614 1110 788 1144 carnaliter
803 1109 1012 1153 concupiscit.
1030 1108 1113 1141 Cum
1128 1113 1236 1141 autem
1254 1109 1379 1141 venerit
1395 1108 1482 1152 quod
1496 1109 1675 1152 perfectum
1690 1113 1755 1151 est,
1781 1112 1819 1142 ut

224 1173 411 1205 destruatur
426 1171 513 1215 quod
530 1182 569 1202 ex
586 1174 675 1214 parte
692 1173 750 1209 est,
768 1168 799 1200 id
817 1172 875 1208 est,
892 1167 1006 1209 utjam
1022 1178 1087 1198 non
1101 1178 1140 1198 cx
1155 1170 1244 1210 parte
1269 1166 1325 1207 sit,
1352 1167 1407 1199 sed
1429 1178 1469 1199 ex
1488 1171 1574 1208 tot03
1600 1167 1739 1200 charitas
1754 1178 1819 1200 non

226 1231 404 1270 auferetur,
422 1229 475 1261 scd
492 1228 667 1271 augebitur
681 1232 711 1259 et
732 1226 934 1270 implebitur.
960 1225 998 1256 In
1022 1236 1087 1268 qua
1112 1224 1315 1268 plenitudiue
1335 1224 1418 1256 illud
1441 1228 1636 1268 praeceptum
1655 1223 1821 1257 charitatis

229 1288 417 1332 implebitur
431 1292 440 1305 ⁶
460 1299 466 1318 :
485 1286 608 1329 Diliyes
623 1284 802 1316 Dominum
818 1284 923 1315 Deum
941 1288 1033 1313 [zaim
1059 1293 1097 1313 ea:
1121 1287 1187 1313 toto
1216 1280 1328 1322 corde,
1353 1286 1411 1313 etc.
1429 1281 1522 1313 Tunc
1544 1281 1605 1313 crit
1619 1281 1730 1325 justus
1752 1281 1826 1317 sine*

230 1351 368 1391 peccato,
385 1345 463 1389 quia
478 1344 571 1376 nulla
587 1343 646 1375 crit
661 1343 712 1374 lex
728 1352 915 1385 repugnans
930 1339 1041 1372 menti.
1061 1340 1152 1371 Tunc
1169 1350 1301 1382 prorsus
1317 1343 1382 1371 toto
1404 1339 1499 1372 corde
1510 1365 1518 1380 ,
1537 1343 1602 1371 tota
1616 1339 1738 1380 anima,
1758 1342 1825 1372 tota

232 1408 337 1436 mente
351 1403 466 1443 diliges
483 1402 585 1433 Deum
604 1412 610 1431 τ
627 1399 715 1443 quod
728 1403 774 1430 est
789 1408 955 1430 summum
971 1400 1179 1440 praeceptum.

280 1475 294 1490 «
312 1460 374 1492 Sed
389 1471 447 1491 cur
464 1458 647 1502 praecipitur
662 1456 789 1488 homini
804 1455 864 1487 ista
880 1454 1049 1498 perfectio,
1066 1465 1142 1486 curn
1156 1454 1191 1485 in
1205 1454 1264 1486 hac
1280 1454 1346 1486 vita
1370 1465 1441 1486 eam
1466 1465 1562 1486 nemo
1583 1454 1721 1487 habeat?
1741 1454 1826 1493 Quia

212 1537 215 1545 ·
235 1531 297 1550 non
314 1523 397 1550 recte
412 1517 568 1555 curritur,
586 1515 612 1547 si
627 1526 693 1558 quo
709 1513 908 1545 currendum
925 1516 983 1553 est,
1000 1512 1174 1544 nesciatur.
1195 1511 1366 1550 Quomodo
1388 1516 1497 1544 autem
1516 1512 1665 1553 sciretur,
1682 1512 1708 1544 si
1725 1512 1826 1545 nullis

236 1576 400 1620 pra‘coptis
414 1574 659 1607 ostenderetur?
676 1585 691 1603 ))
710 1571 790 1603 Ecce
803 1570 902 1602 hahes
917 1581 975 1602 cur
998 1569 1082 1601 illud
1098 1573 1295 1613 praeceptum
1310 1573 1368 1610 est,
1385 1568 1473 1613 quod
1490 1569 1541 1601 hic
1555 1569 1683 1613 penitus
1696 1569 1827 1614 impleri

236 1646 297 1666 non
315 1637 428 1677 ptdest.
448 1632 606 1675 lmpletur
623 1634 730 1662 tamen
745 1640 782 1660 ex
800 1632 902 1672 parte,
920 1627 1040 1659 scilicet
1055 1627 1235 1659 secundum
1253 1626 1483 1670 perfectionem
1499 1627 1573 1660 viae.
1591 1627 1666 1660 Alia
1680 1631 1726 1660 est
1739 1627 1827 1660 enim

235 1691 385 1735 perfectio
400 1689 573 1729 currentis,
591 1687 655 1720 alia
670 1685 901 1730 pervenientis.
923 1685 1014 1717 Facit
1038 1684 1099 1717 hoc
1122 1684 1312 1717 mandatum
1337 1689 1374 1716 ut
1395 1695 1526 1726 cursor,
1550 1685 1609 1729 qui
1629 1685 1732 1718 Deum
1753 1688 1827 1717 ante

235 1749 345 1782 onmia
360 1752 390 1780 ct
406 1759 469 1792 pra}
485 1746 636 1779 omnihus
651 1744 771 1786 diligit,
788 1754 846 1775 nec
860 1747 969 1775 tamen
983 1742 1118 1775 omniuo
1134 1741 1270 1785 perficit.

285 1821 299 1836 «
324 1807 399 1839 Dum
414 1809 523 1838 auten)
539 1808 547 1823 '¹
565 1804 630 1835 duo
645 1803 710 1834 sint
725 1805 884 1846 praecepta
898 1799 1080 1840 charitatis,
1098 1811 1156 1843 pro
1172 1803 1310 1844 utroque
1325 1810 1407 1843 saepe
1423 1811 1527 1832 unum
1551 1800 1705 1844 pouitur;
1729 1813 1745 1831 »
1772 1811 1830 1833 nec

239 1864 400 1897 immerito
415 1890 422 1904 ‚
447 1863 525 1907 qnia
548 1873 607 1894 nec
630 1861 716 1893 Deus
737 1860 806 1892 sine
830 1858 992 1903 proximo,
1024 1869 1083 1890 nec
1106 1857 1274 1901 proximus
1297 1857 1366 1889 sine
1388 1857 1453 1889 Deo
1477 1857 1571 1900 diligi
1596 1862 1710 1902 potest.
1736 1858 1831 1891 Unde

219 1922 222 1923 ⁷
238 1922 414 1967 Apostolus
429 1932 524 1953 omne
541 1919 733 1951 mandatum
748 1917 830 1959 legis
845 1916 922 1948 dicit
941 1914 950 1929 ⁸
971 1915 1146 1947 instaurari
1161 1941 1168 1956 ,
1194 1915 1226 1947 id
1248 1919 1311 1956 est,
1333 1915 1492 1947 contineri
1514 1919 1546 1948 et
1563 1915 1693 1960 impleri
1716 1915 1750 1948 in
1772 1915 1832 1948 hoc

238 1980 337 2012 verbo
369 1991 375 2011 ε
402 1979 524 2021 Diliqes
546 1976 735 2021 prozimum
762 1981 872 2012 taum,
899 1974 983 2005 sicut
1009 1973 1159 2017 teipsum.
1196 1972 1237 2004 Et
1271 1972 1418 2005 Christus
1446 1973 1652 2006 dilectionem
1692 1972 1832 2017 proximi

237 2037 408 2082 specialius
423 2038 659 2074 conmemorat,
686 2033 795 2065 dicens
818 2032 827 2047 ⁹
855 2044 861 2063 :
888 2030 1089 2064 Mandalum
1110 2042 1230 2062 novum
1254 2029 1295 2062 do
1320 2030 1424 2070 vobis,
1450 2038 1486 2063 ut
1507 2030 1656 2075 clilz'qatz's
1677 2031 1829 2070 invicem,

237 2096 320 2127 sicut
336 2094 438 2126 dilen
454 2104 517 2125 vos.
539 2105 555 2122 <t
572 2093 590 2109 '⁰
608 2091 669 2123 Ubi
683 2090 767 2122 illud
785 2089 890 2133 majus
904 2088 1095 2121 mandatum
1116 2087 1298 2120 dilectionis
1316 2087 1375 2120 Dei
1398 2088 1529 2121 videtur
1552 2089 1805 2133 praetermissum
1823 2100 1830 2121 :

238 2153 292 2185 sed
311 2152 392 2184 hene
407 2149 666 2191 intelligentibus
682 2152 861 2190 utrumque
880 2146 1049 2178 invenitur
1071 2146 1104 2177 in
1128 2145 1267 2187 singulis
1280 2171 1288 2186 ,
1312 2145 1391 2189 quia
1410 2145 1469 2189 qui
1491 2146 1598 2189 diligit
1617 2146 1721 2179 Deum
1736 2172 1744 2188 ,
1767 2157 1834 2179 non

239 2214 342 2254 potest
367 2212 587 2247 contemnere,
616 2216 716 2249 quem
744 2205 830 2237 Deus
850 2203 1000 2247 praeeepit
1022 2203 1116 2245 diligi
1145 2215 1151 2234 :
1178 2207 1209 2235 et
1236 2203 1294 2246 qui
1313 2203 1526 2247 spiritualiter
1545 2208 1577 2236 et
1595 2208 1703 2237 sancte
1727 2204 1835 2247 diligit

241 2267 442 2311 proximum,
459 2264 539 2309 quid
555 2265 589 2296 in
604 2276 640 2296 eo
656 2262 764 2305 diligit
779 2261 842 2293 nisi
858 2261 983 2293 Deum?
1001 2261 1073 2304 Ipsa
1087 2264 1134 2292 est
1146 2260 1275 2293 dilectio
1296 2260 1337 2293 ab
1360 2261 1450 2293 omni
1473 2261 1641 2294 mundana
1663 2261 1834 2294 dilectione

241 2326 395 2366 discreta,
420 2334 520 2368 quam
545 2322 749 2363 distinguens
774 2319 935 2352 Dominus
955 2318 999 2351 ait
1021 2331 1028 2350 :
1056 2318 1149 2350 Sicut
1174 2317 1275 2350 dilexi
1304 2329 1369 2350 vos.
1397 2318 1486 2357 Quid
1515 2319 1603 2352 enim
1635 2319 1698 2351 nisi
1728 2319 1834 2351 Deum

243 2383 357 2415 dilexit
372 2382 406 2414 in
421 2381 526 2421 nobis,
545 2390 610 2411 non
626 2389 724 2422 quem
740 2376 952 2416 habebamus,
969 2375 1024 2408 sed
1040 2380 1077 2408 ut
1092 2375 1306 2408 haberemus?
1331 2375 1423 2408 Sicut
1447 2376 1590 2408 medicus
1611 2380 1748 2419 aegrotos
1771 2388 1778 2408 :
1804 2379 1836 2409 et

244 2440 322 2484 quid
347 2440 380 2472 in
405 2439 451 2471 eis
481 2437 600 2480 diligit,
623 2436 686 2468 nisi
714 2435 866 2476 salutem,
891 2445 990 2477 quam
1021 2433 1112 2477 cupit
1138 2444 1301 2474 revocare;
1331 2444 1398 2466 non
1426 2434 1591 2475 morbum,
1620 2445 1719 2478 quem
1746 2434 1836 2467 venit

279 2568 284 2582 ἱ
300 2566 380 2594 Imma,
394 2570 451 2593 xiii,
466 2564 504 2586 3-2.
516 2575 546 2580 —
558 2563 567 2578 ²
580 2560 677 2585 Similia
691 2559 767 2582 habet
787 2560 905 2589 August„
919 2559 944 2581 in
959 2559 1040 2589 Joan.,
1057 2560 1129 2582 tract.
1148 2563 1244 2581 va.—
1262 2559 1271 2574 ³
1283 2560 1358 2589 Aug„
1376 2558 1405 2581 de
1422 2558 1491 2582 Doct.
1509 2558 1607 2587 christ„
1622 2559 1665 2583 lib.
1683 2559 1702 2588 l,
1722 2565 1744 2582 c.
1769 2564 1836 2588 xxu,

245 2609 271 2624 n.
286 2603 323 2625 21.
338 2614 362 2618 -
377 2600 403 2622 ’1
423 2600 491 2627 Cor„
506 2603 563 2626 xiii,
578 2598 602 2619 ss.
618 2609 648 2614 —
660 2596 669 2612 ⁵
682 2596 756 2625 Augu,
768 2593 797 2617 (Ιρ
810 2594 952 2623 Persijus-t.
968 2593 1044 2623 hom„
1060 2601 1082 2616 c.
1106 2599 1163 2622 vui,
1178 2600 1203 2616 n.
1228 2595 1253 2617 10
1277 2607 1307 2610 —
1321 2594 1330 2609 Β
1344 2594 1425 2624 Dent„
1441 2599 1477 2621 vi,
1490 2595 1513 2616 5.
1530 2607 1560 2611 —
1577 2594 1587 2610 ⁷
1602 2596 1676 2625 Aug„
1691 2594 1721 2618 de
1736 2594 1838 2625 Trmft„

247 2638 287 2660 tib.
309 2637 374 2666 Vttt,
390 2644 412 2659 c.
429 2640 474 2664 vu,
489 2641 515 2656 n.
530 2632 625 2656 to.—-⁸
637 2631 716 2660 Rom„
728 2635 786 2658 1111,
797 2632 819 2653 9.
831 2630 972 2659 -Ηοιιω,
988 2634 1046 2657 xiii,
1061 2629 1099 2653 34.
1111 2641 1141 2646 —
1157 2629 1176 2644 ¹⁰
1186 2630 1260 2659 Aug„
1277 2630 1302 2651 in
1315 2629 1398 2658 Joun„
1412 2631 1477 2653 tract
1491 2635 1550 2658 va,
1565 2636 1590 2652 n.
1607 2631 1630 2653 2.
