<?xml version="1.0" encoding="UTF-8"?>
<!DOCTYPE html PUBLIC "-//W3C//DTD XHTML 1.0 Transitional//EN"
    "http://www.w3.org/TR/xhtml1/DTD/xhtml1-transitional.dtd">
<html xmlns="http://www.w3.org/1999/xhtml" xml:lang="en" lang="en">
 <head>
  <title>
</title>
<meta http-equiv="Content-Type" content="text/html;charset=utf-8" />
  <meta name='ocr-system' content='tesseract 3.04.00' />
  <meta name='ocr-capabilities' content='ocr_page ocr_carea ocr_par ocr_line ocrx_word'/>
</head>
<body>
  <div class='ocr_page' id='page_1' title='image "./operaomniasixtiv04bonauoft/operaomniasixtiv04bonauoft_0521.png"; bbox 0 0 2017 2960; ppageno 0'>
   <div class='ocr_carea' id='block_1_1' title="bbox 675 181 1301 218">
    <p class='ocr_par' dir='ltr' id='par_1_1' title="bbox 675 181 1301 218">
     <span class='ocr_line' id='line_1_1' title="bbox 675 181 1301 218; baseline -0.006 -3"><span class='ocrx_word' id='word_1_1' title='bbox 675 182 771 215; x_wconf 88' lang='lat' dir='ltr'><strong>DIST.</strong></span> <span class='ocrx_word' id='word_1_2' title='bbox 795 182 903 213; x_wconf 81' lang='lat' dir='ltr'><strong>XXIII.</strong></span> <span class='ocrx_word' id='word_1_3' title='bbox 928 181 1017 212; x_wconf 77' lang='grc' dir='ltr'><strong>ΛΒΤ.</strong></span> <span class='ocrx_word' id='word_1_4' title='bbox 1043 181 1080 212; x_wconf 93' lang='grc'>11.</span> <span class='ocrx_word' id='word_1_5' title='bbox 1105 181 1253 218; x_wconf 81' lang='lat' dir='ltr'><strong>QUAEST.</strong></span> <span class='ocrx_word' id='word_1_6' title='bbox 1279 182 1301 212; x_wconf 91' lang='grc'>1.</span> 
     </span>
    </p>
   </div>
   <div class='ocr_carea' id='block_1_2' title="bbox 184 249 965 1468">
    <p class='ocr_par' dir='ltr' id='par_1_2' title="bbox 186 249 957 441">
     <span class='ocr_line' id='line_1_2' title="bbox 186 249 956 291; baseline -0.005 -9"><span class='ocrx_word' id='word_1_7' title='bbox 186 252 239 282; x_wconf 86' lang='lat' dir='ltr'>sed</span> <span class='ocrx_word' id='word_1_8' title='bbox 254 261 318 283; x_wconf 92' lang='lat' dir='ltr'>non</span> <span class='ocrx_word' id='word_1_9' title='bbox 334 254 380 283; x_wconf 86' lang='lat' dir='ltr'>est</span> <span class='ocrx_word' id='word_1_10' title='bbox 400 252 596 291; x_wconf 76' lang='lat' dir='ltr'>theologica,</span> <span class='ocrx_word' id='word_1_11' title='bbox 617 260 690 283; x_wconf 86' lang='lat' dir='ltr'>cum</span> <span class='ocrx_word' id='word_1_12' title='bbox 707 259 771 281; x_wconf 92' lang='lat' dir='ltr'>non</span> <span class='ocrx_word' id='word_1_13' title='bbox 794 249 902 280; x_wconf 86' lang='lat' dir='ltr'>tendat</span> <span class='ocrx_word' id='word_1_14' title='bbox 923 249 956 278; x_wconf 88' lang='lat' dir='ltr'>iu</span> 
     </span>
     <span class='ocr_line' id='line_1_3' title="bbox 187 301 957 343; baseline -0.006 -8"><span class='ocrx_word' id='word_1_15' title='bbox 187 304 299 343; x_wconf 87' lang='lat' dir='ltr'>Deum;</span> <span class='ocrx_word' id='word_1_16' title='bbox 318 314 380 335; x_wconf 94' lang='lat' dir='ltr'>non</span> <span class='ocrx_word' id='word_1_17' title='bbox 400 306 448 335; x_wconf 89' lang='lat' dir='ltr'>est</span> <span class='ocrx_word' id='word_1_18' title='bbox 462 305 640 341; x_wconf 80' lang='lat' dir='ltr'>cardinalis,</span> <span class='ocrx_word' id='word_1_19' title='bbox 658 312 731 335; x_wconf 89' lang='lat' dir='ltr'>cum</span> <span class='ocrx_word' id='word_1_20' title='bbox 744 312 808 333; x_wconf 91' lang='lat' dir='ltr'>non</span> <span class='ocrx_word' id='word_1_21' title='bbox 823 302 862 331; x_wconf 86' lang='lat' dir='ltr'>sit</span> <span class='ocrx_word' id='word_1_22' title='bbox 875 301 957 331; x_wconf 83' lang='lat' dir='ltr'>circa</span> 
     </span>
     <span class='ocr_line' id='line_1_4' title="bbox 186 355 957 397; baseline -0.005 -10"><span class='ocrx_word' id='word_1_23' title='bbox 186 357 307 388; x_wconf 90' lang='lat' dir='ltr'>bonum</span> <span class='ocrx_word' id='word_1_24' title='bbox 334 359 495 389; x_wconf 82' lang='lat' dir='ltr'>creatum:</span> <span class='ocrx_word' id='word_1_25' title='bbox 522 367 599 397; x_wconf 82' lang='lat' dir='ltr'>ergo</span> <span class='ocrx_word' id='word_1_26' title='bbox 621 366 684 388; x_wconf 87' lang='lat' dir='ltr'>non</span> <span class='ocrx_word' id='word_1_27' title='bbox 709 358 756 387; x_wconf 88' lang='lat' dir='ltr'>est</span> <span class='ocrx_word' id='word_1_28' title='bbox 779 355 813 385; x_wconf 92' lang='lat' dir='ltr'>in</span> <span class='ocrx_word' id='word_1_29' title='bbox 839 363 957 393; x_wconf 87' lang='lat' dir='ltr'>genere</span> 
     </span>
     <span class='ocr_line' id='line_1_5' title="bbox 186 410 324 441; baseline 0.007 -1"><span class='ocrx_word' id='word_1_30' title='bbox 186 410 324 441; x_wconf 77' lang='lat' dir='ltr'>virtutis,</span> 
     </span>
    </p>

    <p class='ocr_par' dir='ltr' id='par_1_3' title="bbox 185 461 961 869">
     <span class='ocr_line' id='line_1_6' title="bbox 225 461 958 504; baseline -0.005 -10"><span class='ocrx_word' id='word_1_31' title='bbox 225 466 255 494; x_wconf 71' lang='lat'>4.</span> <span class='ocrx_word' id='word_1_32' title='bbox 273 463 362 501; x_wconf 85' lang='lat' dir='ltr'>Item,</span> <span class='ocrx_word' id='word_1_33' title='bbox 378 464 507 504; x_wconf 88' lang='lat' dir='ltr'>quando</span> <span class='ocrx_word' id='word_1_34' title='bbox 520 473 605 495; x_wconf 86' lang='lat' dir='ltr'>unus</span> <span class='ocrx_word' id='word_1_35' title='bbox 616 463 784 494; x_wconf 68' lang='lat' dir='ltr'>haereticus</span> <span class='ocrx_word' id='word_1_36' title='bbox 796 461 893 493; x_wconf 88' lang='lat' dir='ltr'>credit</span> <span class='ocrx_word' id='word_1_37' title='bbox 907 461 958 491; x_wconf 87' lang='lat' dir='ltr'>de-</span> 
     </span>
     <span class='ocr_line' id='line_1_7' title="bbox 186 516 959 556; baseline -0.003 -10"><span class='ocrx_word' id='word_1_38' title='bbox 186 525 254 547; x_wconf 88' lang='lat' dir='ltr'>cem</span> <span class='ocrx_word' id='word_1_39' title='bbox 269 517 419 548; x_wconf 82' lang='lat' dir='ltr'>articulos</span> <span class='ocrx_word' id='word_1_40' title='bbox 433 518 519 556; x_wconf 79' lang='lat' dir='ltr'>fidei,</span> <span class='ocrx_word' id='word_1_41' title='bbox 536 519 565 548; x_wconf 91' lang='lat' dir='ltr'>et</span> <span class='ocrx_word' id='word_1_42' title='bbox 580 518 656 549; x_wconf 86' lang='lat' dir='ltr'>alios</span> <span class='ocrx_word' id='word_1_43' title='bbox 669 516 826 554; x_wconf 78' lang='lat' dir='ltr'>discredit⁷</span> <span class='ocrx_word' id='word_1_44' title='bbox 843 524 959 555; x_wconf 88' lang='lat' dir='ltr'>quam-</span> 
     </span>
     <span class='ocr_line' id='line_1_8' title="bbox 185 570 960 611; baseline -0.004 -10"><span class='ocrx_word' id='word_1_45' title='bbox 185 570 234 601; x_wconf 88' lang='lat' dir='ltr'>vis</span> <span class='ocrx_word' id='word_1_46' title='bbox 256 570 300 600; x_wconf 92' lang='lat' dir='ltr'>illi</span> <span class='ocrx_word' id='word_1_47' title='bbox 322 571 447 602; x_wconf 79' lang='lat' dir='ltr'>articuli</span> <span class='ocrx_word' id='word_1_48' title='bbox 467 571 530 602; x_wconf 88' lang='lat' dir='ltr'>sint</span> <span class='ocrx_word' id='word_1_49' title='bbox 551 580 649 611; x_wconf 87' lang='lat' dir='ltr'>supra</span> <span class='ocrx_word' id='word_1_50' title='bbox 668 570 837 607; x_wconf 85' lang='lat' dir='ltr'>rationem,</span> <span class='ocrx_word' id='word_1_51' title='bbox 852 570 960 599; x_wconf 84' lang='lat' dir='ltr'>tamen</span> 
     </span>
     <span class='ocr_line' id='line_1_9' title="bbox 186 622 960 663; baseline -0.003 -10"><span class='ocrx_word' id='word_1_52' title='bbox 186 623 280 662; x_wconf 86' lang='lat' dir='ltr'>fides,</span> <span class='ocrx_word' id='word_1_53' title='bbox 305 632 369 663; x_wconf 87' lang='lat' dir='ltr'>qua</span> <span class='ocrx_word' id='word_1_54' title='bbox 395 624 493 655; x_wconf 87' lang='lat' dir='ltr'>credit</span> <span class='ocrx_word' id='word_1_55' title='bbox 514 625 602 661; x_wconf 79' lang='lat' dir='ltr'>illos,</span> <span class='ocrx_word' id='word_1_56' title='bbox 624 634 688 655; x_wconf 90' lang='lat' dir='ltr'>non</span> <span class='ocrx_word' id='word_1_57' title='bbox 712 623 830 654; x_wconf 89' lang='lat' dir='ltr'>dicitur</span> <span class='ocrx_word' id='word_1_58' title='bbox 857 622 960 653; x_wconf 88' lang='lat' dir='ltr'>virtus</span> 
     </span>
     <span class='ocr_line' id='line_1_10' title="bbox 186 676 960 718; baseline -0.004 -10"><span class='ocrx_word' id='word_1_59' title='bbox 186 686 252 708; x_wconf 87' lang='lat' dir='ltr'>esse</span> <span class='ocrx_word' id='word_1_60' title='bbox 270 688 277 708; x_wconf 75' lang='grc' dir='ltr'>ε</span> <span class='ocrx_word' id='word_1_61' title='bbox 294 687 371 717; x_wconf 86' lang='lat' dir='ltr'>ergo</span> <span class='ocrx_word' id='word_1_62' title='bbox 386 678 411 708; x_wconf 90' lang='lat' dir='ltr'>si</span> <span class='ocrx_word' id='word_1_63' title='bbox 422 678 532 709; x_wconf 85' lang='lat' dir='ltr'>eadem</span> <span class='ocrx_word' id='word_1_64' title='bbox 547 678 619 716; x_wconf 88' lang='lat' dir='ltr'>fide,</span> <span class='ocrx_word' id='word_1_65' title='bbox 634 687 698 718; x_wconf 86' lang='lat' dir='ltr'>qua</span> <span class='ocrx_word' id='word_1_66' title='bbox 714 678 888 709; x_wconf 90' lang='lat' dir='ltr'>creduntur</span> <span class='ocrx_word' id='word_1_67' title='bbox 902 676 960 706; x_wconf 91' lang='lat' dir='ltr'>de-</span> 
     </span>
     <span class='ocr_line' id='line_1_11' title="bbox 187 729 959 771; baseline -0.001 -10"><span class='ocrx_word' id='word_1_68' title='bbox 187 740 254 761; x_wconf 89' lang='lat' dir='ltr'>cem</span> <span class='ocrx_word' id='word_1_69' title='bbox 279 731 417 769; x_wconf 79' lang='lat' dir='ltr'>articuli,</span> <span class='ocrx_word' id='word_1_70' title='bbox 435 733 566 771; x_wconf 78' lang='lat' dir='ltr'>possunt</span> <span class='ocrx_word' id='word_1_71' title='bbox 579 733 610 761; x_wconf 88' lang='lat' dir='ltr'>et</span> <span class='ocrx_word' id='word_1_72' title='bbox 626 740 736 761; x_wconf 89' lang='lat' dir='ltr'>omnes</span> <span class='ocrx_word' id='word_1_73' title='bbox 754 730 853 768; x_wconf 87' lang='lat' dir='ltr'>credi,</span> <span class='ocrx_word' id='word_1_74' title='bbox 872 729 959 761; x_wconf 88' lang='lat' dir='ltr'>vide-</span> 
     </span>
     <span class='ocr_line' id='line_1_12' title="bbox 186 783 961 825; baseline -0.004 -10"><span class='ocrx_word' id='word_1_75' title='bbox 186 787 240 815; x_wconf 88' lang='lat' dir='ltr'>tur</span> <span class='ocrx_word' id='word_1_76' title='bbox 259 785 342 825; x_wconf 90' lang='lat' dir='ltr'>quod</span> <span class='ocrx_word' id='word_1_77' title='bbox 367 785 445 815; x_wconf 89' lang='lat' dir='ltr'>fides</span> <span class='ocrx_word' id='word_1_78' title='bbox 462 784 606 815; x_wconf 82' lang='lat' dir='ltr'>informis</span> <span class='ocrx_word' id='word_1_79' title='bbox 624 785 657 814; x_wconf 92' lang='lat' dir='ltr'>in</span> <span class='ocrx_word' id='word_1_80' title='bbox 672 784 764 814; x_wconf 77' lang='lat' dir='ltr'>malis</span> <span class='ocrx_word' id='word_1_81' title='bbox 778 783 961 814; x_wconf 85' lang='lat' dir='ltr'>Christianis</span> 
     </span>
     <span class='ocr_line' id='line_1_13' title="bbox 186 837 824 869; baseline 0 -1"><span class='ocrx_word' id='word_1_82' title='bbox 186 838 275 869; x_wconf 89' lang='lat' dir='ltr'>nullo</span> <span class='ocrx_word' id='word_1_83' title='bbox 290 839 382 869; x_wconf 90' lang='lat' dir='ltr'>modo</span> <span class='ocrx_word' id='word_1_84' title='bbox 396 840 499 869; x_wconf 81' lang='lat' dir='ltr'>teneat</span> <span class='ocrx_word' id='word_1_85' title='bbox 514 839 669 869; x_wconf 83' lang='lat' dir='ltr'>rationem</span> <span class='ocrx_word' id='word_1_86' title='bbox 685 837 824 869; x_wconf 82' lang='lat' dir='ltr'>virtutis.</span> 
     </span>
    </p>

    <p class='ocr_par' dir='ltr' id='par_1_4' title="bbox 184 891 965 1468">
     <span class='ocr_line' id='line_1_14' title="bbox 231 891 963 932; baseline -0.003 -9"><span class='ocrx_word' id='word_1_87' title='bbox 231 894 259 923; x_wconf 85' lang='lat'>5.</span> <span class='ocrx_word' id='word_1_88' title='bbox 283 892 361 924; x_wconf 86' lang='lat' dir='ltr'>Item</span> <span class='ocrx_word' id='word_1_89' title='bbox 385 902 459 923; x_wconf 90' lang='lat' dir='ltr'>cum</span> <span class='ocrx_word' id='word_1_90' title='bbox 479 892 653 932; x_wconf 88' lang='lat' dir='ltr'>discipulus</span> <span class='ocrx_word' id='word_1_91' title='bbox 675 892 773 923; x_wconf 87' lang='lat' dir='ltr'>credit</span> <span class='ocrx_word' id='word_1_92' title='bbox 787 894 818 922; x_wconf 89' lang='lat' dir='ltr'>et</span> <span class='ocrx_word' id='word_1_93' title='bbox 831 891 963 922; x_wconf 88' lang='lat' dir='ltr'>assentit</span> 
     </span>
     <span class='ocr_line' id='line_1_15' title="bbox 187 945 963 986; baseline -0.003 -10"><span class='ocrx_word' id='word_1_94' title='bbox 187 945 341 985; x_wconf 86' lang='lat' dir='ltr'>magistro</span> <span class='ocrx_word' id='word_1_95' title='bbox 363 946 396 976; x_wconf 88' lang='lat' dir='ltr'>in</span> <span class='ocrx_word' id='word_1_96' title='bbox 417 946 482 984; x_wconf 88' lang='lat' dir='ltr'>his,</span> <span class='ocrx_word' id='word_1_97' title='bbox 499 954 572 986; x_wconf 80' lang='lat' dir='ltr'>quae</span> <span class='ocrx_word' id='word_1_98' title='bbox 594 945 652 975; x_wconf 87' lang='lat' dir='ltr'>sibi</span> <span class='ocrx_word' id='word_1_99' title='bbox 670 954 734 976; x_wconf 89' lang='lat' dir='ltr'>non</span> <span class='ocrx_word' id='word_1_100' title='bbox 754 945 915 981; x_wconf 88' lang='lat' dir='ltr'>videntur,</span> <span class='ocrx_word' id='word_1_101' title='bbox 932 946 963 975; x_wconf 83' lang='lat' dir='ltr'>et</span> 
     </span>
     <span class='ocr_line' id='line_1_16' title="bbox 186 997 962 1039; baseline 0 -11"><span class='ocrx_word' id='word_1_102' title='bbox 186 1000 262 1029; x_wconf 88' lang='lat' dir='ltr'>sunt</span> <span class='ocrx_word' id='word_1_103' title='bbox 281 1008 380 1039; x_wconf 88' lang='lat' dir='ltr'>supra</span> <span class='ocrx_word' id='word_1_104' title='bbox 399 1008 494 1030; x_wconf 91' lang='lat' dir='ltr'>suum</span> <span class='ocrx_word' id='word_1_105' title='bbox 512 999 708 1029; x_wconf 82' lang='lat' dir='ltr'>intellectum</span> <span class='ocrx_word' id='word_1_106' title='bbox 722 1023 730 1037; x_wconf 79' lang='lat'>‚</span> <span class='ocrx_word' id='word_1_107' title='bbox 749 997 896 1038; x_wconf 83' lang='lat' dir='ltr'>quamvis</span> <span class='ocrx_word' id='word_1_108' title='bbox 911 1007 962 1028; x_wconf 83' lang='lat' dir='ltr'>as-</span> 
     </span>
     <span class='ocr_line' id='line_1_17' title="bbox 187 1052 962 1093; baseline -0.001 -11"><span class='ocrx_word' id='word_1_109' title='bbox 187 1052 300 1083; x_wconf 85' lang='lat' dir='ltr'>sentiat</span> <span class='ocrx_word' id='word_1_110' title='bbox 325 1053 358 1083; x_wconf 89' lang='lat' dir='ltr'>in</span> <span class='ocrx_word' id='word_1_111' title='bbox 379 1053 439 1092; x_wconf 87' lang='lat' dir='ltr'>his,</span> <span class='ocrx_word' id='word_1_112' title='bbox 457 1062 531 1093; x_wconf 85' lang='lat' dir='ltr'>quae</span> <span class='ocrx_word' id='word_1_113' title='bbox 549 1055 624 1083; x_wconf 89' lang='lat' dir='ltr'>sunt</span> <span class='ocrx_word' id='word_1_114' title='bbox 643 1062 741 1092; x_wconf 86' lang='lat' dir='ltr'>supra</span> <span class='ocrx_word' id='word_1_115' title='bbox 760 1061 809 1090; x_wconf 79' lang='lat' dir='ltr'>se,</span> <span class='ocrx_word' id='word_1_116' title='bbox 827 1061 891 1082; x_wconf 93' lang='lat' dir='ltr'>non</span> <span class='ocrx_word' id='word_1_117' title='bbox 914 1053 962 1082; x_wconf 86' lang='lat' dir='ltr'>ta-</span> 
     </span>
     <span class='ocr_line' id='line_1_18' title="bbox 188 1105 963 1144; baseline 0 -9"><span class='ocrx_word' id='word_1_118' title='bbox 188 1115 262 1136; x_wconf 86' lang='lat' dir='ltr'>men</span> <span class='ocrx_word' id='word_1_119' title='bbox 277 1106 330 1136; x_wconf 86' lang='lat' dir='ltr'>illa</span> <span class='ocrx_word' id='word_1_120' title='bbox 345 1106 513 1137; x_wconf 77' lang='lat' dir='ltr'>credulitas</span> <span class='ocrx_word' id='word_1_121' title='bbox 534 1106 649 1138; x_wconf 89' lang='lat' dir='ltr'>dicitur</span> <span class='ocrx_word' id='word_1_122' title='bbox 664 1115 731 1137; x_wconf 81' lang='lat' dir='ltr'>esse</span> <span class='ocrx_word' id='word_1_123' title='bbox 747 1105 849 1137; x_wconf 87' lang='lat' dir='ltr'>virtus</span> <span class='ocrx_word' id='word_1_124' title='bbox 863 1116 869 1135; x_wconf 79' lang='lat' dir='ltr'><em>z</em></span> <span class='ocrx_word' id='word_1_125' title='bbox 885 1113 963 1144; x_wconf 85' lang='lat' dir='ltr'>ergo</span> 
     </span>
     <span class='ocr_line' id='line_1_19' title="bbox 190 1158 964 1200; baseline -0.003 -11"><span class='ocrx_word' id='word_1_126' title='bbox 190 1159 257 1199; x_wconf 86' lang='lat' dir='ltr'>pari</span> <span class='ocrx_word' id='word_1_127' title='bbox 280 1160 403 1191; x_wconf 83' lang='lat' dir='ltr'>ratione</span> <span class='ocrx_word' id='word_1_128' title='bbox 424 1160 569 1197; x_wconf 74' lang='lat' dir='ltr'>videtur,</span> <span class='ocrx_word' id='word_1_129' title='bbox 586 1160 671 1200; x_wconf 89' lang='lat' dir='ltr'>quod</span> <span class='ocrx_word' id='word_1_130' title='bbox 686 1160 783 1190; x_wconf 88' lang='lat' dir='ltr'>bomo</span> <span class='ocrx_word' id='word_1_131' title='bbox 802 1158 964 1189; x_wconf 77' lang='grc' dir='ltr'>11011111ᾶί-</span> 
     </span>
     <span class='ocr_line' id='line_1_20' title="bbox 190 1211 963 1253; baseline -0.001 -10"><span class='ocrx_word' id='word_1_132' title='bbox 190 1215 265 1251; x_wconf 83' lang='lat' dir='ltr'>geat</span> <span class='ocrx_word' id='word_1_133' title='bbox 278 1213 386 1253; x_wconf 86' lang='lat' dir='ltr'>aliqua</span> <span class='ocrx_word' id='word_1_134' title='bbox 397 1213 516 1245; x_wconf 84' lang='lat' dir='ltr'>virtute</span> <span class='ocrx_word' id='word_1_135' title='bbox 531 1214 570 1244; x_wconf 89' lang='lat' dir='ltr'>ad</span> <span class='ocrx_word' id='word_1_136' title='bbox 586 1214 657 1252; x_wconf 81' lang='lat' dir='ltr'>hoe,</span> <span class='ocrx_word' id='word_1_137' title='bbox 674 1213 758 1253; x_wconf 86' lang='lat' dir='ltr'>quod</span> <span class='ocrx_word' id='word_1_138' title='bbox 770 1213 834 1252; x_wconf 91' lang='lat' dir='ltr'>ipse</span> <span class='ocrx_word' id='word_1_139' title='bbox 850 1211 963 1252; x_wconf 79' lang='lat' dir='ltr'>primae</span> 
     </span>
     <span class='ocr_line' id='line_1_21' title="bbox 187 1264 964 1298; baseline -0.003 -2"><span class='ocrx_word' id='word_1_140' title='bbox 187 1265 313 1296; x_wconf 82' lang='lat' dir='ltr'>veritati</span> <span class='ocrx_word' id='word_1_141' title='bbox 330 1266 479 1297; x_wconf 86' lang='lat' dir='ltr'>assentiat</span> <span class='ocrx_word' id='word_1_142' title='bbox 503 1277 509 1298; x_wconf 90' lang='lat'>:</span> <span class='ocrx_word' id='word_1_143' title='bbox 533 1266 587 1297; x_wconf 90' lang='lat' dir='ltr'>sed</span> <span class='ocrx_word' id='word_1_144' title='bbox 607 1266 686 1296; x_wconf 88' lang='lat' dir='ltr'>fides</span> <span class='ocrx_word' id='word_1_145' title='bbox 709 1265 855 1296; x_wconf 87' lang='lat' dir='ltr'>informis</span> <span class='ocrx_word' id='word_1_146' title='bbox 882 1264 964 1295; x_wconf 88' lang='lat' dir='ltr'>nihil</span> 
     </span>
     <span class='ocr_line' id='line_1_22' title="bbox 184 1318 965 1360; baseline -0.001 -10"><span class='ocrx_word' id='word_1_147' title='bbox 184 1319 269 1350; x_wconf 88' lang='lat' dir='ltr'>aliud</span> <span class='ocrx_word' id='word_1_148' title='bbox 289 1320 378 1358; x_wconf 80' lang='lat' dir='ltr'>facit,</span> <span class='ocrx_word' id='word_1_149' title='bbox 395 1320 456 1350; x_wconf 89' lang='lat' dir='ltr'>nisi</span> <span class='ocrx_word' id='word_1_150' title='bbox 475 1320 558 1360; x_wconf 87' lang='lat' dir='ltr'>quod</span> <span class='ocrx_word' id='word_1_151' title='bbox 585 1319 661 1351; x_wconf 82' lang='lat' dir='ltr'>facit</span> <span class='ocrx_word' id='word_1_152' title='bbox 679 1319 833 1350; x_wconf 88' lang='lat' dir='ltr'>assentire</span> <span class='ocrx_word' id='word_1_153' title='bbox 852 1318 965 1359; x_wconf 80' lang='lat' dir='ltr'>primae</span> 
     </span>
     <span class='ocr_line' id='line_1_23' title="bbox 187 1373 965 1415; baseline -0.003 -10"><span class='ocrx_word' id='word_1_154' title='bbox 187 1375 312 1405; x_wconf 90' lang='lat' dir='ltr'>veritati</span> <span class='ocrx_word' id='word_1_155' title='bbox 336 1377 465 1415; x_wconf 87' lang='lat' dir='ltr'>propter</span> <span class='ocrx_word' id='word_1_156' title='bbox 490 1384 542 1413; x_wconf 80' lang='lat' dir='ltr'>se,</span> <span class='ocrx_word' id='word_1_157' title='bbox 567 1376 597 1405; x_wconf 89' lang='lat' dir='ltr'>et</span> <span class='ocrx_word' id='word_1_158' title='bbox 621 1383 716 1414; x_wconf 88' lang='lat' dir='ltr'>super</span> <span class='ocrx_word' id='word_1_159' title='bbox 738 1373 869 1404; x_wconf 79' lang='lat' dir='ltr'>omnia:</span> <span class='ocrx_word' id='word_1_160' title='bbox 887 1382 965 1413; x_wconf 81' lang='lat' dir='ltr'>ergo</span> 
     </span>
     <span class='ocr_line' id='line_1_24' title="bbox 190 1426 963 1468; baseline -0.004 -9"><span class='ocrx_word' id='word_1_161' title='bbox 190 1428 317 1459; x_wconf 88' lang='lat' dir='ltr'>videtur</span> <span class='ocrx_word' id='word_1_162' title='bbox 340 1428 425 1468; x_wconf 88' lang='lat' dir='ltr'>quod</span> <span class='ocrx_word' id='word_1_163' title='bbox 445 1428 523 1459; x_wconf 90' lang='lat' dir='ltr'>fides</span> <span class='ocrx_word' id='word_1_164' title='bbox 546 1427 691 1458; x_wconf 83' lang='lat' dir='ltr'>informis</span> <span class='ocrx_word' id='word_1_165' title='bbox 708 1436 772 1458; x_wconf 91' lang='lat' dir='ltr'>non</span> <span class='ocrx_word' id='word_1_166' title='bbox 794 1426 834 1457; x_wconf 89' lang='lat' dir='ltr'>sit</span> <span class='ocrx_word' id='word_1_167' title='bbox 849 1426 963 1457; x_wconf 88' lang='lat' dir='ltr'>virtus.</span> 
     </span>
    </p>
   </div>
   <div class='ocr_carea' id='block_1_3' title="bbox 465 1533 691 1565">
    <p class='ocr_par' dir='ltr' id='par_1_5' title="bbox 465 1533 691 1565">
     <span class='ocr_line' id='line_1_25' title="bbox 465 1533 691 1565; baseline -0.004 0"><span class='ocrx_word' id='word_1_168' title='bbox 465 1533 691 1565; x_wconf 85' lang='lat' dir='ltr'><strong>CONCLUSIO.</strong></span> 
     </span>
    </p>
   </div>
   <div class='ocr_carea' id='block_1_4' title="bbox 192 1600 968 1770">
    <p class='ocr_par' dir='ltr' id='par_1_6' title="bbox 192 1600 968 1770">
     <span class='ocr_line' id='line_1_26' title="bbox 192 1600 967 1636; baseline -0.005 -6"><span class='ocrx_word' id='word_1_169' title='bbox 192 1603 268 1631; x_wconf 82' lang='lat' dir='ltr'>Fides</span> <span class='ocrx_word' id='word_1_170' title='bbox 285 1603 412 1636; x_wconf 74' lang='lat' dir='ltr'>informis</span> <span class='ocrx_word' id='word_1_171' title='bbox 437 1604 473 1629; x_wconf 79' lang='lat' dir='ltr'>est</span> <span class='ocrx_word' id='word_1_172' title='bbox 497 1603 527 1628; x_wconf 77' lang='lat' dir='ltr'>in</span> <span class='ocrx_word' id='word_1_173' title='bbox 550 1609 642 1635; x_wconf 65' lang='lat' dir='ltr'>genere</span> <span class='ocrx_word' id='word_1_174' title='bbox 662 1601 794 1634; x_wconf 76' lang='lat' dir='ltr'>virtutis,</span> <span class='ocrx_word' id='word_1_175' title='bbox 826 1600 967 1627; x_wconf 75' lang='lat' dir='ltr'>secundam</span> 
     </span>
     <span class='ocr_line' id='line_1_27' title="bbox 228 1645 967 1683; baseline -0.007 -8"><span class='ocrx_word' id='word_1_176' title='bbox 228 1647 297 1683; x_wconf 76' lang='lat' dir='ltr'>quod</span> <span class='ocrx_word' id='word_1_177' title='bbox 314 1649 402 1674; x_wconf 77' lang='lat' dir='ltr'>virtus</span> <span class='ocrx_word' id='word_1_178' title='bbox 420 1647 486 1673; x_wconf 71' lang='lat' dir='ltr'>dicit</span> <span class='ocrx_word' id='word_1_179' title='bbox 500 1646 623 1673; x_wconf 74' lang='lat' dir='ltr'>habitum</span> <span class='ocrx_word' id='word_1_180' title='bbox 637 1646 828 1679; x_wconf 71' lang='lat' dir='ltr'>rectificantem</span> <span class='ocrx_word' id='word_1_181' title='bbox 851 1647 875 1671; x_wconf 77' lang='lat' dir='ltr'>et</span> <span class='ocrx_word' id='word_1_182' title='bbox 890 1645 967 1678; x_wconf 69' lang='lat' dir='ltr'>viqu-</span> 
     </span>
     <span class='ocr_line' id='line_1_28' title="bbox 226 1690 968 1727; baseline -0.007 -7"><span class='ocrx_word' id='word_1_183' title='bbox 226 1695 332 1720; x_wconf 77' lang='lat' dir='ltr'>rantem</span> <span class='ocrx_word' id='word_1_184' title='bbox 354 1693 531 1727; x_wconf 71' lang='lat' dir='ltr'>poterztt‘am3</span> <span class='ocrx_word' id='word_1_185' title='bbox 553 1698 605 1717; x_wconf 79' lang='lat' dir='ltr'>non</span> <span class='ocrx_word' id='word_1_186' title='bbox 625 1692 713 1717; x_wconf 79' lang='lat' dir='ltr'>autem</span> <span class='ocrx_word' id='word_1_187' title='bbox 735 1691 767 1716; x_wconf 78' lang='lat' dir='ltr'>ut</span> <span class='ocrx_word' id='word_1_188' title='bbox 791 1690 900 1724; x_wconf 77' lang='lat' dir='ltr'>capitur</span> <span class='ocrx_word' id='word_1_189' title='bbox 917 1697 968 1724; x_wconf 78' lang='lat' dir='ltr'>pro</span> 
     </span>
     <span class='ocr_line' id='line_1_29' title="bbox 225 1736 630 1770; baseline -0.007 -6"><span class='ocrx_word' id='word_1_190' title='bbox 225 1738 326 1764; x_wconf 78' lang='lat' dir='ltr'>virtute</span> <span class='ocrx_word' id='word_1_191' title='bbox 340 1737 481 1763; x_wconf 70' lang='lat' dir='ltr'>meritoria</span> <span class='ocrx_word' id='word_1_192' title='bbox 495 1736 630 1770; x_wconf 65' lang='lat' dir='ltr'>gratuita.</span> 
     </span>
    </p>
   </div>
   <div class='ocr_carea' id='block_1_5' title="bbox 185 1802 974 2704">
    <p class='ocr_par' dir='ltr' id='par_1_7' title="bbox 185 1802 974 2704">
     <span class='ocr_line' id='line_1_30' title="bbox 231 1802 969 1846; baseline -0.005 -10"><span class='ocrx_word' id='word_1_193' title='bbox 231 1805 323 1846; x_wconf 88' lang='lat' dir='ltr'>Resp.</span> <span class='ocrx_word' id='word_1_194' title='bbox 339 1805 387 1836; x_wconf 86' lang='lat' dir='ltr'>Ad</span> <span class='ocrx_word' id='word_1_195' title='bbox 402 1814 473 1844; x_wconf 89' lang='lat' dir='ltr'>arg.</span> <span class='ocrx_word' id='word_1_196' title='bbox 488 1804 662 1835; x_wconf 80' lang='lat' dir='ltr'>Dicendum</span> <span class='ocrx_word' id='word_1_197' title='bbox 678 1803 762 1843; x_wconf 87' lang='lat' dir='ltr'>quod</span> <span class='ocrx_word' id='word_1_198' title='bbox 778 1803 882 1834; x_wconf 89' lang='lat' dir='ltr'>virtus</span> <span class='ocrx_word' id='word_1_199' title='bbox 905 1802 969 1832; x_wconf 91' lang='lat' dir='ltr'>du—</span> 
     </span>
     <span class='ocr_line' id='line_1_31' title="bbox 191 1856 970 1900; baseline -0.005 -10"><span class='ocrx_word' id='word_1_200' title='bbox 191 1859 313 1900; x_wconf 86' lang='lat' dir='ltr'>pliciter</span> <span class='ocrx_word' id='word_1_201' title='bbox 335 1859 502 1890; x_wconf 84' lang='lat' dir='ltr'>consuevit</span> <span class='ocrx_word' id='word_1_202' title='bbox 522 1857 633 1898; x_wconf 84' lang='lat' dir='ltr'>accipi,</span> <span class='ocrx_word' id='word_1_203' title='bbox 654 1866 728 1888; x_wconf 87' lang='lat' dir='ltr'>cum</span> <span class='ocrx_word' id='word_1_204' title='bbox 750 1856 886 1887; x_wconf 80' lang='lat' dir='ltr'>dicimus</span> <span class='ocrx_word' id='word_1_205' title='bbox 910 1856 970 1886; x_wconf 89' lang='lat' dir='ltr'>ali-</span> 
     </span>
     <span class='ocr_line' id='line_1_32' title="bbox 191 1910 970 1953; baseline -0.005 -9"><span class='ocrx_word' id='word_1_206' title='bbox 191 1922 287 1953; x_wconf 88' lang='lat' dir='ltr'>quem</span> <span class='ocrx_word' id='word_1_207' title='bbox 298 1913 444 1943; x_wconf 86' lang='lat' dir='ltr'>habitum</span> <span class='ocrx_word' id='word_1_208' title='bbox 462 1921 529 1943; x_wconf 89' lang='lat' dir='ltr'>esse</span> <span class='ocrx_word' id='word_1_209' title='bbox 542 1911 696 1942; x_wconf 82' lang='lat' dir='ltr'>virtutem</span> <span class='ocrx_word' id='word_1_210' title='bbox 715 1922 722 1942; x_wconf 87' lang='lat'>:</span> <span class='ocrx_word' id='word_1_211' title='bbox 738 1910 865 1951; x_wconf 87' lang='lat' dir='ltr'>proprie</span> <span class='ocrx_word' id='word_1_212' title='bbox 881 1910 970 1941; x_wconf 92' lang='lat' dir='ltr'>vide-</span> 
     </span>
     <span class='ocr_line' id='line_1_33' title="bbox 191 1963 970 2005; baseline -0.005 -8"><span class='ocrx_word' id='word_1_213' title='bbox 191 1966 274 2005; x_wconf 87' lang='lat' dir='ltr'>licet,</span> <span class='ocrx_word' id='word_1_214' title='bbox 290 1969 321 1997; x_wconf 90' lang='lat' dir='ltr'>et</span> <span class='ocrx_word' id='word_1_215' title='bbox 335 1965 559 1997; x_wconf 90' lang='lat' dir='ltr'>communiter.</span> <span class='ocrx_word' id='word_1_216' title='bbox 578 1964 710 2004; x_wconf 89' lang='lat' dir='ltr'>Proprie</span> <span class='ocrx_word' id='word_1_217' title='bbox 733 1973 874 2004; x_wconf 82' lang='lat' dir='ltr'>namque</span> <span class='ocrx_word' id='word_1_218' title='bbox 888 1963 970 1994; x_wconf 84' lang='lat' dir='ltr'>dici-</span> 
     </span>
     <span class='ocr_line' id='line_1_34' title="bbox 192 2018 968 2058; baseline -0.004 -8"><span class='ocrx_word' id='word_1_219' title='bbox 192 2022 245 2050; x_wconf 87' lang='lat' dir='ltr'>tur</span> <span class='ocrx_word' id='word_1_220' title='bbox 259 2021 365 2052; x_wconf 81' lang='lat' dir='ltr'>virtus</span> <span class='ocrx_word' id='word_1_221' title='bbox 381 2022 465 2051; x_wconf 85' lang='lat' dir='ltr'>recta</span> <span class='ocrx_word' id='word_1_222' title='bbox 489 2019 570 2050; x_wconf 86' lang='lat' dir='ltr'>ratio</span> <span class='ocrx_word' id='word_1_223' title='bbox 588 2018 768 2058; x_wconf 86' lang='lat' dir='ltr'>perducens</span> <span class='ocrx_word' id='word_1_224' title='bbox 787 2018 821 2047; x_wconf 91' lang='lat' dir='ltr'>in</span> <span class='ocrx_word' id='word_1_225' title='bbox 844 2018 943 2048; x_wconf 89' lang='lat' dir='ltr'>finem</span> <span class='ocrx_word' id='word_1_226' title='bbox 961 2027 968 2048; x_wconf 73' lang='grc' dir='ltr'><strong>ι</strong></span> 
     </span>
     <span class='ocr_line' id='line_1_35' title="bbox 193 2071 973 2112; baseline -0.005 -7"><span class='ocrx_word' id='word_1_227' title='bbox 193 2076 224 2104; x_wconf 86' lang='grc'>61</span> <span class='ocrx_word' id='word_1_228' title='bbox 244 2074 305 2105; x_wconf 91' lang='grc'>1100</span> <span class='ocrx_word' id='word_1_229' title='bbox 332 2074 427 2105; x_wconf 85' lang='grc' dir='ltr'>1110ᾶο</span> <span class='ocrx_word' id='word_1_230' title='bbox 451 2073 554 2104; x_wconf 80' lang='lat' dir='ltr'>virtus</span> <span class='ocrx_word' id='word_1_231' title='bbox 575 2073 621 2103; x_wconf 88' lang='lat' dir='ltr'>est</span> <span class='ocrx_word' id='word_1_232' title='bbox 646 2071 839 2112; x_wconf 85' lang='lat' dir='ltr'>principium</span> <span class='ocrx_word' id='word_1_233' title='bbox 869 2071 973 2111; x_wconf 88' lang='lat' dir='ltr'>operis</span> 
     </span>
     <span class='ocr_line' id='line_1_36' title="bbox 194 2125 972 2159; baseline -0.004 0"><span class='ocrx_word' id='word_1_234' title='bbox 194 2128 347 2159; x_wconf 88' lang='lat' dir='ltr'>meritorii</span> <span class='ocrx_word' id='word_1_235' title='bbox 364 2137 371 2159; x_wconf 93' lang='lat'><strong>:</strong></span> <span class='ocrx_word' id='word_1_236' title='bbox 389 2130 419 2159; x_wconf 91' lang='lat' dir='ltr'>et</span> <span class='ocrx_word' id='word_1_237' title='bbox 435 2127 549 2158; x_wconf 89' lang='lat' dir='ltr'>dicitur</span> <span class='ocrx_word' id='word_1_238' title='bbox 571 2126 774 2157; x_wconf 83' lang='lat' dir='ltr'>solummodo</span> <span class='ocrx_word' id='word_1_239' title='bbox 796 2126 834 2157; x_wconf 87' lang='lat' dir='ltr'>de</span> <span class='ocrx_word' id='word_1_240' title='bbox 859 2125 972 2156; x_wconf 89' lang='lat' dir='ltr'>habitu</span> 
     </span>
     <span class='ocr_line' id='line_1_37' title="bbox 195 2179 972 2222; baseline -0.005 -9"><span class='ocrx_word' id='word_1_241' title='bbox 195 2183 299 2222; x_wconf 82' lang='lat' dir='ltr'>gratia</span> <span class='ocrx_word' id='word_1_242' title='bbox 314 2182 496 2218; x_wconf 84' lang='lat' dir='ltr'>informato,</span> <span class='ocrx_word' id='word_1_243' title='bbox 504 2181 570 2212; x_wconf 89' lang='lat' dir='ltr'>sine</span> <span class='ocrx_word' id='word_1_244' title='bbox 580 2189 644 2220; x_wconf 89' lang='lat' dir='ltr'>quo</span> <span class='ocrx_word' id='word_1_245' title='bbox 662 2189 726 2210; x_wconf 92' lang='lat' dir='ltr'>non</span> <span class='ocrx_word' id='word_1_246' title='bbox 737 2179 894 2218; x_wconf 88' lang='lat' dir='ltr'>contingit</span> <span class='ocrx_word' id='word_1_247' title='bbox 905 2188 972 2219; x_wconf 89' lang='lat' dir='ltr'>per-</span> 
     </span>
     <span class='ocr_line' id='line_1_38' title="bbox 194 2232 973 2274; baseline -0.006 -7"><span class='ocrx_word' id='word_1_248' title='bbox 194 2236 304 2267; x_wconf 87' lang='lat' dir='ltr'>venire</span> <span class='ocrx_word' id='word_1_249' title='bbox 318 2235 357 2266; x_wconf 87' lang='lat' dir='ltr'>ad</span> <span class='ocrx_word' id='word_1_250' title='bbox 379 2235 477 2265; x_wconf 90' lang='lat' dir='ltr'>finem</span> <span class='ocrx_word' id='word_1_251' title='bbox 493 2234 618 2274; x_wconf 81' lang='lat' dir='ltr'>gloriae.</span> <span class='ocrx_word' id='word_1_252' title='bbox 637 2233 709 2264; x_wconf 89' lang='lat' dir='ltr'>Alio</span> <span class='ocrx_word' id='word_1_253' title='bbox 733 2233 829 2263; x_wconf 90' lang='lat' dir='ltr'>modo</span> <span class='ocrx_word' id='word_1_254' title='bbox 858 2232 973 2263; x_wconf 90' lang='lat' dir='ltr'>dicitur</span> 
     </span>
     <span class='ocr_line' id='line_1_39' title="bbox 195 2286 974 2325; baseline -0.006 -4"><span class='ocrx_word' id='word_1_255' title='bbox 195 2290 299 2321; x_wconf 77' lang='lat' dir='ltr'>virtus</span> <span class='ocrx_word' id='word_1_256' title='bbox 313 2288 527 2320; x_wconf 85' lang='lat' dir='ltr'>communiter</span> <span class='ocrx_word' id='word_1_257' title='bbox 540 2287 667 2318; x_wconf 86' lang='lat' dir='ltr'>babitus</span> <span class='ocrx_word' id='word_1_258' title='bbox 678 2286 850 2317; x_wconf 81' lang='lat' dir='ltr'>rectificans</span> <span class='ocrx_word' id='word_1_259' title='bbox 865 2287 974 2325; x_wconf 90' lang='lat' dir='ltr'>poten-</span> 
     </span>
     <span class='ocr_line' id='line_1_40' title="bbox 194 2339 974 2384; baseline -0.006 -10"><span class='ocrx_word' id='word_1_260' title='bbox 194 2344 270 2374; x_wconf 90' lang='lat' dir='ltr'>tiam</span> <span class='ocrx_word' id='word_1_261' title='bbox 287 2343 395 2384; x_wconf 87' lang='lat' dir='ltr'>aliqua</span> <span class='ocrx_word' id='word_1_262' title='bbox 408 2341 596 2373; x_wconf 76' lang='lat' dir='ltr'>rectitudine</span> <span class='ocrx_word' id='word_1_263' title='bbox 612 2340 758 2381; x_wconf 69' lang='lat' dir='ltr'>justitiae,</span> <span class='ocrx_word' id='word_1_264' title='bbox 776 2341 808 2370; x_wconf 89' lang='lat' dir='ltr'>et</span> <span class='ocrx_word' id='word_1_265' title='bbox 819 2339 974 2379; x_wconf 87' lang='lat' dir='ltr'>vigorans</span> 
     </span>
     <span class='ocr_line' id='line_1_41' title="bbox 196 2392 974 2437; baseline -0.006 -9"><span class='ocrx_word' id='word_1_266' title='bbox 196 2406 267 2427; x_wconf 85' lang='lat' dir='ltr'>eam</span> <span class='ocrx_word' id='word_1_267' title='bbox 282 2397 365 2428; x_wconf 88' lang='lat' dir='ltr'>circa</span> <span class='ocrx_word' id='word_1_268' title='bbox 375 2405 455 2437; x_wconf 90' lang='lat' dir='ltr'>opus</span> <span class='ocrx_word' id='word_1_269' title='bbox 464 2395 602 2432; x_wconf 81' lang='lat' dir='ltr'>difficile,</span> <span class='ocrx_word' id='word_1_270' title='bbox 619 2393 768 2434; x_wconf 83' lang='lat' dir='ltr'>quamvis</span> <span class='ocrx_word' id='word_1_271' title='bbox 780 2402 846 2424; x_wconf 87' lang='lat' dir='ltr'>non</span> <span class='ocrx_word' id='word_1_272' title='bbox 862 2392 974 2433; x_wconf 89' lang='lat' dir='ltr'>perdu-</span> 
     </span>
     <span class='ocr_line' id='line_1_42' title="bbox 197 2446 973 2488; baseline -0.005 -8"><span class='ocrx_word' id='word_1_273' title='bbox 197 2452 246 2480; x_wconf 86' lang='lat' dir='ltr'>cat</span> <span class='ocrx_word' id='word_1_274' title='bbox 259 2459 329 2481; x_wconf 88' lang='lat' dir='ltr'>eam</span> <span class='ocrx_word' id='word_1_275' title='bbox 341 2451 375 2481; x_wconf 91' lang='lat' dir='ltr'>in</span> <span class='ocrx_word' id='word_1_276' title='bbox 386 2450 485 2481; x_wconf 90' lang='lat' dir='ltr'>finem</span> <span class='ocrx_word' id='word_1_277' title='bbox 497 2450 536 2488; x_wconf 76' lang='lat' dir='ltr'>(a)</span> <span class='ocrx_word' id='word_1_278' title='bbox 549 2459 555 2487; x_wconf 89' lang='grc'>;</span> <span class='ocrx_word' id='word_1_279' title='bbox 567 2450 597 2479; x_wconf 86' lang='grc'>61</span> <span class='ocrx_word' id='word_1_280' title='bbox 608 2448 668 2479; x_wconf 89' lang='lat' dir='ltr'>hoc</span> <span class='ocrx_word' id='word_1_281' title='bbox 684 2447 779 2478; x_wconf 92' lang='lat' dir='ltr'>modo</span> <span class='ocrx_word' id='word_1_282' title='bbox 791 2446 973 2487; x_wconf 88' lang='lat' dir='ltr'>accipiendo</span> 
     </span>
     <span class='ocr_line' id='line_1_43' title="bbox 198 2500 971 2542; baseline -0.005 -8"><span class='ocrx_word' id='word_1_283' title='bbox 198 2503 360 2541; x_wconf 85' lang='lat' dir='ltr'>virtutem,</span> <span class='ocrx_word' id='word_1_284' title='bbox 374 2503 502 2534; x_wconf 84' lang='lat' dir='ltr'>habitus</span> <span class='ocrx_word' id='word_1_285' title='bbox 517 2501 636 2542; x_wconf 84' lang='lat' dir='ltr'>politici</span> <span class='ocrx_word' id='word_1_286' title='bbox 650 2501 801 2532; x_wconf 82' lang='lat' dir='ltr'>informes</span> <span class='ocrx_word' id='word_1_287' title='bbox 816 2500 971 2531; x_wconf 83' lang='lat' dir='ltr'>dicuntur</span> 
     </span>
     <span class='ocr_line' id='line_1_44' title="bbox 197 2553 971 2593; baseline -0.004 -6"><span class='ocrx_word' id='word_1_288' title='bbox 197 2565 265 2587; x_wconf 90' lang='lat' dir='ltr'>esse</span> <span class='ocrx_word' id='word_1_289' title='bbox 274 2556 426 2588; x_wconf 86' lang='lat' dir='ltr'>virtutes:</span> <span class='ocrx_word' id='word_1_290' title='bbox 440 2556 500 2587; x_wconf 90' lang='lat' dir='ltr'>hoc</span> <span class='ocrx_word' id='word_1_291' title='bbox 513 2556 607 2587; x_wconf 86' lang='lat' dir='ltr'>etiam</span> <span class='ocrx_word' id='word_1_292' title='bbox 620 2555 713 2586; x_wconf 92' lang='lat' dir='ltr'>modo</span> <span class='ocrx_word' id='word_1_293' title='bbox 726 2554 803 2585; x_wconf 90' lang='lat' dir='ltr'>fides</span> <span class='ocrx_word' id='word_1_294' title='bbox 815 2553 971 2593; x_wconf 82' lang='lat' dir='ltr'>informis,</span> 
     </span>
     <span class='ocr_line' id='line_1_45' title="bbox 197 2607 974 2650; baseline -0.005 -9"><span class='ocrx_word' id='word_1_295' title='bbox 197 2619 269 2650; x_wconf 85' lang='lat' dir='ltr'>quae</span> <span class='ocrx_word' id='word_1_296' title='bbox 284 2609 412 2650; x_wconf 87' lang='lat' dir='ltr'>quidem</span> <span class='ocrx_word' id='word_1_297' title='bbox 431 2611 478 2641; x_wconf 85' lang='lat' dir='ltr'>est</span> <span class='ocrx_word' id='word_1_298' title='bbox 500 2609 536 2640; x_wconf 90' lang='lat' dir='ltr'>in</span> <span class='ocrx_word' id='word_1_299' title='bbox 551 2609 641 2640; x_wconf 86' lang='lat' dir='ltr'>matis</span> <span class='ocrx_word' id='word_1_300' title='bbox 655 2607 855 2646; x_wconf 81' lang='lat' dir='ltr'>Christianis,</span> <span class='ocrx_word' id='word_1_301' title='bbox 878 2607 974 2638; x_wconf 87' lang='lat' dir='ltr'>habet</span> 
     </span>
     <span class='ocr_line' id='line_1_46' title="bbox 185 2671 595 2704; baseline -0.002 -8"><span class='ocrx_word' id='word_1_302' title='bbox 185 2696 189 2701; x_wconf 82' lang='grc'><strong>,</strong></span> <span class='ocrx_word' id='word_1_303' title='bbox 230 2674 263 2704; x_wconf 83' lang='grc' dir='ltr'>(α)</span> <span class='ocrx_word' id='word_1_304' title='bbox 281 2672 350 2696; x_wconf 69' lang='lat' dir='ltr'>Edit.</span> <span class='ocrx_word' id='word_1_305' title='bbox 364 2671 422 2696; x_wconf 74' lang='lat' dir='ltr'>Ven.</span> <span class='ocrx_word' id='word_1_306' title='bbox 440 2671 498 2696; x_wconf 75' lang='lat'>1753</span> <span class='ocrx_word' id='word_1_307' title='bbox 511 2688 518 2702; x_wconf 78' lang='lat'><em>,</em></span> <span class='ocrx_word' id='word_1_308' title='bbox 535 2671 595 2695; x_wconf 82' lang='lat' dir='ltr'>fine.</span> 
     </span>
    </p>
   </div>
   <div class='ocr_carea' id='block_1_6' title="bbox 1728 186 1786 214">
    <p class='ocr_par' dir='ltr' id='par_1_8' title="bbox 1728 186 1786 214">
     <span class='ocr_line' id='line_1_47' title="bbox 1728 186 1786 214; baseline 0 0"><span class='ocrx_word' id='word_1_309' title='bbox 1728 186 1786 214; x_wconf 68' lang='lat'>499</span> 
     </span>
    </p>
   </div>
   <div class='ocr_carea' id='block_1_7' title="bbox 1014 242 1808 2701">
    <p class='ocr_par' dir='ltr' id='par_1_9' title="bbox 1014 242 1808 1200">
     <span class='ocr_line' id='line_1_48' title="bbox 1016 242 1808 287; baseline 0.001 -8"><span class='ocrx_word' id='word_1_310' title='bbox 1016 258 1081 279; x_wconf 84' lang='lat' dir='ltr'>esse</span> <span class='ocrx_word' id='word_1_311' title='bbox 1096 249 1128 278; x_wconf 94' lang='lat' dir='ltr'>in</span> <span class='ocrx_word' id='word_1_312' title='bbox 1146 257 1263 287; x_wconf 80' lang='lat' dir='ltr'>genere</span> <span class='ocrx_word' id='word_1_313' title='bbox 1279 248 1404 279; x_wconf 87' lang='lat' dir='ltr'>virtutis</span> <span class='ocrx_word' id='word_1_314' title='bbox 1420 257 1427 278; x_wconf 77' lang='grc' dir='ltr'>ε</span> <span class='ocrx_word' id='word_1_315' title='bbox 1447 257 1501 287; x_wconf 82' lang='lat' dir='ltr'>per</span> <span class='ocrx_word' id='word_1_316' title='bbox 1520 248 1608 278; x_wconf 87' lang='lat' dir='ltr'>illum</span> <span class='ocrx_word' id='word_1_317' title='bbox 1626 249 1711 280; x_wconf 88' lang='lat' dir='ltr'>enim</span> <span class='ocrx_word' id='word_1_318' title='bbox 1727 250 1783 280; x_wconf 86' lang='lat' dir='ltr'>ha-</span> <span class='ocrx_word' id='word_1_319' title='bbox 1804 242 1808 245; x_wconf 47' lang='lat'>⁵</span> 
     </span>
     <span class='ocr_line' id='line_1_49' title="bbox 1014 301 1783 341; baseline 0.004 -10"><span class='ocrx_word' id='word_1_320' title='bbox 1014 302 1117 332; x_wconf 80' lang='lat' dir='ltr'>bitum</span> <span class='ocrx_word' id='word_1_321' title='bbox 1133 302 1272 341; x_wconf 80' lang='lat' dir='ltr'>quodam</span> <span class='ocrx_word' id='word_1_322' title='bbox 1287 301 1381 332; x_wconf 89' lang='lat' dir='ltr'>modo</span> <span class='ocrx_word' id='word_1_323' title='bbox 1401 301 1591 331; x_wconf 75' lang='lat' dir='ltr'>rectificatur</span> <span class='ocrx_word' id='word_1_324' title='bbox 1606 301 1783 334; x_wconf 84' lang='lat' dir='ltr'>intellectus</span> 
     </span>
     <span class='ocr_line' id='line_1_50' title="bbox 1014 355 1782 396; baseline 0.004 -11"><span class='ocrx_word' id='word_1_325' title='bbox 1014 355 1172 395; x_wconf 77' lang='lat' dir='ltr'>hominis,</span> <span class='ocrx_word' id='word_1_326' title='bbox 1208 357 1285 387; x_wconf 89' lang='lat' dir='ltr'>dum</span> <span class='ocrx_word' id='word_1_327' title='bbox 1315 356 1491 395; x_wconf 85' lang='lat' dir='ltr'>captivatur</span> <span class='ocrx_word' id='word_1_328' title='bbox 1530 355 1562 385; x_wconf 92' lang='lat' dir='ltr'>in</span> <span class='ocrx_word' id='word_1_329' title='bbox 1593 355 1782 396; x_wconf 85' lang='lat' dir='ltr'>obsequium</span> 
     </span>
     <span class='ocr_line' id='line_1_51' title="bbox 1015 408 1789 450; baseline 0.003 -12"><span class='ocrx_word' id='word_1_330' title='bbox 1015 408 1127 438; x_wconf 76' lang='lat' dir='ltr'>Christi</span> <span class='ocrx_word' id='word_1_331' title='bbox 1141 409 1179 439; x_wconf 83' lang='lat' dir='ltr'>ad</span> <span class='ocrx_word' id='word_1_332' title='bbox 1195 409 1429 440; x_wconf 85' lang='lat' dir='ltr'>assentiendum</span> <span class='ocrx_word' id='word_1_333' title='bbox 1440 409 1552 448; x_wconf 84' lang='lat' dir='ltr'>primae</span> <span class='ocrx_word' id='word_1_334' title='bbox 1563 409 1684 439; x_wconf 85' lang='lat' dir='ltr'>veritati</span> <span class='ocrx_word' id='word_1_335' title='bbox 1699 419 1789 450; x_wconf 87' lang='lat' dir='ltr'>prop-</span> 
     </span>
     <span class='ocr_line' id='line_1_52' title="bbox 1017 462 1790 503; baseline 0.003 -11"><span class='ocrx_word' id='word_1_336' title='bbox 1017 465 1063 492; x_wconf 85' lang='lat' dir='ltr'>ter</span> <span class='ocrx_word' id='word_1_337' title='bbox 1078 472 1121 500; x_wconf 80' lang='lat' dir='ltr'>se,</span> <span class='ocrx_word' id='word_1_338' title='bbox 1139 465 1169 493; x_wconf 89' lang='lat' dir='ltr'>et</span> <span class='ocrx_word' id='word_1_339' title='bbox 1187 472 1283 503; x_wconf 86' lang='lat' dir='ltr'>super</span> <span class='ocrx_word' id='word_1_340' title='bbox 1304 463 1422 494; x_wconf 86' lang='lat' dir='ltr'>omnia.</span> <span class='ocrx_word' id='word_1_341' title='bbox 1439 462 1612 501; x_wconf 70' lang='lat' dir='ltr'>vigeretur</span> <span class='ocrx_word' id='word_1_342' title='bbox 1636 463 1731 493; x_wconf 88' lang='lat' dir='ltr'>etiam</span> <span class='ocrx_word' id='word_1_343' title='bbox 1754 466 1790 494; x_wconf 91' lang='lat' dir='ltr'>ut</span> 
     </span>
     <span class='ocr_line' id='line_1_53' title="bbox 1017 515 1790 556; baseline 0.003 -11"><span class='ocrx_word' id='word_1_344' title='bbox 1017 516 1122 546; x_wconf 79' lang='lat' dir='ltr'>credat</span> <span class='ocrx_word' id='word_1_345' title='bbox 1136 525 1211 546; x_wconf 87' lang='lat' dir='ltr'>vera</span> <span class='ocrx_word' id='word_1_346' title='bbox 1228 526 1292 547; x_wconf 88' lang='lat' dir='ltr'>non</span> <span class='ocrx_word' id='word_1_347' title='bbox 1306 516 1502 556; x_wconf 77' lang='lat' dir='ltr'>apparentia,</span> <span class='ocrx_word' id='word_1_348' title='bbox 1521 518 1555 546; x_wconf 88' lang='lat' dir='ltr'>ut</span> <span class='ocrx_word' id='word_1_349' title='bbox 1562 515 1641 547; x_wconf 84' lang='lat' dir='ltr'>vitet</span> <span class='ocrx_word' id='word_1_350' title='bbox 1655 525 1790 547; x_wconf 82' lang='lat' dir='ltr'>erronea</span> 
     </span>
     <span class='ocr_line' id='line_1_54' title="bbox 1016 569 1789 610; baseline 0.003 -11"><span class='ocrx_word' id='word_1_351' title='bbox 1016 571 1047 599; x_wconf 87' lang='lat' dir='ltr'>et</span> <span class='ocrx_word' id='word_1_352' title='bbox 1062 569 1268 608; x_wconf 83' lang='lat' dir='ltr'>phantastica,</span> <span class='ocrx_word' id='word_1_353' title='bbox 1276 570 1359 600; x_wconf 86' lang='lat' dir='ltr'>sicut</span> <span class='ocrx_word' id='word_1_354' title='bbox 1373 572 1502 610; x_wconf 80' lang='lat' dir='ltr'>apparet</span> <span class='ocrx_word' id='word_1_355' title='bbox 1518 570 1551 600; x_wconf 91' lang='lat' dir='ltr'>in</span> <span class='ocrx_word' id='word_1_356' title='bbox 1566 570 1675 601; x_wconf 85' lang='lat' dir='ltr'>multis</span> <span class='ocrx_word' id='word_1_357' title='bbox 1686 569 1789 601; x_wconf 86' lang='lat' dir='ltr'>Chris-</span> 
     </span>
     <span class='ocr_line' id='line_1_55' title="bbox 1017 623 1791 663; baseline 0.001 -10"><span class='ocrx_word' id='word_1_358' title='bbox 1017 623 1111 653; x_wconf 90' lang='lat' dir='ltr'>tianis</span> <span class='ocrx_word' id='word_1_359' title='bbox 1131 623 1311 653; x_wconf 81' lang='lat' dir='ltr'>carentibus</span> <span class='ocrx_word' id='word_1_360' title='bbox 1337 623 1499 660; x_wconf 77' lang='lat' dir='ltr'>charitate,</span> <span class='ocrx_word' id='word_1_361' title='bbox 1523 624 1579 663; x_wconf 88' lang='lat' dir='ltr'>qui</span> <span class='ocrx_word' id='word_1_362' title='bbox 1602 624 1738 654; x_wconf 84' lang='lat' dir='ltr'>libenter</span> <span class='ocrx_word' id='word_1_363' title='bbox 1761 626 1791 654; x_wconf 87' lang='lat' dir='ltr'>et</span> 
     </span>
     <span class='ocr_line' id='line_1_56' title="bbox 1017 677 1790 716; baseline 0.001 -9"><span class='ocrx_word' id='word_1_364' title='bbox 1017 677 1181 707; x_wconf 88' lang='lat' dir='ltr'>humiliter</span> <span class='ocrx_word' id='word_1_365' title='bbox 1206 677 1343 707; x_wconf 86' lang='lat' dir='ltr'>audiunt</span> <span class='ocrx_word' id='word_1_366' title='bbox 1356 677 1453 707; x_wconf 82' lang='lat' dir='ltr'>verba</span> <span class='ocrx_word' id='word_1_367' title='bbox 1467 678 1638 716; x_wconf 76' lang='lat' dir='ltr'>spectantia</span> <span class='ocrx_word' id='word_1_368' title='bbox 1653 678 1691 708; x_wconf 88' lang='lat' dir='ltr'>ad</span> <span class='ocrx_word' id='word_1_369' title='bbox 1714 678 1790 708; x_wconf 90' lang='lat' dir='ltr'>doc-</span> 
     </span>
     <span class='ocr_line' id='line_1_57' title="bbox 1019 730 1789 769; baseline -0.001 -8"><span class='ocrx_word' id='word_1_370' title='bbox 1019 731 1136 761; x_wconf 85' lang='lat' dir='ltr'>trinam</span> <span class='ocrx_word' id='word_1_371' title='bbox 1160 731 1244 768; x_wconf 82' lang='lat' dir='ltr'>fidei,</span> <span class='ocrx_word' id='word_1_372' title='bbox 1261 734 1292 761; x_wconf 91' lang='lat' dir='ltr'>et</span> <span class='ocrx_word' id='word_1_373' title='bbox 1306 732 1496 769; x_wconf 83' lang='lat' dir='ltr'>constanter,</span> <span class='ocrx_word' id='word_1_374' title='bbox 1524 733 1554 761; x_wconf 88' lang='lat' dir='ltr'>et</span> <span class='ocrx_word' id='word_1_375' title='bbox 1577 730 1709 761; x_wconf 87' lang='lat' dir='ltr'>viriliter</span> <span class='ocrx_word' id='word_1_376' title='bbox 1734 732 1789 762; x_wconf 85' lang='lat' dir='ltr'>ab·</span> 
     </span>
     <span class='ocr_line' id='line_1_58' title="bbox 1018 784 1792 824; baseline 0.001 -9"><span class='ocrx_word' id='word_1_377' title='bbox 1018 786 1148 816; x_wconf 85' lang='lat' dir='ltr'>horrent</span> <span class='ocrx_word' id='word_1_378' title='bbox 1172 785 1353 815; x_wconf 78' lang='lat' dir='ltr'>liaereticam</span> <span class='ocrx_word' id='word_1_379' title='bbox 1372 785 1573 824; x_wconf 84' lang='lat' dir='ltr'>pravitatem.</span> <span class='ocrx_word' id='word_1_380' title='bbox 1591 784 1629 815; x_wconf 87' lang='lat' dir='ltr'>Et</span> <span class='ocrx_word' id='word_1_381' title='bbox 1653 785 1698 815; x_wconf 89' lang='lat' dir='ltr'>sic</span> <span class='ocrx_word' id='word_1_382' title='bbox 1714 794 1792 816; x_wconf 89' lang='lat' dir='ltr'>con-</span> 
     </span>
     <span class='ocr_line' id='line_1_59' title="bbox 1018 837 1794 879; baseline -0.001 -9"><span class='ocrx_word' id='word_1_383' title='bbox 1018 839 1085 870; x_wconf 86' lang='lat' dir='ltr'>cedi</span> <span class='ocrx_word' id='word_1_384' title='bbox 1098 841 1197 879; x_wconf 81' lang='lat' dir='ltr'>potest</span> <span class='ocrx_word' id='word_1_385' title='bbox 1212 839 1295 878; x_wconf 87' lang='lat' dir='ltr'>quod</span> <span class='ocrx_word' id='word_1_386' title='bbox 1310 839 1387 868; x_wconf 83' lang='lat' dir='ltr'>fides</span> <span class='ocrx_word' id='word_1_387' title='bbox 1401 838 1545 868; x_wconf 76' lang='lat' dir='ltr'>informis</span> <span class='ocrx_word' id='word_1_388' title='bbox 1560 837 1600 868; x_wconf 85' lang='lat' dir='ltr'>sit</span> <span class='ocrx_word' id='word_1_389' title='bbox 1618 838 1651 868; x_wconf 91' lang='lat' dir='ltr'>in</span> <span class='ocrx_word' id='word_1_390' title='bbox 1676 847 1794 877; x_wconf 79' lang='lat' dir='ltr'>genere</span> 
     </span>
     <span class='ocr_line' id='line_1_60' title="bbox 1019 892 1794 932; baseline -0.001 -9"><span class='ocrx_word' id='word_1_391' title='bbox 1019 893 1158 930; x_wconf 87' lang='lat' dir='ltr'>virtutis,</span> <span class='ocrx_word' id='word_1_392' title='bbox 1175 893 1352 923; x_wconf 83' lang='lat' dir='ltr'>secundum</span> <span class='ocrx_word' id='word_1_393' title='bbox 1367 892 1452 932; x_wconf 87' lang='lat' dir='ltr'>quod</span> <span class='ocrx_word' id='word_1_394' title='bbox 1468 901 1586 922; x_wconf 88' lang='lat' dir='ltr'>nomen</span> <span class='ocrx_word' id='word_1_395' title='bbox 1597 892 1723 922; x_wconf 86' lang='lat' dir='ltr'>virtutis</span> <span class='ocrx_word' id='word_1_396' title='bbox 1738 901 1794 922; x_wconf 90' lang='lat' dir='ltr'>ac-</span> 
     </span>
     <span class='ocr_line' id='line_1_61' title="bbox 1019 945 1794 987; baseline -0.003 -10"><span class='ocrx_word' id='word_1_397' title='bbox 1019 947 1135 987; x_wconf 88' lang='lat' dir='ltr'>cipitur</span> <span class='ocrx_word' id='word_1_398' title='bbox 1150 947 1250 986; x_wconf 84' lang='lat' dir='ltr'>iarge,</span> <span class='ocrx_word' id='word_1_399' title='bbox 1266 949 1296 977; x_wconf 88' lang='lat' dir='ltr'>et</span> <span class='ocrx_word' id='word_1_400' title='bbox 1311 946 1493 977; x_wconf 74' lang='lat' dir='ltr'>extenditur</span> <span class='ocrx_word' id='word_1_401' title='bbox 1508 945 1547 976; x_wconf 90' lang='lat' dir='ltr'>ad</span> <span class='ocrx_word' id='word_1_402' title='bbox 1563 945 1707 976; x_wconf 85' lang='lat' dir='ltr'>habitum</span> <span class='ocrx_word' id='word_1_403' title='bbox 1726 955 1794 976; x_wconf 87' lang='lat' dir='ltr'>rec-</span> 
     </span>
     <span class='ocr_line' id='line_1_62' title="bbox 1020 999 1795 1040; baseline -0.003 -9"><span class='ocrx_word' id='word_1_404' title='bbox 1020 1001 1193 1031; x_wconf 86' lang='lat' dir='ltr'>tificantem</span> <span class='ocrx_word' id='word_1_405' title='bbox 1214 1003 1244 1031; x_wconf 87' lang='lat' dir='ltr'>et</span> <span class='ocrx_word' id='word_1_406' title='bbox 1268 1001 1471 1040; x_wconf 82' lang='lat' dir='ltr'>vigorantem</span> <span class='ocrx_word' id='word_1_407' title='bbox 1497 999 1669 1039; x_wconf 87' lang='lat' dir='ltr'>potentiam</span> <span class='ocrx_word' id='word_1_408' title='bbox 1688 999 1721 1029; x_wconf 93' lang='lat' dir='ltr'>in</span> <span class='ocrx_word' id='word_1_409' title='bbox 1744 999 1795 1029; x_wconf 90' lang='lat' dir='ltr'>his</span> 
     </span>
     <span class='ocr_line' id='line_1_63' title="bbox 1019 1051 1794 1093; baseline -0.003 -9"><span class='ocrx_word' id='word_1_410' title='bbox 1019 1054 1152 1091; x_wconf 74' lang='lat' dir='ltr'>actibus,</span> <span class='ocrx_word' id='word_1_411' title='bbox 1173 1054 1257 1084; x_wconf 82' lang='lat' dir='ltr'>circa</span> <span class='ocrx_word' id='word_1_412' title='bbox 1272 1063 1352 1093; x_wconf 88' lang='lat' dir='ltr'>quos</span> <span class='ocrx_word' id='word_1_413' title='bbox 1367 1053 1508 1084; x_wconf 89' lang='lat' dir='ltr'>consistit</span> <span class='ocrx_word' id='word_1_414' title='bbox 1521 1052 1573 1083; x_wconf 88' lang='lat' dir='ltr'>via</span> <span class='ocrx_word' id='word_1_415' title='bbox 1596 1052 1740 1092; x_wconf 81' lang='lat' dir='ltr'>justitiae.</span> <span class='ocrx_word' id='word_1_416' title='bbox 1757 1051 1794 1082; x_wconf 83' lang='lat' dir='ltr'>Et</span> 
     </span>
     <span class='ocr_line' id='line_1_64' title="bbox 1019 1105 1794 1146; baseline -0.003 -9"><span class='ocrx_word' id='word_1_417' title='bbox 1019 1107 1170 1146; x_wconf 87' lang='lat' dir='ltr'>quiahoc</span> <span class='ocrx_word' id='word_1_418' title='bbox 1191 1107 1285 1138; x_wconf 79' lang='lat' dir='ltr'>inodo</span> <span class='ocrx_word' id='word_1_419' title='bbox 1306 1106 1480 1146; x_wconf 84' lang='lat' dir='ltr'>procedunt</span> <span class='ocrx_word' id='word_1_420' title='bbox 1500 1106 1637 1136; x_wconf 86' lang='lat' dir='ltr'>rationes</span> <span class='ocrx_word' id='word_1_421' title='bbox 1659 1105 1696 1136; x_wconf 85' lang='lat' dir='ltr'>ad</span> <span class='ocrx_word' id='word_1_422' title='bbox 1721 1114 1794 1145; x_wconf 71' lang='lat' dir='ltr'>par-</span> 
     </span>
     <span class='ocr_line' id='line_1_65' title="bbox 1020 1160 1664 1200; baseline -0.003 -9"><span class='ocrx_word' id='word_1_423' title='bbox 1020 1164 1084 1192; x_wconf 85' lang='lat' dir='ltr'>tem</span> <span class='ocrx_word' id='word_1_424' title='bbox 1099 1161 1248 1200; x_wconf 77' lang='lat' dir='ltr'>primam,</span> <span class='ocrx_word' id='word_1_425' title='bbox 1265 1160 1335 1191; x_wconf 92' lang='lat' dir='ltr'>ideo</span> <span class='ocrx_word' id='word_1_426' title='bbox 1350 1160 1559 1190; x_wconf 66' lang='lat' dir='ltr'>concedendae</span> <span class='ocrx_word' id='word_1_427' title='bbox 1577 1161 1664 1190; x_wconf 89' lang='lat' dir='ltr'>sunt.</span> 
     </span>
    </p>

    <p class='ocr_par' dir='ltr' id='par_1_10' title="bbox 1021 1213 1798 1576">
     <span class='ocr_line' id='line_1_66' title="bbox 1062 1213 1794 1253; baseline 0 -9"><span class='ocrx_word' id='word_1_428' title='bbox 1062 1218 1090 1245; x_wconf 80' lang='lat'>1.</span> <span class='ocrx_word' id='word_1_429' title='bbox 1108 1215 1154 1244; x_wconf 87' lang='lat' dir='ltr'>Ad</span> <span class='ocrx_word' id='word_1_430' title='bbox 1169 1214 1246 1244; x_wconf 86' lang='lat' dir='ltr'>illud</span> <span class='ocrx_word' id='word_1_431' title='bbox 1262 1214 1347 1253; x_wconf 85' lang='lat' dir='ltr'>quod</span> <span class='ocrx_word' id='word_1_432' title='bbox 1362 1213 1520 1252; x_wconf 79' lang='lat' dir='ltr'>objicitur,</span> <span class='ocrx_word' id='word_1_433' title='bbox 1540 1213 1625 1252; x_wconf 90' lang='lat' dir='ltr'>quod</span> <span class='ocrx_word' id='word_1_434' title='bbox 1636 1213 1713 1243; x_wconf 88' lang='lat' dir='ltr'>fides</span> <span class='ocrx_word' id='word_1_435' title='bbox 1726 1213 1794 1244; x_wconf 85' lang='lat' dir='ltr'>sine</span> 
     </span>
     <span class='ocr_line' id='line_1_67' title="bbox 1021 1266 1794 1307; baseline -0.003 -9"><span class='ocrx_word' id='word_1_436' title='bbox 1021 1268 1168 1307; x_wconf 81' lang='lat' dir='ltr'>operibus</span> <span class='ocrx_word' id='word_1_437' title='bbox 1193 1270 1319 1297; x_wconf 88' lang='lat' dir='ltr'>mortua</span> <span class='ocrx_word' id='word_1_438' title='bbox 1347 1269 1405 1304; x_wconf 84' lang='lat' dir='ltr'>est,</span> <span class='ocrx_word' id='word_1_439' title='bbox 1422 1266 1592 1297; x_wconf 88' lang='lat' dir='ltr'>dicendum</span> <span class='ocrx_word' id='word_1_440' title='bbox 1615 1266 1700 1306; x_wconf 88' lang='lat' dir='ltr'>quod</span> <span class='ocrx_word' id='word_1_441' title='bbox 1728 1275 1794 1297; x_wconf 88' lang='lat' dir='ltr'>non</span> 
     </span>
     <span class='ocr_line' id='line_1_68' title="bbox 1021 1320 1797 1360; baseline -0.003 -9"><span class='ocrx_word' id='word_1_442' title='bbox 1021 1321 1136 1352; x_wconf 87' lang='lat' dir='ltr'>dicitur</span> <span class='ocrx_word' id='word_1_443' title='bbox 1151 1322 1289 1359; x_wconf 85' lang='lat' dir='ltr'>mortua,</span> <span class='ocrx_word' id='word_1_444' title='bbox 1306 1321 1381 1360; x_wconf 85' lang='lat' dir='ltr'>quia</span> <span class='ocrx_word' id='word_1_445' title='bbox 1394 1322 1499 1351; x_wconf 89' lang='lat' dir='ltr'>careat</span> <span class='ocrx_word' id='word_1_446' title='bbox 1513 1320 1601 1350; x_wconf 90' lang='lat' dir='ltr'>omni</span> <span class='ocrx_word' id='word_1_447' title='bbox 1617 1320 1751 1350; x_wconf 79' lang='lat' dir='ltr'>utiIItate</span> <span class='ocrx_word' id='word_1_448' title='bbox 1766 1320 1797 1350; x_wconf 88' lang='grc'>61</span> 
     </span>
     <span class='ocr_line' id='line_1_69' title="bbox 1021 1373 1796 1414; baseline -0.003 -9"><span class='ocrx_word' id='word_1_449' title='bbox 1021 1374 1172 1414; x_wconf 82' lang='lat' dir='ltr'>efficacia,</span> <span class='ocrx_word' id='word_1_450' title='bbox 1189 1375 1242 1405; x_wconf 89' lang='lat' dir='ltr'>sed</span> <span class='ocrx_word' id='word_1_451' title='bbox 1262 1374 1337 1411; x_wconf 77' lang='lat' dir='ltr'>quia</span> <span class='ocrx_word' id='word_1_452' title='bbox 1352 1376 1438 1404; x_wconf 85' lang='lat' dir='ltr'>caret</span> <span class='ocrx_word' id='word_1_453' title='bbox 1465 1374 1530 1404; x_wconf 88' lang='lat' dir='ltr'>vita</span> <span class='ocrx_word' id='word_1_454' title='bbox 1548 1373 1698 1412; x_wconf 82' lang='lat' dir='ltr'>gratuita,</span> <span class='ocrx_word' id='word_1_455' title='bbox 1722 1382 1796 1413; x_wconf 81' lang='lat' dir='ltr'>quae</span> 
     </span>
     <span class='ocr_line' id='line_1_70' title="bbox 1022 1427 1798 1468; baseline -0.004 -9"><span class='ocrx_word' id='word_1_456' title='bbox 1022 1431 1067 1459; x_wconf 90' lang='lat' dir='ltr'>est</span> <span class='ocrx_word' id='word_1_457' title='bbox 1083 1428 1148 1459; x_wconf 89' lang='lat' dir='ltr'>vita</span> <span class='ocrx_word' id='word_1_458' title='bbox 1163 1429 1299 1468; x_wconf 72' lang='lat' dir='ltr'>perlecta</span> <span class='ocrx_word' id='word_1_459' title='bbox 1317 1437 1323 1457; x_wconf 71' lang='grc' dir='ltr'><strong>ι</strong></span> <span class='ocrx_word' id='word_1_460' title='bbox 1341 1429 1371 1458; x_wconf 88' lang='grc'>61</span> <span class='ocrx_word' id='word_1_461' title='bbox 1388 1428 1459 1458; x_wconf 89' lang='lat' dir='ltr'>ideo</span> <span class='ocrx_word' id='word_1_462' title='bbox 1471 1436 1512 1458; x_wconf 79' lang='lat' dir='ltr'>ex</span> <span class='ocrx_word' id='word_1_463' title='bbox 1532 1427 1593 1457; x_wconf 90' lang='lat' dir='ltr'>hoc</span> <span class='ocrx_word' id='word_1_464' title='bbox 1608 1436 1671 1457; x_wconf 93' lang='lat' dir='ltr'>non</span> <span class='ocrx_word' id='word_1_465' title='bbox 1696 1427 1798 1466; x_wconf 88' lang='lat' dir='ltr'>potest</span> 
     </span>
     <span class='ocr_line' id='line_1_71' title="bbox 1022 1480 1798 1522; baseline -0.004 -9"><span class='ocrx_word' id='word_1_466' title='bbox 1022 1482 1168 1513; x_wconf 89' lang='lat' dir='ltr'>concludi</span> <span class='ocrx_word' id='word_1_467' title='bbox 1183 1483 1267 1522; x_wconf 89' lang='lat' dir='ltr'>quod</span> <span class='ocrx_word' id='word_1_468' title='bbox 1281 1491 1346 1513; x_wconf 92' lang='lat' dir='ltr'>non</span> <span class='ocrx_word' id='word_1_469' title='bbox 1362 1482 1401 1512; x_wconf 88' lang='lat' dir='ltr'>sit</span> <span class='ocrx_word' id='word_1_470' title='bbox 1415 1481 1598 1521; x_wconf 88' lang='lat' dir='ltr'>simpliciter</span> <span class='ocrx_word' id='word_1_471' title='bbox 1615 1481 1729 1519; x_wconf 88' lang='lat' dir='ltr'>virtus,</span> <span class='ocrx_word' id='word_1_472' title='bbox 1744 1480 1798 1511; x_wconf 89' lang='lat' dir='ltr'>sed</span> 
     </span>
     <span class='ocr_line' id='line_1_72' title="bbox 1023 1533 1607 1576; baseline -0.003 -10"><span class='ocrx_word' id='word_1_473' title='bbox 1023 1536 1106 1576; x_wconf 81' lang='lat' dir='ltr'>quod</span> <span class='ocrx_word' id='word_1_474' title='bbox 1123 1545 1188 1566; x_wconf 91' lang='grc'>11011</span> <span class='ocrx_word' id='word_1_475' title='bbox 1201 1535 1241 1566; x_wconf 86' lang='lat' dir='ltr'>sit</span> <span class='ocrx_word' id='word_1_476' title='bbox 1255 1535 1358 1566; x_wconf 87' lang='lat' dir='ltr'>virtus</span> <span class='ocrx_word' id='word_1_477' title='bbox 1373 1534 1500 1574; x_wconf 86' lang='lat' dir='ltr'>proprie</span> <span class='ocrx_word' id='word_1_478' title='bbox 1516 1533 1607 1564; x_wconf 87' lang='lat' dir='ltr'>dicta.</span> 
     </span>
    </p>

    <p class='ocr_par' dir='ltr' id='par_1_11' title="bbox 1024 1586 1803 2111">
     <span class='ocr_line' id='line_1_73' title="bbox 1064 1586 1800 1628; baseline -0.004 -8"><span class='ocrx_word' id='word_1_479' title='bbox 1064 1593 1092 1620; x_wconf 73' lang='lat'>2.</span> <span class='ocrx_word' id='word_1_480' title='bbox 1110 1589 1157 1620; x_wconf 94' lang='lat' dir='ltr'>Ad</span> <span class='ocrx_word' id='word_1_481' title='bbox 1170 1589 1247 1619; x_wconf 89' lang='lat' dir='ltr'>illud</span> <span class='ocrx_word' id='word_1_482' title='bbox 1262 1588 1347 1628; x_wconf 88' lang='lat' dir='ltr'>quod</span> <span class='ocrx_word' id='word_1_483' title='bbox 1363 1587 1524 1627; x_wconf 81' lang='lat' dir='ltr'>objicitur,</span> <span class='ocrx_word' id='word_1_484' title='bbox 1540 1587 1624 1626; x_wconf 87' lang='lat' dir='ltr'>quod</span> <span class='ocrx_word' id='word_1_485' title='bbox 1642 1586 1742 1618; x_wconf 89' lang='lat' dir='ltr'>virtus</span> <span class='ocrx_word' id='word_1_486' title='bbox 1753 1589 1800 1618; x_wconf 92' lang='lat' dir='ltr'>est</span> 
     </span>
     <span class='ocr_line' id='line_1_74' title="bbox 1026 1640 1799 1683; baseline -0.001 -10"><span class='ocrx_word' id='word_1_487' title='bbox 1026 1643 1163 1683; x_wconf 83' lang='lat' dir='ltr'>qualitas</span> <span class='ocrx_word' id='word_1_488' title='bbox 1181 1643 1265 1673; x_wconf 88' lang='lat' dir='ltr'>bona</span> <span class='ocrx_word' id='word_1_489' title='bbox 1286 1642 1411 1680; x_wconf 80' lang='lat' dir='ltr'>mentis,</span> <span class='ocrx_word' id='word_1_490' title='bbox 1429 1643 1501 1679; x_wconf 62' lang='lat' dir='ltr'>etc„</span> <span class='ocrx_word' id='word_1_491' title='bbox 1520 1640 1690 1672; x_wconf 84' lang='lat' dir='ltr'>dicendum</span> <span class='ocrx_word' id='word_1_492' title='bbox 1713 1641 1799 1680; x_wconf 86' lang='lat' dir='ltr'>quod</span> 
     </span>
     <span class='ocr_line' id='line_1_75' title="bbox 1024 1695 1798 1737; baseline -0.004 -9"><span class='ocrx_word' id='word_1_493' title='bbox 1024 1697 1226 1737; x_wconf 79' lang='lat' dir='ltr'>Augustinus</span> <span class='ocrx_word' id='word_1_494' title='bbox 1241 1697 1282 1727; x_wconf 84' lang='lat' dir='ltr'>ibi</span> <span class='ocrx_word' id='word_1_495' title='bbox 1298 1696 1413 1727; x_wconf 84' lang='lat' dir='ltr'>diffinit</span> <span class='ocrx_word' id='word_1_496' title='bbox 1423 1696 1575 1727; x_wconf 89' lang='lat' dir='ltr'>virtutem</span> <span class='ocrx_word' id='word_1_497' title='bbox 1593 1695 1719 1735; x_wconf 88' lang='lat' dir='ltr'>proprie</span> <span class='ocrx_word' id='word_1_498' title='bbox 1734 1695 1798 1726; x_wconf 88' lang='lat' dir='ltr'>dic·</span> 
     </span>
     <span class='ocr_line' id='line_1_76' title="bbox 1025 1748 1800 1789; baseline -0.003 -8"><span class='ocrx_word' id='word_1_499' title='bbox 1025 1753 1101 1789; x_wconf 89' lang='lat' dir='ltr'>tam,</span> <span class='ocrx_word' id='word_1_500' title='bbox 1129 1750 1246 1781; x_wconf 86' lang='lat' dir='ltr'>scilicet</span> <span class='ocrx_word' id='word_1_501' title='bbox 1274 1750 1428 1780; x_wconf 87' lang='lat' dir='ltr'>virtutem</span> <span class='ocrx_word' id='word_1_502' title='bbox 1454 1748 1628 1788; x_wconf 84' lang='lat' dir='ltr'>gratuitam</span> <span class='ocrx_word' id='word_1_503' title='bbox 1645 1759 1652 1787; x_wconf 92' lang='lat'>;</span> <span class='ocrx_word' id='word_1_504' title='bbox 1683 1751 1713 1779; x_wconf 93' lang='lat' dir='ltr'>et</span> <span class='ocrx_word' id='word_1_505' title='bbox 1740 1748 1800 1779; x_wconf 89' lang='grc'>1100</span> 
     </span>
     <span class='ocr_line' id='line_1_77' title="bbox 1025 1802 1800 1836; baseline -0.004 -1"><span class='ocrx_word' id='word_1_506' title='bbox 1025 1805 1119 1835; x_wconf 91' lang='lat' dir='ltr'>modo</span> <span class='ocrx_word' id='word_1_507' title='bbox 1129 1804 1365 1836; x_wconf 86' lang='lat' dir='ltr'>concedendum</span> <span class='ocrx_word' id='word_1_508' title='bbox 1381 1805 1427 1834; x_wconf 89' lang='lat' dir='ltr'>est</span> <span class='ocrx_word' id='word_1_509' title='bbox 1440 1803 1535 1834; x_wconf 89' lang='lat' dir='ltr'>fidem</span> <span class='ocrx_word' id='word_1_510' title='bbox 1552 1802 1721 1833; x_wconf 86' lang='lat' dir='ltr'>informem</span> <span class='ocrx_word' id='word_1_511' title='bbox 1735 1811 1800 1833; x_wconf 93' lang='lat' dir='ltr'>non</span> 
     </span>
     <span class='ocr_line' id='line_1_78' title="bbox 1025 1856 1801 1896; baseline -0.003 -7"><span class='ocrx_word' id='word_1_512' title='bbox 1025 1858 1180 1889; x_wconf 85' lang='lat' dir='ltr'>contineri</span> <span class='ocrx_word' id='word_1_513' title='bbox 1196 1858 1255 1889; x_wconf 89' lang='lat' dir='ltr'>sub</span> <span class='ocrx_word' id='word_1_514' title='bbox 1272 1857 1397 1888; x_wconf 88' lang='lat' dir='ltr'>virtutis</span> <span class='ocrx_word' id='word_1_515' title='bbox 1409 1866 1538 1896; x_wconf 89' lang='lat' dir='ltr'>genere.</span> <span class='ocrx_word' id='word_1_516' title='bbox 1556 1856 1604 1887; x_wconf 77' lang='lat' dir='ltr'>Ex</span> <span class='ocrx_word' id='word_1_517' title='bbox 1619 1856 1679 1888; x_wconf 92' lang='lat' dir='ltr'>hoc</span> <span class='ocrx_word' id='word_1_518' title='bbox 1693 1859 1801 1887; x_wconf 83' lang='lat' dir='ltr'>tamen</span> 
     </span>
     <span class='ocr_line' id='line_1_79' title="bbox 1026 1909 1801 1951; baseline -0.003 -10"><span class='ocrx_word' id='word_1_519' title='bbox 1026 1921 1090 1942; x_wconf 89' lang='lat' dir='ltr'>non</span> <span class='ocrx_word' id='word_1_520' title='bbox 1105 1911 1248 1951; x_wconf 90' lang='lat' dir='ltr'>sequitur</span> <span class='ocrx_word' id='word_1_521' title='bbox 1263 1910 1351 1942; x_wconf 88' lang='lat' dir='ltr'>nullo</span> <span class='ocrx_word' id='word_1_522' title='bbox 1369 1910 1463 1941; x_wconf 88' lang='lat' dir='ltr'>modo</span> <span class='ocrx_word' id='word_1_523' title='bbox 1479 1919 1550 1940; x_wconf 87' lang='lat' dir='ltr'>eam</span> <span class='ocrx_word' id='word_1_524' title='bbox 1571 1909 1726 1940; x_wconf 86' lang='lat' dir='ltr'>contineri</span> <span class='ocrx_word' id='word_1_525' title='bbox 1742 1909 1801 1940; x_wconf 89' lang='lat' dir='ltr'>sub</span> 
     </span>
     <span class='ocr_line' id='line_1_80' title="bbox 1026 1962 1802 2004; baseline -0.003 -9"><span class='ocrx_word' id='word_1_526' title='bbox 1026 1965 1153 1995; x_wconf 87' lang='lat' dir='ltr'>virtutis</span> <span class='ocrx_word' id='word_1_527' title='bbox 1167 1973 1297 2004; x_wconf 89' lang='lat' dir='ltr'>genere,</span> <span class='ocrx_word' id='word_1_528' title='bbox 1308 1964 1486 1995; x_wconf 89' lang='lat' dir='ltr'>secundum</span> <span class='ocrx_word' id='word_1_529' title='bbox 1499 1964 1585 2004; x_wconf 89' lang='lat' dir='ltr'>quod</span> <span class='ocrx_word' id='word_1_530' title='bbox 1596 1963 1699 1994; x_wconf 88' lang='lat' dir='ltr'>virtus</span> <span class='ocrx_word' id='word_1_531' title='bbox 1713 1962 1802 2002; x_wconf 83' lang='lat' dir='ltr'>large</span> 
     </span>
     <span class='ocr_line' id='line_1_81' title="bbox 1026 2017 1803 2059; baseline -0.003 -10"><span class='ocrx_word' id='word_1_532' title='bbox 1026 2019 1181 2059; x_wconf 86' lang='lat' dir='ltr'>accipitur</span> <span class='ocrx_word' id='word_1_533' title='bbox 1213 2028 1220 2048; x_wconf 77' lang='grc' dir='ltr'>ε</span> <span class='ocrx_word' id='word_1_534' title='bbox 1258 2019 1323 2049; x_wconf 86' lang='grc'>11110</span> <span class='ocrx_word' id='word_1_535' title='bbox 1356 2020 1403 2049; x_wconf 84' lang='grc'>651</span> <span class='ocrx_word' id='word_1_536' title='bbox 1428 2018 1470 2049; x_wconf 83' lang='grc'>1111</span> <span class='ocrx_word' id='word_1_537' title='bbox 1498 2018 1586 2049; x_wconf 90' lang='lat' dir='ltr'>locus</span> <span class='ocrx_word' id='word_1_538' title='bbox 1615 2017 1803 2058; x_wconf 87' lang='lat' dir='ltr'>sophisticus</span> 
     </span>
     <span class='ocr_line' id='line_1_82' title="bbox 1027 2072 1258 2111; baseline 0.004 -10"><span class='ocrx_word' id='word_1_539' title='bbox 1027 2072 1258 2111; x_wconf 83' lang='lat' dir='ltr'>consequentis.</span> 
     </span>
    </p>

    <p class='ocr_par' dir='ltr' id='par_1_12' title="bbox 1028 2124 1804 2647">
     <span class='ocr_line' id='line_1_83' title="bbox 1068 2124 1804 2166; baseline -0.001 -10"><span class='ocrx_word' id='word_1_540' title='bbox 1068 2128 1097 2156; x_wconf 89' lang='lat'>3.</span> <span class='ocrx_word' id='word_1_541' title='bbox 1113 2125 1160 2156; x_wconf 89' lang='lat' dir='ltr'>Ad</span> <span class='ocrx_word' id='word_1_542' title='bbox 1177 2125 1255 2157; x_wconf 90' lang='lat' dir='ltr'>illud</span> <span class='ocrx_word' id='word_1_543' title='bbox 1264 2125 1350 2166; x_wconf 82' lang='lat' dir='ltr'>quod</span> <span class='ocrx_word' id='word_1_544' title='bbox 1359 2126 1520 2166; x_wconf 84' lang='lat' dir='ltr'>objicitur,</span> <span class='ocrx_word' id='word_1_545' title='bbox 1533 2125 1616 2165; x_wconf 90' lang='lat' dir='ltr'>quod</span> <span class='ocrx_word' id='word_1_546' title='bbox 1629 2124 1804 2156; x_wconf 86' lang='lat' dir='ltr'>omnisvir-</span> 
     </span>
     <span class='ocr_line' id='line_1_84' title="bbox 1028 2178 1804 2218; baseline -0.003 -8"><span class='ocrx_word' id='word_1_547' title='bbox 1028 2181 1079 2210; x_wconf 86' lang='lat' dir='ltr'>tus</span> <span class='ocrx_word' id='word_1_548' title='bbox 1094 2181 1150 2210; x_wconf 87' lang='lat' dir='ltr'>aut</span> <span class='ocrx_word' id='word_1_549' title='bbox 1164 2182 1210 2210; x_wconf 89' lang='lat' dir='ltr'>est</span> <span class='ocrx_word' id='word_1_550' title='bbox 1225 2180 1403 2218; x_wconf 78' lang='lat' dir='ltr'>cardinalis,</span> <span class='ocrx_word' id='word_1_551' title='bbox 1418 2181 1473 2210; x_wconf 87' lang='lat' dir='ltr'>aut</span> <span class='ocrx_word' id='word_1_552' title='bbox 1488 2179 1679 2218; x_wconf 82' lang='lat' dir='ltr'>theologica,</span> <span class='ocrx_word' id='word_1_553' title='bbox 1696 2178 1804 2208; x_wconf 88' lang='lat' dir='ltr'>dicen-</span> 
     </span>
     <span class='ocr_line' id='line_1_85' title="bbox 1028 2231 1801 2273; baseline -0.001 -11"><span class='ocrx_word' id='word_1_554' title='bbox 1028 2232 1105 2263; x_wconf 93' lang='lat' dir='ltr'>dum</span> <span class='ocrx_word' id='word_1_555' title='bbox 1120 2233 1204 2273; x_wconf 86' lang='lat' dir='ltr'>quod</span> <span class='ocrx_word' id='word_1_556' title='bbox 1220 2233 1273 2263; x_wconf 88' lang='lat' dir='ltr'>illa</span> <span class='ocrx_word' id='word_1_557' title='bbox 1295 2233 1408 2265; x_wconf 90' lang='lat' dir='ltr'>divisio</span> <span class='ocrx_word' id='word_1_558' title='bbox 1432 2234 1479 2263; x_wconf 90' lang='lat' dir='ltr'>est</span> <span class='ocrx_word' id='word_1_559' title='bbox 1494 2232 1620 2264; x_wconf 86' lang='lat' dir='ltr'>virtutis</span> <span class='ocrx_word' id='word_1_560' title='bbox 1645 2231 1801 2268; x_wconf 80' lang='lat' dir='ltr'>formatae,</span> 
     </span>
     <span class='ocr_line' id='line_1_86' title="bbox 1028 2285 1803 2327; baseline -0.003 -11"><span class='ocrx_word' id='word_1_561' title='bbox 1028 2287 1204 2317; x_wconf 87' lang='lat' dir='ltr'>secundum</span> <span class='ocrx_word' id='word_1_562' title='bbox 1220 2287 1304 2326; x_wconf 84' lang='lat' dir='ltr'>quod</span> <span class='ocrx_word' id='word_1_563' title='bbox 1318 2287 1445 2327; x_wconf 90' lang='lat' dir='ltr'>proprie</span> <span class='ocrx_word' id='word_1_564' title='bbox 1460 2286 1613 2326; x_wconf 85' lang='lat' dir='ltr'>accipitur</span> <span class='ocrx_word' id='word_1_565' title='bbox 1625 2285 1727 2316; x_wconf 86' lang='lat' dir='ltr'>virtus</span> <span class='ocrx_word' id='word_1_566' title='bbox 1737 2293 1803 2315; x_wconf 85' lang='lat' dir='ltr'>car-</span> 
     </span>
     <span class='ocr_line' id='line_1_87' title="bbox 1028 2338 1804 2380; baseline -0.004 -10"><span class='ocrx_word' id='word_1_567' title='bbox 1028 2339 1144 2370; x_wconf 89' lang='lat' dir='ltr'>dinalis</span> <span class='ocrx_word' id='word_1_568' title='bbox 1159 2343 1189 2371; x_wconf 89' lang='lat' dir='ltr'>et</span> <span class='ocrx_word' id='word_1_569' title='bbox 1212 2340 1393 2380; x_wconf 86' lang='lat' dir='ltr'>theologica</span> <span class='ocrx_word' id='word_1_570' title='bbox 1410 2351 1417 2371; x_wconf 76' lang='lat' dir='ltr'>z</span> <span class='ocrx_word' id='word_1_571' title='bbox 1441 2340 1530 2371; x_wconf 79' lang='lat' dir='ltr'>etsie</span> <span class='ocrx_word' id='word_1_572' title='bbox 1559 2339 1637 2370; x_wconf 88' lang='lat' dir='ltr'>fides</span> <span class='ocrx_word' id='word_1_573' title='bbox 1658 2338 1804 2368; x_wconf 89' lang='lat' dir='ltr'>informis</span> 
     </span>
     <span class='ocr_line' id='line_1_88' title="bbox 1029 2390 1804 2434; baseline -0.003 -11"><span class='ocrx_word' id='word_1_574' title='bbox 1029 2403 1094 2424; x_wconf 91' lang='grc'>11011</span> <span class='ocrx_word' id='word_1_575' title='bbox 1116 2394 1297 2425; x_wconf 84' lang='lat' dir='ltr'>continetur</span> <span class='ocrx_word' id='word_1_576' title='bbox 1317 2394 1376 2425; x_wconf 88' lang='lat' dir='ltr'>sub</span> <span class='ocrx_word' id='word_1_577' title='bbox 1395 2403 1513 2434; x_wconf 89' lang='lat' dir='ltr'>genere</span> <span class='ocrx_word' id='word_1_578' title='bbox 1534 2392 1671 2424; x_wconf 90' lang='lat' dir='ltr'>virtutis.</span> <span class='ocrx_word' id='word_1_579' title='bbox 1695 2390 1804 2422; x_wconf 81' lang='lat' dir='ltr'>Posset</span> 
     </span>
     <span class='ocr_line' id='line_1_89' title="bbox 1030 2443 1804 2487; baseline -0.004 -10"><span class='ocrx_word' id='word_1_580' title='bbox 1030 2449 1135 2477; x_wconf 85' lang='lat' dir='ltr'>tamen</span> <span class='ocrx_word' id='word_1_581' title='bbox 1151 2447 1222 2485; x_wconf 76' lang='lat' dir='ltr'>diei,</span> <span class='ocrx_word' id='word_1_582' title='bbox 1239 2447 1324 2487; x_wconf 86' lang='lat' dir='ltr'>quod</span> <span class='ocrx_word' id='word_1_583' title='bbox 1340 2447 1416 2478; x_wconf 90' lang='lat' dir='ltr'>fides</span> <span class='ocrx_word' id='word_1_584' title='bbox 1432 2446 1588 2484; x_wconf 84' lang='lat' dir='ltr'>informis,</span> <span class='ocrx_word' id='word_1_585' title='bbox 1604 2445 1686 2476; x_wconf 80' lang='lat' dir='ltr'>sicut</span> <span class='ocrx_word' id='word_1_586' title='bbox 1708 2443 1804 2475; x_wconf 88' lang='lat' dir='ltr'>habet</span> 
     </span>
     <span class='ocr_line' id='line_1_90' title="bbox 1029 2498 1802 2540; baseline -0.004 -9"><span class='ocrx_word' id='word_1_587' title='bbox 1029 2500 1184 2532; x_wconf 88' lang='lat' dir='ltr'>rationem</span> <span class='ocrx_word' id='word_1_588' title='bbox 1204 2501 1331 2531; x_wconf 86' lang='lat' dir='ltr'>virtutis</span> <span class='ocrx_word' id='word_1_589' title='bbox 1345 2499 1556 2540; x_wconf 84' lang='lat' dir='ltr'>incompletae,</span> <span class='ocrx_word' id='word_1_590' title='bbox 1572 2499 1616 2530; x_wconf 86' lang='lat' dir='ltr'>sic</span> <span class='ocrx_word' id='word_1_591' title='bbox 1639 2498 1735 2529; x_wconf 84' lang='lat' dir='ltr'>habet</span> <span class='ocrx_word' id='word_1_592' title='bbox 1749 2507 1802 2529; x_wconf 89' lang='lat' dir='ltr'>ra-</span> 
     </span>
     <span class='ocr_line' id='line_1_91' title="bbox 1029 2552 1804 2594; baseline -0.004 -9"><span class='ocrx_word' id='word_1_593' title='bbox 1029 2555 1147 2585; x_wconf 87' lang='lat' dir='ltr'>tionem</span> <span class='ocrx_word' id='word_1_594' title='bbox 1176 2554 1303 2586; x_wconf 87' lang='lat' dir='ltr'>virtutis</span> <span class='ocrx_word' id='word_1_595' title='bbox 1329 2554 1530 2593; x_wconf 69' lang='lat' dir='ltr'>theologicae,</span> <span class='ocrx_word' id='word_1_596' title='bbox 1557 2553 1634 2594; x_wconf 87' lang='lat' dir='ltr'>quia</span> <span class='ocrx_word' id='word_1_597' title='bbox 1660 2552 1804 2593; x_wconf 88' lang='lat' dir='ltr'>quodam</span> 
     </span>
     <span class='ocr_line' id='line_1_92' title="bbox 1029 2606 1703 2647; baseline -0.003 -8"><span class='ocrx_word' id='word_1_598' title='bbox 1029 2608 1123 2639; x_wconf 89' lang='lat' dir='ltr'>modo</span> <span class='ocrx_word' id='word_1_599' title='bbox 1136 2609 1168 2639; x_wconf 91' lang='lat' dir='ltr'>in</span> <span class='ocrx_word' id='word_1_600' title='bbox 1183 2608 1283 2639; x_wconf 88' lang='lat' dir='ltr'>Deum</span> <span class='ocrx_word' id='word_1_601' title='bbox 1297 2608 1417 2647; x_wconf 86' lang='lat' dir='ltr'>dirigit,</span> <span class='ocrx_word' id='word_1_602' title='bbox 1430 2607 1503 2638; x_wconf 87' lang='lat' dir='ltr'>licet</span> <span class='ocrx_word' id='word_1_603' title='bbox 1514 2606 1703 2647; x_wconf 86' lang='lat' dir='ltr'>semiplene.</span> 
     </span>
    </p>

    <p class='ocr_par' dir='ltr' id='par_1_13' title="bbox 1069 2660 1804 2701">
     <span class='ocr_line' id='line_1_93' title="bbox 1069 2660 1804 2701; baseline -0.004 -8"><span class='ocrx_word' id='word_1_604' title='bbox 1069 2665 1099 2693; x_wconf 71' lang='grc'>4.</span> <span class='ocrx_word' id='word_1_605' title='bbox 1127 2662 1176 2693; x_wconf 90' lang='lat' dir='ltr'>Ad</span> <span class='ocrx_word' id='word_1_606' title='bbox 1193 2662 1271 2693; x_wconf 91' lang='lat' dir='ltr'>illud</span> <span class='ocrx_word' id='word_1_607' title='bbox 1286 2661 1371 2701; x_wconf 87' lang='lat' dir='ltr'>quod</span> <span class='ocrx_word' id='word_1_608' title='bbox 1400 2661 1548 2701; x_wconf 84' lang='lat' dir='ltr'>objicitur</span> <span class='ocrx_word' id='word_1_609' title='bbox 1577 2661 1616 2692; x_wconf 86' lang='lat' dir='ltr'>de</span> <span class='ocrx_word' id='word_1_610' title='bbox 1641 2660 1804 2698; x_wconf 69' lang='lat' dir='ltr'>haeretico,</span> 
     </span>
    </p>
   </div>
  </div>
 </body>
</html>
