2017 2960
263 188 321 217 510
843 185 1154 218 SENTENTIARUM
1177 186 1250 218 LIB.
1276 187 1329 218 ΙΙΙ.

262 255 417 285 formetur
433 263 487 293 per
500 254 600 293 ipsius
614 254 728 291 gratim
742 253 916 283 adventum
929 263 937 290 3
958 252 1037 283 diri—

262 309 315 338 tur
345 307 430 338 enim
460 307 607 341 formari,
637 307 716 335 sicut
744 306 829 336 color
853 306 1038 336 tenebrosus

262 360 418 391 formatur
435 361 472 390 ad
493 360 622 389 luminis
639 359 830 397 ingressum.
848 359 885 389 Et
900 359 981 389 sicut
995 369 1035 390 ex

262 414 376 447 colore,
395 417 421 443 et
441 413 561 443 lumine
577 412 776 451 superinfuso
798 422 861 442 non
880 414 915 442 fit
931 422 1035 443 unum

262 477 316 507 per
331 467 516 503 essentiam,
533 465 705 495 sedunum
726 474 781 505 per
802 465 1034 496 ordinationem

261 520 454 560 quamdanr,
480 519 523 548 sic
547 527 603 548 nec.
627 527 667 548 ex
695 518 800 557 gratia
828 521 957 557 gratum
990 519 1034 549 sa—

261 574 379 608 cicnte,
417 574 447 602 et
480 571 609 601 informi
636 571 718 608 fide,
753 572 941 611 intelligitur
965 571 1033 602 fieri

261 634 363 655 unum
377 649 384 661 ,
400 624 459 654 nisi
483 633 538 664 per
553 625 725 664 quamdam
745 625 979 655 ordinationem
1005 628 1035 656 et

260 678 465 715 relationem,
482 678 556 717 quia
574 678 650 708 fides
672 678 816 709 informis
842 687 897 717 per
912 678 1034 709 adven-

259 733 327 761 tum
352 731 464 770 gratim
489 731 597 770 incipit
617 731 770 771 complete
790 732 827 770 (a)
846 731 985 762 ordinari
1001 732 1033 762 in

259 786 375 822 1106111,
393 787 422 814 61
446 785 478 814 10
498 784 596 814 Deum
614 784 756 822 tendere,
778 787 807 813 et
828 784 930 814 eidem
946 794 1034 815 0001-

260 837 392 877 placere.
409 837 620 868 Concedendae
640 839 714 867 sunt
732 846 810 875 ergo
825 837 964 867 rationes
980 847 1030 868 05-

259 891 422 921 tendentes
448 891 544 921 fidem
572 891 741 921 informem
772 890 840 921 sieri
865 891 1033 921 formatam

259 953 314 983 per
330 944 504 974 adventum
519 943 642 983 gratiae.

300 1000 328 1027 1.
345 997 391 1028 Ad
406 997 482 1028 illud
505 1005 582 1027 vero
606 996 691 1036 quod
711 997 815 1036 primo
831 997 980 1036 objicitur
1001 998 1033 1027 in

258 1051 454 1081 contrarium
480 1059 487 1080 :
516 1062 530 1079 «
552 1049 683 1080 Nullum
708 1052 872 1089 peecatum
899 1050 1033 1080 efficitur

257 1104 442 1142 formatum,
459 1113 549 1143 ergo,
565 1114 579 1131 n
596 1106 668 1141 etc.,
685 1103 854 1134 dicendum
869 1103 953 1143 quod
969 1112 1032 1134 non

257 1159 303 1187 est
325 1157 439 1188 simile.
460 1157 594 1187 Facilius
615 1157 701 1187 601111
723 1159 769 1187 est
792 1157 910 1196 aliquid
927 1157 1033 1188 defor-

259 1210 357 1248 mari,
374 1220 470 1250 quain
487 1210 665 1248 informari,
683 1210 757 1250 quia
778 1211 870 1250 plura
892 1211 1031 1249 exigun-

257 1266 310 1293 tur
324 1264 362 1294 ad
379 1264 516 1302 110011111,
538 1273 636 1303 quam
658 1264 697 1293 ad
721 1263 852 1294 malum.
879 1263 950 1294 Ideo
968 1273 1033 1295 11011

258 1317 413 1356 sequitur,
431 1317 515 1356 quod
533 1317 557 1346 si
573 1317 699 1346 habitus
714 1316 891 1347 substratus
906 1317 1033 1347 virtutis

257 1372 354 1411 possit
377 1370 551 1411 obliquari,
568 1371 653 1410 quod
675 1372 839 1410 peccatum
862 1372 892 1400 et
914 1371 1032 1401 vitium

256 1424 352 1464 possit
366 1424 542 1454 rectificari.
559 1423 597 1453 Et
609 1433 649 1453 ex
665 1423 775 1453 eadem
793 1432 887 1452 causa
902 1432 965 1453 0011
980 1432 1032 1453 56-

255 1478 383 1517 quitur,
409 1477 495 1517 quod
521 1477 546 1507 si
570 1479 735 1516 peccatum
756 1485 821 1506 non
845 1475 941 1515 possit
964 1476 1032 1506 fieri

256 1531 426 1562 formatum
439 1555 446 1567 ,
463 1531 547 1570 quod
565 1530 667 1561 virtus
682 1540 746 1560 non
768 1530 864 1570 905511
885 1530 954 1560 fieri
978 1530 1031 1560 in—

255 1584 377 1615 formis.
395 1584 493 1614 Aliter
508 1584 604 1614 etiam
622 1586 723 1623 potest
737 1584 808 1621 dici,
825 1584 909 1623 quod
926 1593 1032 1623 peeca-

255 1640 325 1668 tum
348 1638 513 1677 dupliciter
533 1640 632 1677 potest
657 1637 771 1677 accipi,
793 1637 935 1667 videlicet
959 1637 1032 1667 abs-

255 1694 363 1728 tracte,
387 1694 417 1721 et
439 1693 595 1721 concrete.
612 1691 645 1721 Si
667 1691 820 1721 abstracte
844 1691 1027 1730 accipiatur,

255 1745 448 1784 impossibile
472 1746 518 1775 est
541 1746 703 1784 peccatum
728 1752 817 1783 posse
843 1744 1028 1782 informari,

255 1808 328 1829 cum
351 1798 390 1828 sit
410 1798 530 1828 malitia
555 1807 646 1837 pura.
668 1797 699 1828 Si
725 1800 833 1828 autem
857 1798 1030 1838 accipiatur

254 1853 410 1889 concrete,
426 1853 462 1882 ut
476 1851 599 1882 dicatur
615 1852 778 1890 peccatum
796 1851 902 1891 aliqua
917 1852 1030 1882 habili-

254 1908 301 1935 tas
321 1905 453 1942 animae,
470 1905 503 1935 10
525 1914 590 1944 qua
611 1907 658 1934 est
679 1905 864 1935 deformatio
886 1906 1028 1945 malitiae,

254 1960 364 1998 utpote
386 1967 459 1988 0001
483 1957 598 1997 aliquis
617 1957 751 1988 abstinet
770 1960 898 1998 propter
912 1968 1028 1989 vanam

256 2012 407 2051 gloriam,
423 2011 490 2050 ipsa
505 2011 695 2041 abstinentia
709 2012 845 2042 efficitur
865 2013 894 2042 ei
910 2013 1002 2052 culpa
1020 2023 1027 2043 ι

255 2065 315 2096 1100
340 2065 449 2101 modo,
476 2065 596 2094 ratione
620 2065 691 2095 talis
714 2065 842 2095 habItus
865 2066 1028 2105 substrati,

255 2118 310 2157 qui
334 2118 528 2148 deformatur
550 2127 568 2147 a
586 2118 693 2158 culpa,
710 2121 811 2157 potest
832 2119 996 2149 informari
1011 2129 1030 2150 a

256 2172 361 2211 gratia
379 2183 385 2202 z
402 2174 432 2202 et
446 2180 501 2211 per
516 2171 603 2201 hunc
623 2171 755 2202 modum
773 2172 910 2202 dicimus
925 2173 1028 2204 virtu·

254 2227 320 2255 tem
345 2225 513 2255 formatam
533 2225 615 2254 effici
636 2225 816 2263 informem,
840 2225 961 2256 ratione
984 2226 1030 2257 vi-

255 2278 365 2308 delicet
388 2278 515 2308 habitus
538 2277 706 2315 substrati,
729 2279 881 2318 quoniam
904 2279 1029 2310 indiffe-

256 2341 330 2362 rens
345 2333 391 2362 est
405 2331 444 2361 ad
464 2333 582 2361 statum
597 2331 699 2370 culpae
715 2334 745 2362 et
761 2332 887 2370 gratiae.

295 2388 324 2415 Ξ.
352 2385 401 2416 Ad
431 2384 509 2414 illud
533 2384 618 2423 quod
642 2384 808 2423 objicitur,
831 2386 916 2425 quod
950 2395 1029 2426 opus

254 2441 421 2469 mortuum
436 2447 500 2468 non
517 2439 617 2477 potest
632 2438 700 2467 fieri
715 2438 840 2476 vivum,
859 2439 1028 2471 dicendum

255 2494 340 2533 quod
355 2503 419 2524 non
435 2495 482 2523 est
494 2491 607 2522 simile.
625 2491 710 2531 Opus
723 2493 809 2522 enim
823 2494 948 2532 transit,
972 2503 1029 2525 nec

256 2550 362 2578 manet
385 2547 418 2577 in
446 2555 503 2577 sua
522 2545 625 2576 radice
644 2555 650 2575 :
673 2545 742 2576 ideo
762 2546 955 2587 impossibile
981 2549 1027 2578 est

255 2600 383 2640 aliquod
404 2609 485 2640 opus
508 2599 674 2638 vivificari,
703 2600 787 2639 quod
810 2610 828 2631 a
850 2601 954 2632 radice
977 2601 1026 2632 vi-

289 2664 321 2693 (u,
334 2663 394 2688 Coet.
409 2662 469 2686 edzt.
484 2662 619 2693 completa.

1095 256 1187 284 vente
1212 256 1319 285 ortum
1343 263 1407 285 non
1430 258 1609 296 sumpserit.
1638 258 1681 288 Et‘
1696 268 1754 298 pro
1779 259 1866 290 tanto

1095 308 1231 338 dicimus
1245 317 1339 348 opera
1361 309 1442 339 sacta
1456 309 1488 339 in
1507 310 1658 342 charitate
1674 321 1764 351 posse
1780 312 1868 343 revi-

1094 362 1230 399 viscere;
1254 372 1325 402 qua}
1342 365 1449 393 autem
1475 366 1564 395 extra
1585 366 1769 397 charitatem
1788 367 1867 397 facta

1094 419 1182 452 511111,
1200 416 1355 447 vivificari
1382 425 1446 446 non
1464 426 1563 456 90556.
1582 418 1688 450 Gratia
1707 420 1790 450 601111
1813 419 1867 450 illa

1094 478 1159 499 non
1176 471 1280 509 posset
1294 469 1463 508 attingere,
1481 479 1556 500 cum
1571 470 1752 511 simpliciter
1766 481 1867 503 cesse-
1902 478 1905 481 ’

1094 523 1157 553 1101
1183 524 1215 553 10
1238 524 1435 563 praeteritum
1458 535 1464 554 :
1481 533 1544 554 non
1569 525 1613 554 sic
1634 527 1741 556 autem
1761 529 1807 557 est
1828 527 1866 557 de

1093 576 1253 607 habitibus
1270 577 1428 608 virtutum
1442 576 1628 608 informium
1640 601 1647 614 ,
1665 577 1719 617 qui
1738 581 1867 609 manent

1094 630 1125 659 in
1150 631 1257 661 anima
1276 633 1344 670 post
1368 630 1467 670 ipsius
1489 631 1602 669 gratiae
1625 631 1811 669 adventurn,
1837 634 1867 662 et

1093 694 1148 725 per
1164 685 1264 725 ipsam
1279 685 1415 725 gratiam
1433 688 1565 725 possunt
1580 686 1755 725 venustari,
1771 688 1802 717 61
1816 686 1868 717 de-

1092 739 1204 776 corari,
1221 741 1251 768 et
1266 738 1299 768 10
1314 739 1410 768 finem
1426 739 1577 770 ordinari.

1134 795 1162 822 3.
1184 791 1230 822 Ad
1251 791 1328 822 illud
1350 792 1435 831 quod
1458 793 1624 832 objicitur,
1641 793 1726 832 quod
1741 793 1866 823 nullum

1091 846 1235 876 accidens
1250 848 1351 885 potest
1365 846 1502 884 alterari,
1519 846 1689 877 dicendum
1704 847 1788 886 quod
1807 847 1866 878 hoc

1092 908 1206 929 verum
1239 901 1285 929 est
1320 899 1496 929 secundum
1526 899 1686 940 propriam
1714 899 1866 930 mutatio-

1092 961 1181 989 nem;
1206 952 1258 982 sed
1280 952 1359 982 nihil
1383 952 1528 992 prohibet
1551 953 1728 992 intelligere
1750 953 1866 984 altera-

1092 1004 1211 1035 tionem
1226 1005 1293 1035 fieri
1310 1006 1342 1035 in
1357 1006 1516 1037 accidente
1533 1006 1655 1036 ratione
1673 1006 1865 1037 alterationis

1092 1059 1180 1089 factae
1209 1059 1242 1088 in
1270 1059 1431 1098 subJecto,
1457 1060 1537 1090 sicut
1563 1059 1673 1090 albedo
1704 1059 1798 1090 modo
1821 1061 1866 1090 est

1093 1112 1190 1150 clara,
1210 1113 1303 1143 modo
1326 1114 1516 1144 obscuratur
1532 1113 1654 1144 ratione
1674 1113 1866 1144 alterationis

1094 1166 1183 1196 factae
1200 1166 1232 1195 in
1249 1166 1391 1205 5111116010
1406 1166 1534 1206 9109110
1549 1177 1555 1197 z
1571 1168 1601 1197 et
1615 1166 1699 1196 color
1714 1166 1807 1197 modo
1821 1168 1866 1196 est

1094 1219 1301 1257 tenebrosus,
1338 1220 1432 1250 modo
1460 1222 1507 1250 est
1534 1220 1715 1251 luminosus
1745 1220 1865 1251 ratione

1091 1273 1362 1303 transmutationis
1377 1273 1466 1303 factae
1483 1273 1517 1303 in
1532 1273 1698 1312 perspicuo
1713 1273 1771 1303 51111
1786 1282 1864 1304 000-

1086 1326 1199 1365 juncto
1223 1336 1229 1355 ι
1247 1326 1291 1356 510
1308 1326 1385 1357 fides
1407 1327 1500 1357 modo
1523 1328 1569 1357 est
1590 1326 1755 1364 informis,
1771 1326 1864 1357 modo

1093 1379 1237 1416 formata,
1253 1380 1376 1410 ratione
1391 1380 1583 1410 alterationis
1595 1380 1685 1410 sactae
1699 1380 1732 1409 in
1745 1379 1862 1417 anima,

1090 1441 1164 1471 quae
1194 1432 1287 1463 modo
1308 1432 1404 1463 habet
1426 1433 1578 1471 gratiam,
1604 1432 1698 1463 modo
1723 1432 1866 1472 privatur

1090 1485 1157 1524 ipsa
1172 1494 1227 1524 per
1243 1485 1382 1525 culpam.

1130 1541 1158 1569 4.
1183 1539 1230 1569 Ad
1251 1538 1327 1569 illud
1343 1539 1428 1578 quod
1451 1539 1616 1578 objicitur,
1632 1539 1719 1579 quod
1742 1548 1783 1570 ex
1800 1539 1861 1578 his,

1089 1601 1162 1631 quae
1200 1594 1274 1622 51101
1308 1592 1507 1623 diversorum
1532 1601 1711 1632 generum,
1738 1601 1801 1624 non
1827 1593 1864 1623 fit

1090 1654 1193 1676 unum
1210 1655 1266 1685 per
1282 1645 1468 1682 essentiam,
1482 1647 1550 1685 jam
1575 1648 1660 1686 patet
1679 1646 1861 1686 responsio;

1089 1699 1253 1738 quoniam,
1280 1699 1360 1729 sicut
1383 1699 1571 1738 praedictum
1594 1699 1662 1737 fuit,
1684 1699 1863 1730 informatio

1090 1752 1216 1782 habitus
1242 1752 1385 1782 informis
1412 1752 1540 1782 virtutis
1564 1762 1582 1783 a
1606 1754 1709 1791 gratia
1732 1762 1797 1783 non
1818 1755 1864 1783 est

1087 1814 1143 1844 per
1157 1805 1355 1835 essentialem
1372 1805 1538 1843 unionem,
1555 1805 1607 1836 sed
1624 1805 1727 1844 magis
1750 1815 1864 1836 secun-

1087 1858 1165 1888 dum
1181 1858 1352 1897 quamdam
1366 1858 1598 1889 ordinationem
1610 1860 1640 1889 et
1655 1858 1861 1889 directionem

1088 1911 1120 1941 in
1138 1912 1246 1941 finem.
1263 1911 1343 1941 Nain
1366 1912 1491 1951 proprie
1511 1912 1670 1952 loquendo
1689 1911 1863 1942 accidentia

1088 1974 1152 1994 non
1167 1965 1285 1995 habent
1302 1965 1467 1996 materiam
1483 1967 1513 1996 et
1527 1966 1674 1996 formam.
1699 1965 1759 1995 Sed
1777 1964 1862 2004 quod

1087 2017 1200 2048 dicitur
1220 2018 1347 2049 habitus
1368 2019 1513 2049 informis
1530 2027 1597 2049 esse
1621 2017 1753 2049 materia
1771 2017 1861 2056 fidei,

1087 2074 1117 2101 et
1141 2071 1218 2102 illud
1246 2072 1331 2111 quod
1365 2072 1626 2112 superinducitur
1648 2081 1714 2102 esse
1743 2071 1861 2109 forma,

1088 2126 1147 2155 hoc
1167 2127 1213 2155 est
1236 2126 1412 2156 secundum
1444 2125 1617 2165 quamdam
1651 2124 1861 2164 comparatio-

1088 2188 1177 2216 0601,
1195 2179 1277 2209 510111
1299 2179 1386 2218 911115
1408 2179 1527 2209 dictum
1551 2180 1598 2209 est
1617 2179 1654 2209 de
1677 2178 1814 2215 lumine,
1832 2179 1862 2208 et

1087 2232 1201 2262 colore.
1216 2231 1304 2262 Unde
1320 2232 1400 2262 sicut
1414 2232 1541 2272 quando
1556 2232 1624 2262 dico
1638 2231 1768 2264 colorem
1783 2229 1860 2262 illu-

1086 2286 1264 2323 minatum,
1297 2285 1367 2315 dico
1398 2285 1481 2323 duo,
1508 2287 1615 2316 tamen
1644 2293 1699 2324 per
1727 2283 1859 2314 modum

1087 2338 1183 2368 unius
1195 2361 1203 2376 ,
1240 2340 1367 2378 propter
1402 2338 1461 2369 hoc
1489 2338 1572 2378 quod
1605 2337 1793 2368 ordinantur
1819 2335 1859 2366 ad

1086 2401 1189 2422 unum
1212 2393 1338 2428 actum,
1360 2391 1506 2422 videlicet
1526 2390 1563 2421 ad
1587 2389 1783 2421 movendum
1806 2389 1859 2420 vi-

1086 2455 1158 2476 sum
1171 2456 1178 2483 ;
1195 2445 1239 2475 510
1253 2445 1381 2485 quando
1395 2444 1464 2475 dico
1479 2444 1573 2474 fidem
1587 2443 1756 2474 formatam
1770 2466 1778 2481 ,
1795 2442 1859 2473 duo

1086 2499 1166 2537 dico,
1183 2499 1328 2530 videlicet
1341 2498 1448 2535 fidem,
1464 2499 1495 2527 et
1509 2496 1662 2536 gratiam,
1680 2498 1788 2527 tamen
1802 2504 1859 2535 per

1086 2552 1218 2583 modum
1234 2552 1340 2590 unius,
1356 2552 1484 2591 propter
1495 2550 1556 2581 1100
1569 2550 1655 2590 quod
1670 2549 1858 2580 ordinantur

1085 2605 1124 2636 ad
1146 2614 1249 2636 unum
1268 2614 1348 2645 opus
1368 2603 1586 2642 meritorium,
1603 2603 1718 2634 scilicet
1734 2602 1772 2633 ad
1787 2610 1859 2632 cre-

1085 2657 1224 2689 dendum
1239 2658 1273 2688 10
1287 2657 1399 2688 Deum.
