2017 2960
24 801 57 822 Ad
69 807 120 828 opp.

662 194 760 226 DIST.
782 193 820 225 V.
844 193 935 226 ΛΒΤ.
958 193 998 225 11.
1022 193 1170 231 QUAEST.
1195 193 1229 224 V.

185 266 264 297 Item
287 263 471 295 humanitas
494 264 540 293 est
564 263 666 293 forma
686 262 845 292 hominis:
864 261 918 292 sed

145 321 215 351 haec
230 317 412 358 simpliciter
427 316 627 347 conceditur:
653 327 666 345 «
681 315 780 346 Filius
799 314 849 345 Dei
866 323 917 344 as-

145 372 280 412 sumpsit
294 371 431 401 formam
449 369 588 400 hominis
599 394 606 406 ‚
628 380 642 396 »
662 369 743 399 sicut
759 367 874 398 dicitur
886 368 894 383 ¹
910 378 916 397 τ

148 424 341 457 Humiliavz‘c
355 424 566 463 semetipsam,
582 424 718 461 formam
733 422 818 453 servi
834 421 919 452 acci-

143 480 235 519 piens
251 489 262 509 .·
277 487 355 516 ergo
373 479 403 507 et
422 477 479 507 ista
494 487 500 507 ε
530 489 543 505 α
564 475 662 506 Filius
680 475 731 505 Dei
748 473 920 513 assumpsit

145 531 391 562 humanitatem.
408 540 421 558 »

184 584 264 615 Item
284 584 353 615 haec
374 585 421 614 est
442 581 626 621 simpliciter
647 589 722 611 vera
746 589 754 609 ε
783 591 796 606 (ι
823 579 920 609 Filius

145 638 199 669 Dei
215 638 310 669 habet
326 636 578 668 humanitatem:
602 646 616 662 »
636 636 666 664 et
687 642 757 664 eam
782 642 845 663 non
861 633 918 663 ha-

144 692 214 723 huit
228 692 267 722 ab
278 693 408 727 aeterno,
425 689 479 719 sed
493 687 708 727 temporaliter
722 695 819 726 :ergo
835 686 921 717 vide-

146 744 199 774 tur
213 742 297 782 quod
313 750 383 772 eam
397 740 578 779 assumpsit.

185 795 245 826 Sed
269 796 378 825 eontra
402 805 408 824 ι
441 795 469 823 1.
500 792 691 823 Humanitas
718 791 922 831 consequitur

146 849 298 880 unionem
315 847 432 878 animae
446 856 520 877 cum
533 855 663 886 corpore
677 857 683 876 2
701 845 754 876 sed
769 846 878 875 anima
891 847 923 876 et

145 909 257 940 corpus
275 909 342 931 non
364 900 496 931 fuerunt
510 900 599 940 prius
620 900 728 938 unita,
750 908 848 939 quam
871 908 921 929 as—

144 955 272 994 sumpta
291 965 297 984 :
329 963 408 993 ergo
419 977 428 992 ,
458 953 484 983 si
514 955 716 993 assumptum
745 952 922 983 secundum

145 1008 290 1039 ordinem
307 1007 485 1038 naturalem
506 1006 657 1046 praecedit
678 1006 780 1046 ipsam
796 1015 921 1036 assum-

145 1061 299 1101 ptionem,
313 1060 440 1092 videtur
449 1060 533 1100 quod
545 1060 614 1090 haec
627 1060 668 1090 sit
682 1059 759 1090 falsa
775 1070 781 1090 :
798 1059 923 1090 «Filius

146 1114 198 1145 Dei
212 1114 383 1154 assumpsit
396 1113 640 1144 humanitatem,
657 1124 671 1141 »

186 1171 215 1199 2.
244 1167 323 1198 Item
348 1167 451 1206 magis
473 1167 632 1206 significat
655 1166 690 1196 in
713 1166 923 1196 abstractione

146 1221 206 1252 hoc
220 1229 353 1258 nomen,
373 1220 579 1257 humanitas,
596 1228 694 1259 quam
711 1219 771 1249 hoc
792 1228 922 1256 nomen,

146 1275 236 1307 homo
253 1286 264 1306 .·
287 1274 340 1305 sed
362 1273 444 1304 Deus
464 1283 530 1304 non
550 1273 721 1312 assumpsit
746 1272 923 1303 humanam

146 1331 296 1360 naturam
310 1328 343 1358 in
358 1327 542 1365 universali,
559 1327 613 1358 sed
627 1328 637 1343 ²
652 1327 687 1357 in
704 1329 829 1357 atomo:
846 1336 924 1366 ergo

146 1382 216 1413 haec
231 1384 277 1412 est
298 1381 404 1421 magis
418 1381 593 1421 impropria
611 1392 617 1411 :
638 1392 652 1409 u
667 1381 845 1420 Assumpsit
860 1380 925 1410 hu-

148 1435 346 1473 manitatem,
359 1445 372 1463 »
385 1444 483 1475 quam
497 1435 566 1466 haec
580 1446 586 1465 z
608 1447 622 1463 α
632 1435 812 1474 Assumpsit
823 1434 926 1464 homi-

148 1498 240 1520 nem:
258 1499 272 1516 »
292 1497 370 1528 ergo
384 1491 430 1519 est
444 1488 530 1519 falsa.

189 1545 217 1573 3.
239 1541 337 1579 Item,
363 1541 389 1571 si
414 1542 585 1581 assumpsit
610 1540 865 1578 humanitatem,
896 1542 926 1571 et

148 1604 316 1635 nunquam
337 1595 481 1635 deposuit
500 1595 584 1634 quod
599 1594 782 1633 assumpsit,
800 1603 926 1633 semper

148 1649 262 1680 habuit
275 1649 508 1679 humanitatem
522 1659 527 1679 :
541 1648 594 1678 sed
608 1648 694 1688 quod
705 1648 800 1678 hahet
813 1648 927 1678 huma·

148 1703 278 1734 nitatem
294 1711 434 1742 semper,
455 1711 580 1741 semper
604 1703 650 1732 est
665 1701 782 1732 homo:
800 1710 878 1740 ergo
893 1702 925 1731 in

147 1757 254 1788 triduo
269 1756 328 1787 fuit
344 1756 452 1787 homo.
468 1756 565 1786 Juxta
584 1756 643 1786 hoc
662 1755 833 1795 quaeritur,
849 1755 926 1794 quid

149 1811 280 1842 nomine
288 1809 498 1841 humanitatis
508 1809 711 1848 intelligitur,
725 1818 798 1839 cum
810 1809 927 1839 dicitur

150 1863 204 1895 Dei
219 1864 336 1895 Filium
351 1863 558 1903 assumpsisse
572 1863 819 1893 humanitatem.

427 1985 655 2018 CONCLUSIO.

152 2073 348 2101 concedendum
354 2074 392 2100 est
401 2071 471 2106 quod
478 2072 564 2099 Filius
575 2072 624 2098 Dei
638 2073 783 2106 assumpsit
799 2072 926 2098 humant*-

189 2120 271 2146 tatem
280 2138 289 2152 ,
305 2126 363 2145 cum
375 2125 482 2145 carnem
497 2120 521 2144 et
536 2119 672 2150 animam,
697 2119 863 2151 formamque
877 2117 927 2143 hu-

187 2171 297 2190 manam
310 2163 492 2197 assumpserit.

194 2244 287 2285 Resp.
320 2244 359 2276 ad
390 2253 460 2283 arg.
493 2243 669 2274 Dicendum
696 2243 782 2283 quod
810 2252 929 2274 nomen

153 2297 362 2330 humanitatis
377 2297 543 2328 consuevit
555 2297 720 2337 tripliciter
736 2297 845 2337 accipi.
861 2296 930 2327 Uno

155 2352 248 2383 modo
282 2361 338 2392 per
366 2350 600 2382 humanitatem
632 2352 765 2390 possunt
793 2350 930 2389 intelligi

155 2405 310 2445 principia
320 2403 546 2435 constituentia
561 2403 743 2441 hominem;
760 2404 821 2434 alio
836 2405 930 2435 modo

157 2467 212 2498 per
225 2459 458 2489 humanitatem
471 2459 572 2497 potest
585 2458 721 2497 intelligi
737 2458 839 2488 forma
854 2467 927 2488 con-

158 2520 293 2551 sequens
325 2513 428 2543 totum
459 2511 669 2551 compositum
684 2522 690 2549 3
717 2512 810 2542 tertio
837 2512 931 2542 modo

158 2564 287 2595 nomine
300 2564 506 2596 humanitatis
520 2566 621 2604 potest
634 2564 770 2604 intelligi
784 2574 841 2604 pro
845 2565 930 2604 prie-

193 2646 199 2661 ¹
214 2644 319 2675 th'lfp„
335 2651 363 2674 11,
389 2647 416 2673 8,
431 2646 454 2669 7.
473 2658 504 2663 —
524 2646 533 2662 ἲ
545 2646 674 2676 Damaso„
688 2645 718 2669 de
739 2645 802 2669 Fide
823 2645 931 2675 orthod„

159 2681 194 2708 lib
218 2681 260 2712 111,
277 2687 299 2704 c.
315 2686 383 2704 XL—
397 2680 407 2697 ³
422 2681 484 2705 Dist.
497 2687 526 2706 11.
537 2682 581 2699 -δ
593 2683 720 2712 Damaso„
736 2682 777 2706 lib.
790 2685 843 2712 cn„
859 2687 929 2706 c.v1.

1692 195 1748 224 ¹37

974 263 1022 291 tas
1032 269 1230 301 consequens
1240 261 1347 300 ipsum
1357 260 1534 298 hominem,
1548 260 1581 290 in
1591 262 1749 300 quantum

975 316 1021 344 est
1035 314 1132 345 homo
1148 325 1154 345 τ
1171 316 1201 344 et
1216 314 1273 344 iste
1290 313 1405 353 triplex
1422 313 1599 344 intellectus
1614 313 1751 344 habetur

976 377 1013 398 ex
1030 368 1136 399 verbis
1151 367 1293 406 Magistri
1308 368 1329 405 ³,
1346 367 1402 397 ubi
1418 368 1586 397 confirmat
1600 366 1751 406 Magister

976 425 1006 453 et
1028 423 1163 453 ostendit
1181 422 1382 459 auctoritate,
1399 431 1431 452 se
1450 421 1579 452 nomine
1602 422 1752 452 humani-

976 475 1048 505 tatis
1066 484 1180 514 corpus
1196 477 1225 504 et
1237 475 1377 505 animam
1393 475 1581 514 intelligere.
1597 475 1753 506 Omnibus

976 530 1083 558 autem
1109 529 1159 558 his
1180 529 1281 559 modis
1305 529 1542 559 concedendum
1567 531 1613 560 est
1634 529 1752 559 Filium

976 581 1030 612 Dei
1046 581 1252 621 assumpsisse
1271 582 1515 612 humanitatem.
1535 583 1567 613 Si
1587 582 1673 613 enim
1695 591 1754 612 no—

977 635 1063 665 mine
1088 635 1297 665 humanitatis
1324 636 1545 675 intelligantur
1573 637 1641 675 ipsa
1665 636 1754 676 prin-

977 688 1059 728 cipia
1070 689 1293 719 constituentia
1303 689 1480 726 hominem,
1489 690 1635 720 videlieet
1645 690 1754 720 anima

978 744 1007 772 et
1022 751 1106 778 caro,
1122 742 1242 782 absque
1259 742 1355 773 dubio
1367 752 1483 773 verum
1498 745 1544 773 est
1558 743 1642 783 quod
1657 742 1755 773 Filius

978 795 1031 826 Dei
1047 795 1218 835 assumpsit
1232 796 1480 834 humanitatem,
1502 797 1533 827 id
1551 798 1597 827 est
1613 796 1754 827 animam

978 851 1007 880 et
1022 858 1162 879 carnem.
1180 849 1259 879 Item
1270 874 1277 887 ,
1295 849 1320 879 si
1337 850 1467 880 nomine
1481 850 1690 880 humanitatis
1706 851 1754 879 in-

978 903 1134 942 telligitur
1159 903 1262 933 forma
1285 903 1399 941 totius,
1426 903 1530 934 adhuc
1554 904 1648 934 habet
1668 903 1754 934 veri—

978 958 1092 987 tatem:
1108 968 1121 985 «
1131 956 1229 986 Filius
1241 956 1294 987 Dei
1304 957 1726 996 assumpsithumanitatem,
1738 968 1751 984 »

978 1009 1009 1040 id
1025 1011 1070 1040 est
1089 1009 1225 1039 formam
1249 1010 1442 1046 humanam,
1459 1011 1553 1050 juxta
1576 1009 1654 1040 illud
1670 1010 1755 1050 quod

978 1063 1095 1093 dicitur
1110 1075 1116 1093 2
1146 1063 1342 1095 Humilz'cwz't
1369 1064 1589 1103 semetipsum,
1621 1064 1756 1101 sormam

979 1118 1066 1148 servi
1079 1117 1252 1156 accipiens.
1268 1117 1442 1155 Postremo,
1460 1117 1486 1147 si
1499 1116 1629 1147 nomine
1645 1116 1757 1146 huma-

980 1169 1086 1198 nitatis
1116 1169 1185 1209 ipsa
1213 1170 1389 1209 proprietas
1416 1179 1613 1209 consequens
1640 1169 1757 1199 intelli-

980 1222 1080 1261 gitur,
1096 1223 1201 1253 adhuc
1223 1223 1389 1253 veritatem
1412 1223 1528 1254 habet:
1554 1235 1569 1252 «
1589 1222 1688 1252 Filius
1704 1222 1757 1252 Dei

979 1276 1150 1316 assumpsit
1171 1277 1347 1307 humanam
1369 1279 1539 1307 naturam:
1563 1287 1577 1303 >³
1600 1276 1675 1315 quia
1694 1285 1758 1306 non

980 1329 1085 1359 solum
1104 1331 1245 1360 nostram
1265 1332 1414 1360 naturam
1436 1330 1613 1359 humanam
1629 1338 1758 1359 assum-

980 1382 1062 1422 psit,
1088 1383 1140 1413 sed
1167 1384 1374 1423 proprietates
1400 1385 1648 1422 consequentes,
1678 1382 1759 1412 sicut

981 1437 1054 1467 dicit
1070 1437 1282 1468 Damascenus
1293 1438 1312 1468 t.
1327 1438 1359 1468 Si
1371 1438 1443 1478 quis
1456 1439 1563 1468 autem
1576 1437 1635 1467 hoe
1646 1436 1758 1467 ultimo

982 1491 1076 1521 modo
1094 1492 1199 1522 solum
1212 1491 1369 1529 intelligat
1380 1491 1463 1531 quod
1479 1490 1686 1530 assumpserit
1700 1489 1759 1519 hu—

983 1545 1188 1583 manitatem,
1215 1545 1244 1575 id
1274 1548 1319 1575 est
1346 1545 1488 1575 hominis
1512 1544 1757 1584 proprietatem,

983 1600 1067 1628 errat
1084 1599 1165 1629 circa
1182 1598 1410 1628 incarnationis
1425 1597 1591 1628 veritatem
1606 1608 1613 1627 ·.
1636 1598 1760 1636 oportet

982 1652 1068 1682 enim
1085 1661 1214 1691 ponere,
1229 1652 1313 1691 quod
1326 1652 1385 1682 hoc
1396 1651 1511 1690 triplici
1528 1650 1620 1681 modo
1637 1649 1759 1680 dicendi

982 1705 1082 1736 Filius
1095 1705 1148 1736 Dei
1163 1706 1369 1745 assumpserit
1382 1714 1491 1736 veram
1505 1704 1757 1741 humanItatem3

982 1762 1011 1790 et
1028 1759 1237 1790 concedendas
1253 1761 1327 1789 sunt
1340 1759 1477 1789 rationes
1490 1758 1528 1788 ad
1541 1759 1623 1788 hanc
1638 1759 1760 1797 partem

982 1813 1133 1844 inductae.

1026 1871 1053 1898 1.
1071 1868 1119 1898 Ad
1143 1867 1220 1898 illud
1245 1867 1331 1907 quod
1351 1866 1511 1905 objicitur,
1537 1865 1621 1905 quod
1642 1865 1760 1895 huma-

984 1922 1067 1953 nitas
1083 1921 1289 1961 consequitur
1304 1921 1473 1957 unionem,
1491 1919 1661 1950 dicendum
1676 1919 1761 1959 quod

984 1975 1190 2015 consequitur
1205 1975 1359 2005 unionem
1376 1974 1493 2004 animae
1508 1973 1546 2003 ad
1564 1982 1696 2012 corpus,
1713 1982 1760 2002 se-

984 2029 1127 2060 cundum
1151 2029 1234 2068 quod
1260 2029 1419 2059 uniuntur
1443 2028 1475 2057 in
1503 2026 1761 2057 constitutionem

985 2085 1126 2117 naturae,
1151 2091 1216 2112 nou
1239 2081 1414 2111 secundum
1440 2080 1523 2120 quod
1549 2080 1704 2110 uniuntur
1728 2080 1762 2109 in

985 2137 1142 2167 unitatem
1157 2144 1312 2176 personae.
1338 2135 1445 2165 Posset
1468 2134 1564 2164 etiam
1579 2133 1658 2170 dici,
1677 2133 1761 2172 quod

985 2190 1134 2230 quaedam
1157 2192 1232 2219 sunt
1257 2188 1345 2228 prius
1366 2190 1544 2228 assumpta,
1561 2189 1592 2218 et
1612 2186 1761 2227 quaedam

986 2246 1186 2283 coassumpta
1207 2254 1213 2273 z
1236 2245 1266 2273 et
1288 2243 1438 2283 quamvis
1462 2242 1571 2272 anima
1592 2243 1622 2272 et
1647 2249 1762 2279 corpus

986 2298 1090 2337 primo
1105 2299 1267 2336 assumpta
1282 2297 1345 2327 sint
1359 2306 1377 2327 a
1392 2296 1495 2327 Verbo
1508 2307 1513 2326 :
1530 2298 1638 2326 tamen
1654 2293 1762 2324 omnia

986 2360 1060 2391 quae
1077 2351 1116 2381 ad
1133 2360 1170 2381 ea
1184 2351 1434 2390 consequuntur,
1451 2349 1512 2379 (liei
1528 2349 1659 2388 possunt
1673 2355 1762 2377 coas-

987 2407 1125 2444 sumpta.
1148 2403 1236 2434 Unde
1254 2404 1331 2443 quia
1345 2404 1453 2433 anima
1474 2404 1505 2432 et
1526 2410 1642 2441 corpus
1662 2399 1762 2430 habe-

987 2459 1065 2489 bant
1086 2457 1311 2498 proprietatem
1335 2456 1547 2497 passibilitatis
1560 2479 1567 2491 ,
1590 2454 1688 2484 Filius
1708 2453 1762 2483 Dei

988 2511 1159 2551 assumpsit
1183 2510 1431 2550 passibilitatem.
1452 2509 1490 2540 Et
1510 2517 1565 2548 per
1586 2508 1673 2538 hunc
1692 2515 1763 2537 mo-

988 2566 1065 2596 dum
1097 2564 1335 2595 concedendum
1367 2566 1412 2594 est
1440 2562 1525 2602 quod
1556 2560 1763 2600 assumpserit

988 2619 1222 2650 humanitatem
1234 2642 1242 2656 ,
1272 2616 1544 2657 quemadmodum
1580 2614 1763 2645 conceditur

989 2672 1073 2712 quod
1098 2671 1304 2711 assumpserit
1331 2670 1585 2710 passibilitatem,
1613 2666 1762 2708 quamvis
