2017 2960
106 956 207 977 fundam.

715 181 811 213 DIST.
836 181 943 212 XXIII.
967 181 1059 214 ART.
1085 183 1106 213 I.
1131 183 1278 221 QUAEST.
1301 185 1324 216 1.

220 249 386 288 diminuta,
401 249 465 280 sive
478 249 616 280 informi.
633 249 719 280 Circa
742 250 883 289 prImum
899 258 990 289 quae-

221 305 337 333 runtur
351 302 494 342 quinque
509 313 516 333 ε
534 303 637 342 primo
652 302 806 343 quaeritur
820 304 931 332 utrum
954 303 993 331 fi-

221 355 275 385 des
289 355 328 385 sit
344 355 446 386 virtus
460 357 586 395 proprie
600 356 699 393 dicta3
721 356 859 386 secundo
874 355 991 395 quaeri-

221 410 274 438 tur
295 410 407 438 utrum
428 409 468 438 sit
490 409 523 439 in
539 412 628 448 parte
640 409 756 439 anImae
771 408 928 444 affectiva,
942 407 993 438 vel

219 461 395 500 cognitiva5
421 462 512 493 tertio
527 463 684 502 quaeritur
700 465 810 492 utrum
837 463 878 492 sit
892 462 994 492 virtus

220 523 300 552 una,
319 517 433 554 quarto
448 516 603 555 quaeritur
619 518 730 546 utrum
752 515 792 545 sit
810 517 907 545 tantae
923 523 993 545 cer-

219 567 375 605 titudinis,
392 570 521 608 quantae
547 569 742 600 certitudinis
773 571 819 598 est
844 568 973 599 scientia
983 578 991 605 ς

220 621 332 660 quinto
352 622 509 661 quaeritur
533 622 571 652 de
597 621 809 652 notificatione
836 621 935 661 ipsius
954 621 994 651 ab

222 674 370 713 Apostolo
385 675 556 714 assignata.

499 788 677 826 QUAESTlo
700 789 723 819 1.

458 865 502 891 An
517 864 580 898 fides
591 866 628 891 sit
641 866 728 891 virtus
740 865 758 890 ¹.

266 945 378 976 Utrum
402 945 479 975 fides
500 945 540 975 sit
561 945 663 975 virtus
681 955 687 975 :
706 946 736 975 et
757 944 921 984 loquImur
946 945 998 975 hic

226 999 263 1029 de
284 999 356 1037 fide,
375 1008 439 1038 qua
468 998 539 1037 quis
555 998 652 1028 credit
673 998 704 1028 in
725 997 838 1028 Deum.
860 997 897 1028 Et
914 997 998 1037 quod

228 1053 283 1090 sic,
299 1052 474 1082 ostenditur
491 1063 496 1082 :
516 1051 604 1088 Quod
620 1054 666 1082 est
680 1051 872 1091 principium
882 1054 1000 1083 nostrae

227 1105 347 1143 salutis,
376 1105 473 1135 habet
492 1106 647 1135 rationem
671 1105 798 1136 virtutis
818 1116 824 1135 :
849 1105 903 1135 sed
924 1105 1001 1135 fides

227 1160 273 1188 est
286 1158 485 1197 hujusmodi,
502 1158 677 1188 secundum
692 1158 778 1197 quod
788 1166 872 1197 saepe
887 1158 1002 1188 dicitur

228 1212 259 1240 in
276 1210 450 1249 Evangelio
465 1212 475 1227 ²
492 1221 498 1241 τ
521 1211 615 1242 Fides
641 1214 696 1242 tua
718 1215 745 1242 ze
765 1211 889 1242 salvam
905 1211 980 1249 fecit
993 1220 1003 1241 .·

227 1273 305 1303 ergo
317 1264 392 1294 fides
408 1266 454 1294 est
466 1264 580 1294 virtus.

268 1317 347 1348 Item
374 1317 459 1357 quod
485 1320 531 1348 est
556 1317 748 1357 principium
773 1317 1003 1357 purificationis

228 1371 340 1408 cordis,
357 1371 454 1402 habet
467 1371 625 1401 rationem
651 1371 778 1401 virtutis
792 1380 801 1408 3
815 1371 896 1401 sicut
916 1371 1003 1401 enim

228 1432 283 1454 cor
309 1432 374 1454 non
398 1423 621 1463 coinquinatur
635 1424 696 1454 nisi
720 1433 776 1463 per
804 1424 919 1456 vitium
933 1447 941 1460 ,
958 1423 1002 1454 sic

229 1486 293 1507 non
307 1477 494 1516 purificatur
508 1477 569 1507 nisi
584 1486 640 1516 per
654 1477 806 1507 virtutem
825 1486 832 1507 :
849 1476 903 1507 sed
926 1476 1003 1507 fides

229 1531 276 1560 est
289 1529 478 1569 principium
506 1530 735 1570 purificationis
760 1529 873 1568 cord1s,
890 1538 1003 1560 secun-

229 1584 306 1614 dum
324 1583 409 1623 quod
430 1583 544 1614 dicitur
559 1586 568 1602 ³
585 1595 592 1614 :
611 1583 689 1615 Fide
712 1585 891 1623 purificans
907 1583 1005 1615 corda

231 1642 349 1673 eorum,
362 1637 422 1665 etc.

272 1687 351 1718 Item
365 1687 470 1718 omnis
493 1687 632 1724 habitus,
659 1687 714 1727 qui
740 1690 787 1718 est
812 1688 1005 1727 principium

231 1740 348 1772 divinae
370 1740 570 1780 acceptionis,
586 1740 682 1771 habet
697 1740 854 1771 rati0nem
866 1740 1004 1777 virtutis,

232 1794 372 1825 maxime
386 1803 462 1824 cum
485 1794 612 1834 respicit
633 1794 881 1825 determinatum
902 1803 1007 1833 genus

232 1847 337 1887 operis
359 1856 367 1877 ε
385 1847 438 1878 sed
462 1847 540 1878 fides
555 1849 601 1878 est
614 1847 812 1887 hujusmodi,
831 1847 1007 1878 secundum

233 1901 317 1941 quod
333 1901 447 1931 dicitur
463 1900 506 1931 ad
521 1900 668 1932 Hebroeos
685 1903 696 1919 Β
706 1912 718 1932 .·
729 1900 804 1932 Sine
815 1899 879 1939 fide
894 1901 1009 1940 impos-

234 1954 325 1986 sibile
350 1958 394 1986 est
418 1955 541 1994 placere
564 1955 626 1986 Deo
649 1965 660 1985 :
680 1964 758 1994 ergo
779 1955 858 1986 fides
882 1955 1009 1995 plenam

235 2010 266 2037 et
277 2008 448 2047 perfectam
461 2008 493 2038 iu
506 2018 539 2039 se
553 2008 692 2039 continet
702 2008 858 2038 rationem
871 2007 1007 2038 virtutiS.

259 2082 262 2084 -
276 2060 354 2091 Item
368 2061 454 2101 quod
481 2061 634 2092 directam
648 2061 743 2091 habet
757 2061 1010 2091 contrarietatem

236 2114 274 2144 ad
291 2114 406 2145 vitium
421 2116 452 2144 et
464 2116 641 2154 peccatum,
657 2114 760 2145 virtus
774 2116 820 2144 est
837 2125 843 2144 z
867 2114 920 2145 sed
933 2114 1012 2145 fides

237 2169 283 2198 est
303 2167 501 2207 huJusmodi,
523 2167 676 2207 quoniam
697 2167 813 2198 directe
840 2167 1012 2207 opponitur

238 2221 354 2251 haeresi
369 2223 400 2251 et
412 2220 601 2259 infidelitati,
627 2229 700 2261 quae
713 2223 788 2251 sunt
800 2221 876 2252 vitia
894 2223 925 2252 et
940 2229 1012 2260 pec-

239 2276 308 2305 cata
321 2274 362 2314 (a)
383 2285 389 2305 :
405 2283 483 2313 ergo
497 2274 575 2305 fides
586 2276 632 2305 est
647 2274 749 2305 virtus
764 2274 890 2314 proprie
906 2274 988 2305 dieta
1004 2285 1010 2305 ε

279 2346 362 2369 ¹Al··x.
375 2345 481 2374 Mensis,
495 2353 518 2376 p.
530 2351 569 2375 iii,
583 2351 688 2375 q.1,x1v,
699 2345 794 2370 memb.
814 2348 836 2375 33
854 2348 879 2369 S.
893 2346 1013 2377 Thomas,

243 2382 299 2411 l-ll‚
313 2388 338 2412 q.
357 2387 416 2412 va,
431 2383 477 2405 art.
497 2383 528 2411 ⁴¹¹3
547 2383 571 2404 ct
587 2382 653 2411 ll-ll,
666 2388 690 2411 q.
704 2387 739 2412 iv,
751 2384 798 2405 art..
810 2383 838 2411 ³⁸¹3
851 2384 874 2405 ct
890 2382 920 2405 lll
934 2382 1014 2411 Sene„

242 2416 298 2440 dist.
310 2423 375 2446 xxu,
387 2423 412 2447 q.
422 2423 450 2446 11,
462 2419 509 2441 art.
522 2418 584 2447 4,(1.
599 2423 603 2440 l
616 2424 623 2447 3
635 2419 659 2441 et
670 2417 699 2440 tle
709 2417 795 2448 revit„
808 2424 832 2448 q.
854 2423 909 2446 ΧΠ,
924 2419 971 2441 επὶ,
983 2419 1013 2447 3;

242 2451 358 2475 Ricliard.
376 2453 406 2476 Ill
421 2452 489 2481 Sent,
504 2452 648 2481 dishxxiu,
660 2454 708 2476 art.
721 2454 743 2483 4,
759 2460 784 2483 q.
800 2453 888 2482 113Th.
900 2454 1017 2483 Argenti,

277 2495 306 2524 (α)
319 2495 379 2519 Coel.
395 2495 457 2520 edit.
471 2498 615 2527 peccatum.

1760 196 1818 225 483

1049 253 1079 280 et
1106 250 1166 280 hoc
1190 252 1293 291 ipsum
1322 255 1422 292 potest
1450 255 1577 293 probari
1603 266 1749 297 expresse
1765 269 1820 299 per

1048 304 1269 335 auctoritatem
1285 305 1458 344 Augustini
1469 307 1479 323 ⁵
1497 307 1529 337 in
1544 308 1658 340 littera.

1089 356 1147 387 Sed
1162 360 1272 388 contra
1289 369 1294 388 :
1317 361 1342 389 I.
1360 359 1395 389 In
1415 360 1524 391 eodem
1544 371 1661 400 genere
1677 366 1750 394 sunt
1766 374 1822 396 ex-

1048 410 1149 439 trema
1175 412 1204 439 et
1234 411 1374 441 medium
1385 436 1393 450 ,
1417 421 1473 452 pro
1500 421 1537 444 eo
1567 415 1652 453 quod
1682 416 1823 448 medium

1049 461 1214 501 participat
1241 466 1390 494 naturam
1414 468 1633 497 extremorum
1654 477 1661 498 ε
1679 469 1732 499 sed
1748 470 1824 501 fides

1049 516 1096 543 est
1127 515 1271 545 medium
1292 516 1374 548 inter
1394 519 1575 557 opinionem
1597 523 1628 552 et
1651 522 1823 560 scientiam,

1049 566 1130 596 sicut
1144 566 1220 597 dicit
1235 569 1388 607 magister
1402 570 1497 611 Hugo
1512 573 1544 603 in
1559 573 1639 604 libro
1655 574 1693 606 cle
1712 575 1826 608 Sacra—

1049 619 1181 658 menlis,
1198 621 1252 651 ubi
1277 622 1363 660 dicit,
1391 625 1476 663 quod
1500 625 1577 656 fides
1601 630 1648 658 est
1671 629 1826 661 certitudo

1050 672 1088 702 de
1114 673 1209 704 rebus
1238 674 1432 714 absentibus,
1457 686 1554 717 supra
1580 680 1774 719 opinionem,
1797 685 1827 713 et

1052 726 1134 756 infra
1163 727 1326 758 scientiam
1342 730 1522 762 constituta.
1541 731 1573 762 Si
1587 742 1664 772 ergo
1680 743 1737 764 nec
1758 735 1828 774 opi-

1053 779 1118 816 nio,
1135 789 1194 811 nec
1207 781 1337 812 scientia
1357 785 1403 813 est
1424 783 1458 813 in
1479 793 1597 824 genere
1617 786 1755 824 virtutis,
1777 797 1829 819 ne-

1053 834 1187 864 cessario
1201 835 1290 874 sequi
1302 835 1440 875 videtur,
1451 838 1535 877 quod
1553 847 1610 870 nec
1625 839 1703 870 fides
1718 839 1750 870 in
1769 849 1829 880 ge-

1052 896 1127 917 nere
1142 887 1269 918 virtutis
1283 889 1492 921 contineatur.

1093 940 1123 968 9..
1143 938 1221 968 Item
1235 939 1362 970 habitus
1387 941 1633 981 distinguuntur
1646 953 1702 983 per
1725 946 1825 983 actus,

1054 994 1085 1022 et
1100 994 1188 1022 actus
1201 1002 1257 1032 per
1273 994 1405 1033 objetta.
1424 995 1459 1025 In
1474 995 1534 1026 hoc
1541 999 1649 1028 autem
1663 998 1831 1038 distingui-

1055 1047 1107 1075 tur
1130 1045 1232 1076 virtus
1265 1049 1295 1077 et
1328 1048 1458 1079 scIentia
1486 1050 1662 1081 secundum
1689 1050 1833 1083 Philoso-

1055 1098 1156 1138 phum
1170 1102 1192 1135 ὃ,
1209 1100 1295 1138 quod
1306 1100 1408 1131 virtus
1422 1103 1469 1132 est
1488 1102 1520 1132 in
1537 1102 1671 1142 bonum,
1687 1107 1718 1135 et
1735 1105 1833 1136 scien-

1056 1151 1100 1181 tia
1114 1154 1160 1182 est
1175 1152 1208 1182 in
1221 1162 1336 1183 verum
1351 1164 1358 1183 ι
1377 1154 1430 1184 sed
1446 1155 1523 1186 fides
1538 1158 1584 1186 est
1598 1156 1630 1187 in
1645 1166 1759 1188 verum
1775 1158 1833 1189 sub

1056 1204 1180 1235 ratione
1197 1206 1263 1235 veri
1281 1216 1286 1235 :
1313 1215 1391 1245 ergo
1419 1208 1497 1238 fides
1521 1218 1585 1239 non
1603 1212 1650 1240 est
1669 1210 1703 1240 in
1717 1220 1834 1250 genere

1058 1257 1195 1295 virtutis,
1213 1257 1266 1288 sed
1280 1259 1384 1297 magis
1399 1260 1433 1290 in
1450 1270 1568 1299 genere
1583 1262 1734 1294 scientiae.
1747 1263 1834 1300 Quod

1057 1312 1165 1340 autem
1182 1311 1260 1341 fides
1287 1311 1327 1341 sit
1355 1312 1389 1342 in
1404 1322 1520 1344 verum
1536 1315 1596 1345 sub
1612 1316 1733 1347 ratione
1754 1316 1833 1352 veri,

1059 1365 1154 1403 patet,
1171 1364 1325 1403 quoniam
1338 1365 1411 1396 fidei
1430 1369 1476 1397 est
1490 1368 1640 1399 assentire
1654 1369 1767 1410 primae
1781 1378 1835 1401 ve-

1059 1416 1145 1446 ritati
1160 1419 1290 1456 propter
1303 1427 1336 1448 se
1350 1421 1381 1449 et
1395 1428 1492 1459 super
1506 1421 1626 1452 omnia.

1101 1472 1129 1500 3.
1162 1469 1239 1500 Item
1265 1470 1476 1511 vituperabile
1504 1476 1550 1504 est
1588 1476 1676 1505 omni
1708 1475 1836 1508 habenti

1061 1532 1156 1554 usum
1171 1524 1303 1554 rationis
1315 1525 1394 1555 velle
1408 1526 1527 1566 aliquid
1542 1527 1610 1559 sine
1625 1529 1765 1560 ratione:
1782 1530 1835 1560 sed

1061 1577 1138 1607 fides
1152 1586 1215 1616 qua
1242 1577 1401 1609 credimus
1426 1579 1459 1609 in
1488 1579 1602 1618 Deum,
1625 1590 1690 1612 non
1704 1583 1838 1623 requirit

1060 1630 1217 1660 rationem
1230 1641 1237 1661 ε
1255 1639 1333 1669 ergo
1353 1631 1424 1662 talis
1438 1632 1516 1663 fides
1531 1634 1751 1674 vituperabilis
1765 1637 1811 1666 est
1829 1646 1835 1667 ε

1062 1682 1115 1713 sed
1131 1682 1212 1712 nihil
1227 1684 1312 1723 quod
1328 1685 1374 1714 est
1390 1685 1617 1725 vituperabile,
1632 1687 1729 1719 habet
1742 1689 1839 1720 ratio-

1062 1744 1137 1766 nem
1152 1736 1278 1766 virtutis
1296 1747 1302 1767 τ
1315 1746 1395 1776 ergo
1410 1738 1466 1769 ubi
1481 1741 1528 1770 est
1549 1740 1626 1771 fides
1636 1765 1644 1779 ,
1660 1750 1724 1772 non
1739 1744 1839 1782 potest

1063 1798 1130 1819 esse
1144 1789 1248 1819 virtus
1262 1789 1295 1819 in
1310 1791 1412 1821 nobis.

1104 1846 1133 1874 4.
1151 1844 1229 1874 Item
1244 1847 1365 1885 quanto
1380 1846 1495 1886 aliquis
1509 1849 1598 1878 aetus
1608 1849 1654 1879 est
1665 1849 1836 1880 rationabi-

1064 1899 1136 1938 lior,
1154 1902 1242 1931 tanto
1263 1903 1310 1931 est
1325 1901 1436 1932 virtuti
1463 1903 1641 1942 proximior
1657 1915 1663 1935 :
1680 1913 1759 1944 ergo
1773 1914 1841 1935 cre-

1066 1953 1141 1984 dere
1158 1962 1215 1993 per
1231 1953 1388 1985 rationem
1403 1958 1571 1995 cogentem
1588 1956 1659 1997 plus
1675 1961 1794 1998 spectat
1804 1959 1841 1989 ad

1065 2006 1231 2044 virtutem,
1252 2016 1350 2046 quam
1372 2008 1498 2040 credere
1519 2010 1640 2051 absque
1657 2012 1790 2043 ratione..
1810 2011 1843 2043 Si

1066 2068 1145 2099 ergo
1168 2059 1336 2090 credulitas
1362 2069 1460 2100 quam
1483 2063 1555 2102 quis
1583 2063 1678 2095 habet
1701 2074 1759 2105 per
1772 2065 1841 2096 vio-

1066 2112 1200 2143 lentiam
1227 2113 1372 2152 rationis,
1387 2123 1446 2145 nec
1461 2117 1508 2145 est
1533 2116 1648 2156 virtus,
1672 2126 1730 2148 nec
1756 2120 1844 2149 actus

1068 2167 1207 2205 virtutis,
1224 2167 1326 2198 multo
1343 2168 1457 2199 fortius
1474 2169 1602 2202 videtur
1620 2172 1707 2211 quod
1721 2172 1789 2212 ipsa
1803 2173 1843 2202 fi-

1068 2220 1133 2258 des,
1149 2229 1222 2260 quae
1232 2221 1388 2252 rationem
1399 2231 1466 2253 non
1481 2224 1637 2263 sequitur,
1657 2234 1717 2256 nec
1730 2225 1844 2256 rationi

1069 2274 1229 2311 innuitur,
1251 2276 1355 2305 careat
1370 2275 1561 2315 perfectione
1572 2277 1710 2309 virtutis.

1073 2358 1102 2381 lll
1116 2358 1194 2387 Sciit„
1204 2357 1261 2381 dist.
1272 2363 1347 2387 xxm,
1357 2365 1382 2388 q.
1397 2365 1414 2388 i,
1424 2361 1471 2382 art.
1485 2360 1511 2389 5;
1523 2360 1610 2390 Steph.
1621 2360 1845 2389 131·u1er‚.lllst·at.‚

1071 2393 1129 2417 dist.
1142 2398 1217 2423 xxm,
1229 2400 1254 2423 q.
1272 2399 1294 2423 1;
1309 2393 1383 2417 Gabr.
1402 2394 1473 2423 niel,
1490 2395 1520 2418 ΙΙΙ
1535 2396 1613 2424 Sem.¹
1628 2396 1685 2420 dist.
1702 2402 1777 2426 xxm,
1791 2405 1814 2428 q.
1829 2403 1845 2421 ι.

1072 2441 1101 2446 -
1112 2429 1123 2444 ²
1136 2429 1204 2457 Luc„
1219 2434 1264 2458 vn,
1276 2429 1314 2452 50.
1330 2442 1361 2446 —-
1371 2429 1381 2445 ³
1394 2429 1459 2458 Act.,
1470 2435 1512 2459 xv,
1524 2430 1546 2453 9.
1564 2443 1591 2447 —
1608 2431 1617 2448 δ
1632 2430 1718 2461 Helm„
1732 2437 1770 2462 xl,
1783 2433 1805 2456 6.
1816 2446 1847 2451 —

1073 2465 1163 2494 ⁵Aug.,
1171 2463 1200 2486 dc
1213 2463 1313 2493 Trt'nz'l„
1321 2464 1364 2488 lib.
1374 2465 1440 2495 xm,
1450 2472 1471 2488 e.
1484 2472 1504 2495 1,
1513 2472 1539 2489 u.
1549 2466 1571 2489 3.
1581 2479 1609 2484 -—-
1621 2467 1722 2495 ¹Arist.,
1730 2468 1847 2499 Metam„

1073 2499 1116 2523 lib.
1133 2500 1176 2529 Vl,
1192 2501 1260 2523 cont.
1276 2504 1333 2523 vni.

1853 380 1943 405 Adopp.
