2017 2960
210 215 222 241 i
233 212 266 240 18
757 200 1067 235 SENTEN'rlARUM
1092 201 1163 234 ΜΒ,
1191 202 1242 233 ltl.

209 278 361 314 medium,
377 278 406 306 et
424 284 490 306 esse
506 274 720 304 mediatorem.
740 271 977 302 Mediamnam-

208 340 268 370 que
285 330 359 360 dicit
375 327 628 359 cruiveiiicutiaui
644 334 717 354 cum
733 324 894 354 extremis.
914 323 975 353 Me-

207 383 314 414 diator
329 386 436 412 autem
458 380 531 410 dicit
551 388 615 408 non
642 380 766 407 tantum
788 376 977 406 convenien—

207 436 295 472 tiam,
311 435 363 465 scd
378 435 471 463 etiam
498 431 572 461 dicit
585 430 725 460 osticium
750 428 977 459 reconciliatio-

207 490 266 519 nis.
297 489 393 519 Aliter
429 495 506 523 ergo
535 483 791 523 respondendum
829 485 876 512 est
902 491 975 512 cum

207 542 374 581 quaeritur,
391 539 524 578 qualiter
539 538 680 567 Christus
695 537 735 567 sit
748 537 872 566 medius
894 536 976 565 inter

205 595 381 625 humanam
397 595 556 628 naturam⁷
573 594 603 621 et
621 591 761 621 divinam
775 601 781 626 3
798 589 887 619 aliter
901 597 973 619 cnm

204 647 385 687 quaeritur,
409 645 542 684 qualiter
564 645 602 674 sit
634 644 798 673 mediator.
829 642 861 672 Si
890 642 974 672 enim

203 702 367 740 qureratur
395 699 530 738 qualiter
559 698 597 727 sit
621 697 761 733 medius,
793 695 974 734 responderi

203 756 315 793 potest,
331 752 415 791 quod
426 751 567 781 medium
584 750 664 780 inter
679 750 758 779 duas
773 751 901 778 naturas
916 756 974 787 po-

203 810 259 837 test
272 806 388 845 aliquid
412 805 473 834 dici
489 804 652 843 tripliciter
667 814 673 833 :
691 805 747 832 aut
768 802 812 831 ita
827 800 912 841 quod
939 801 972 830 in

201 870 237 890 eo
253 860 444 889 concurrant
455 858 526 887 duae
543 859 676 893 naturae,
693 855 774 885 sicut
788 855 821 884 in
835 863 900 884 una
914 862 974 883 na—

200 916 271 942 tura
294 912 402 948 tertia:
424 913 480 940 aut
502 911 544 940 ita
566 909 650 948 quod
665 909 698 938 in
721 917 758 938 eo
784 908 975 938 concurrant

200 967 271 996 duze
288 968 422 1001 naturae,
437 965 519 994 sicut
544 964 577 994 in
602 973 667 993 una
682 971 830 1002 persona;
854 963 911 991 aut
931 960 973 990 ita

200 1019 282 1058 quod
302 1019 334 1048 in
349 1028 385 1048 eo
412 1019 600 1048 concurrant
622 1016 826 1055 proprietates
852 1013 974 1044 duabus

200 1073 322 1102 naturis·
338 1071 525 1101 conformes.
552 1070 657 1100 Primo
680 1069 773 1099 modo
792 1067 973 1107 accipiendo

200 1126 352 1163 medium,
365 1125 444 1155 nihil
462 1126 561 1164 potest
576 1132 642 1153 esse
655 1122 797 1152 medium
814 1121 896 1151 inter
908 1121 972 1150 hu-

199 1188 327 1209 manam
343 1181 503 1213 naturam.
530 1180 560 1207 et
573 1176 727 1212 divinam⁷
744 1184 802 1205 nec
817 1174 970 1211 Christus,

198 1242 255 1262 nee
270 1232 372 1268 aliud3
397 1231 472 1270 quia
498 1239 563 1260 non
580 1232 679 1268 potest
695 1238 735 1259 ex
753 1229 897 1258 humana
913 1236 970 1257 na-

199 1288 269 1315 tura
282 1289 311 1315 et
326 1285 433 1314 divina
449 1283 597 1313 constitui
611 1281 739 1320 aliquod
755 1281 895 1310 tertium.
914 1280 971 1310 Se-

197 1338 300 1369 cundo
318 1338 410 1368 modo
436 1336 615 1375 accipiendo
638 1334 791 1371 medium,
807 1333 849 1363 sic
864 1333 968 1364 Chris-

197 1395 247 1421 tus
275 1394 321 1421 est
344 1390 485 1420 inedium
507 1390 588 1418 inter
616 1388 793 1417 humanam
808 1389 968 1423 naturam,

195 1449 223 1475 et
239 1446 392 1481 divinam⁷
410 1444 440 1473 in
468 1444 624 1482 quantum
639 1444 685 1470 est
708 1449 773 1470 una
788 1449 923 1479 persona
938 1440 969 1469 in

195 1499 318 1528 duabus
341 1497 472 1531 naturis,
491 1504 556 1525 non
571 1495 691 1524 ratione
707 1494 858 1523 humanae
874 1495 969 1523 natu-

194 1562 238 1582 rae
254 1554 389 1588 tantum,
415 1559 472 1580 nec
488 1549 608 1579 ratione
634 1548 752 1577 divinae
766 1550 900 1584 tantum,
915 1545 968 1576 Sed

194 1606 315 1636 ratione
341 1605 518 1643 utriusque.
549 1601 654 1632 Tertio
676 1601 770 1631 modo
785 1599 967 1639 accipiendo

194 1659 348 1694 medium,
375 1657 515 1687 Christus
542 1657 587 1684 est
608 1654 748 1684 medium
768 1653 851 1683 inter
866 1653 966 1682 Deum

193 1712 223 1739 et
256 1709 403 1739 homines
436 1706 611 1737 seeundum
646 1705 879 1735 humanitatem
894 1728 902 1741 ‚
934 1704 968 1734 in

193 1766 350 1803 quantum
365 1762 459 1792 habet
473 1760 697 1790 mortalitatem
712 1757 809 1788 simul
823 1760 854 1787 et
868 1757 968 1787 beati-

193 1817 336 1847 tudinem
363 1827 368 1846 ;
400 1814 635 1851 mortalitatem,
667 1813 811 1851 inquam,
840 1811 873 1840 iu
902 1820 966 1850 qua

193 1870 406 1900 communicat
419 1877 492 1898 cum
506 1866 690 1897 hominihus
702 1876 709 1902 3
727 1864 965 1901 beatitudinem,

194 1924 226 1953 in
251 1933 314 1962 qua
337 1922 476 1952 maxime
498 1919 713 1950 communicat
734 1926 807 1947 cum
834 1916 905 1947 Deo.
932 1916 965 1946 Si

194 1986 269 2007 vero
293 1978 456 2015 quaeratur
470 1973 604 2013 qualiter
619 1975 649 2002 et
668 1971 844 2001 secundum
869 1980 966 2010 quam

194 2033 341 2059 naturam
356 2029 497 2058 Christus
515 2027 553 2056 sit
570 2025 738 2062 mediator,
755 2033 829 2054 cum
846 2025 965 2054 media-

195 2086 242 2113 tor
257 2083 339 2113 dicat
353 2082 494 2112 officinm
510 2078 784 2115 reconciliationis,
804 2080 834 2108 et
849 2078 965 2107 media-

195 2139 242 2166 tor
255 2136 365 2166 debeat
389 2135 515 2165 ‹litierre
540 2133 579 2162 ab
595 2132 748 2171 illisquos
773 2131 964 2167 reconciliat,

193 2192 223 2219 et
236 2189 377 2218 thristus
397 2187 572 2217 secundum
599 2185 740 2215 divinam
760 2187 908 2214 naturam
928 2184 966 2213 sit

194 2242 256 2279 ille,
269 2242 319 2271 cni
334 2243 367 2271 tit
382 2240 604 2276 reconciliatio,
621 2239 788 2269 dicendum
804 2238 889 2277 quod
902 2246 966 2267 non

194 2298 294 2335 potest
309 2305 375 2325 esse
388 2295 540 2324 mediator
555 2293 731 2323 secuudum
746 2292 888 2322 divinam
904 2300 964 2321 na-

194 2352 311 2386 turam,
339 2348 391 2378 sed
406 2347 581 2377 secuudum
603 2346 779 2375 humanam
804 2348 964 2382 naturam,

193 2403 224 2432 in
241 2412 304 2441 qua
320 2404 420 2441 potest
440 2400 641 2430 reconciliare
667 2398 842 2428 seeundum
865 2398 967 2428 diver-

192 2466 240 2486 sas
256 2456 474 2495 proprietateS,
491 2455 523 2483 in
539 2453 654 2492 quibus
662 2452 875 2482 communicat
891 2461 965 2482 cum

192 2509 254 2539 Deo
268 2512 296 2539 et
310 2519 383 2539 cum
398 2508 540 2538 homine.
557 2506 697 2536 ilabebat
710 2506 795 2535 enini
807 2505 965 2544 Justitiam

192 2566 221 2593 et
249 2563 475 2599 innocentiam,
505 2561 537 2590 in
564 2570 628 2599 qua
656 2560 869 2589 communicat
892 2568 966 2589 cnm

192 2615 264 2650 Deo,
289 2619 319 2645 et
347 2614 582 2651 mortalitatem,
604 2613 637 2642 in
664 2622 728 2651 qua
751 2612 965 2642 communicat

224 2678 290 2700 Adit.
312 2677 365 2700 l'ca.
386 2677 502 2706 extremi,
517 2676 652 2699 (licendum
669 2675 736 2704 quod
753 2678 775 2698 et
792 2675 912 2704 medium,
929 2677 962 2698 et.

1035 277 1108 299 cum
1120 269 1267 307 liomine3
1284 272 1315 300 et
1328 270 1405 301 dum
1421 280 1506 302 mors
1518 272 1587 310 conj
1595 271 1728 310 ungitur
1734 272 1807 310 jus-

1034 322 1124 359 titire,
1140 323 1173 352 in
1189 323 1299 353 eodem
1314 324 1547 355 confoederatur
1555 324 1653 354 homo
1664 328 1808 364 peccator

1034 379 1064 405 et
1080 376 1232 413 mortalis,
1252 376 1313 407 Deo
1329 378 1416 416 justo
1445 380 1475 408 et
1488 377 1671 408 immortali.
1686 377 1808 408 Recon-

1034 427 1130 458 ciliati
1148 429 1233 458 enim
1244 438 1356 460 sumus
1367 429 1428 460 Deo
1446 439 1501 470 per
1519 433 1653 461 mortem
1669 430 1808 460 hominis

1033 481 1219 512 innocentis.
1241 482 1453 513 Concedendae
1475 485 1551 513 sunt
1572 491 1649 521 ergo
1671 483 1808 513 rationes

1033 535 1242 573 ostendentes,
1261 536 1345 575 quod
1365 535 1507 566 Christus
1521 538 1567 566 est
1588 536 1741 566 mediator
1761 545 1807 566 se-

1033 589 1176 619 cundum
1192 589 1367 620 humanam
1386 592 1546 620 naturam.

1077 645 1102 672 1.
1135 642 1181 672 Ad
1208 643 1284 673 illud
1313 652 1389 674 vero
1415 643 1500 682 quod
1533 642 1694 681 objicitur,
1721 643 1806 682 quod

1033 695 1174 726 Christus
1188 698 1234 726 est
1251 696 1374 726 medius
1389 698 1517 736 propter
1530 698 1679 726 naturam
1695 695 1807 726 divini-

1032 749 1103 778 tatis
1117 751 1148 778 et
1161 749 1378 787 humanitatis,
1392 750 1460 789 jam
1476 750 1560 788 patet
1574 748 1739 788 responsio
1750 758 1807 788 per

1031 811 1068 832 ea
1084 811 1156 841 quae
1185 803 1267 833 dicta
1282 805 1367 833 sunt.
1389 802 1460 833 Non
1483 803 1569 833 enim
1584 805 1630 833 est
1646 802 1729 833 idem
1756 803 1807 833 di-

1031 864 1100 885 cere
1115 864 1180 886 esse
1205 856 1426 893 mediatorem,
1443 858 1473 886 et
1490 865 1557 886 esse
1582 855 1736 886 medium.
1751 854 1808 886 Ve—

1031 910 1213 938 rumtamen
1228 909 1382 939 mediator
1396 918 1463 939 esse
1473 918 1539 939 non
1554 910 1667 948 posset,
1684 908 1745 938 nisi
1760 917 1806 938 es-

1031 963 1076 991 set
1103 961 1235 992 medius.
1254 961 1343 998 Quod
1365 962 1450 992 enim
1471 961 1566 991 simut
1595 963 1625 991 et
1646 961 1744 992 semel
1767 961 1807 991 sit

1031 1014 1140 1044 beatus
1153 1016 1183 1045 et
1198 1014 1352 1052 mortalis,
1368 1015 1429 1045 hoc
1443 1015 1549 1052 habet,
1567 1014 1642 1053 quia
1654 1013 1753 1044 homo
1776 1015 1807 1043 et

1032 1067 1113 1098 Deus
1125 1078 1132 1105 ;
1145 1071 1280 1107 utraque
1295 1070 1402 1098 tamen
1430 1068 1562 1098 istarum
1576 1067 1713 1097 duarum
1727 1074 1803 1105 pro-

1031 1121 1202 1160 prietatum
1224 1122 1371 1152 convenit
1386 1121 1414 1151 ei
1430 1120 1606 1151 secundum
1628 1120 1806 1150 humanam

1030 1177 1188 1213 naturam,
1206 1175 1250 1205 ita
1276 1175 1361 1214 quod
1388 1174 1561 1205 mortalitas
1583 1173 1733 1204 convenit
1747 1173 1807 1203 hu-

1029 1236 1133 1257 manae
1144 1230 1267 1257 naturae
1283 1227 1316 1257 in
1329 1236 1373 1265 se,
1388 1229 1419 1257 et
1433 1226 1594 1257 beatitudo
1610 1225 1761 1265 competit
1776 1225 1805 1256 ei

1028 1280 1062 1310 in
1076 1283 1233 1320 quantum
1248 1283 1293 1310 est
1308 1280 1399 1310 unita
1411 1279 1541 1310 divinae.

1068 1336 1096 1363 9..
1118 1334 1163 1364 Aa
1179 1333 1256 1363 illud
1277 1333 1362 1372 quod
1376 1333 1536 1372 objicitur,
1552 1332 1637 1371 quod
1650 1332 1806 1363 mediator

1027 1387 1118 1417 debet
1135 1387 1323 1426 participare
1344 1388 1493 1416 naturam
1514 1385 1680 1424 utriusque
1696 1387 1801 1416 extre—

1028 1441 1084 1477 mi,
1097 1441 1177 1470 sicut
1193 1443 1223 1470 et
1233 1440 1385 1475 medium,
1400 1440 1438 1478 (a)
1456 1439 1625 1469 dicendum
1636 1438 1723 1478 quod
1736 1447 1803 1469 me-

1026 1493 1128 1523 diator
1144 1503 1207 1524 non
1223 1493 1339 1523 dicitur
1351 1492 1455 1522 solum
1466 1501 1522 1532 per
1531 1492 1804 1532 participationem

1027 1547 1194 1586 utriusque
1205 1549 1341 1584 naturae,
1350 1545 1430 1576 sieut
1444 1545 1535 1585 prius
1551 1545 1670 1576 dictum
1680 1547 1738 1583 est,
1750 1545 1803 1576 sed

1025 1600 1122 1629 etiam
1138 1609 1193 1638 per
1217 1598 1471 1629 convenientiam
1489 1598 1523 1628 in
1538 1597 1732 1638 proprietate
1747 1608 1754 1628 ε
1771 1600 1802 1628 et

1026 1653 1167 1684 Christus
1179 1652 1354 1683 secundum
1385 1652 1562 1683 humanam
1578 1653 1728 1682 naturam
1743 1651 1803 1682 ha-

1026 1708 1077 1738 bet
1091 1707 1297 1747 proprietates
1311 1707 1534 1738 convenientes
1543 1706 1661 1738 divinae
1676 1708 1801 1738 naturae

1025 1761 1153 1801 pariter,
1170 1764 1200 1791 et
1213 1761 1380 1791 humanae.

1066 1818 1094 1845 3.
1112 1815 1159 1845 Ad
1174 1814 1252 1844 illud
1279 1813 1363 1853 quod
1379 1813 1540 1853 objicitur,
1557 1813 1641 1853 quod
1656 1813 1799 1844 medium

1025 1877 1089 1898 non
1100 1867 1211 1907 jungit
1224 1869 1367 1897 extrema
1378 1890 1386 1903 ‚
1398 1866 1459 1896 nisi
1476 1875 1531 1906 per
1546 1866 1800 1897 convenientiam

1024 1930 1122 1960 quam
1136 1921 1231 1951 habet
1258 1930 1330 1951 cum
1355 1920 1417 1956 eis,
1433 1919 1602 1950 dicendum
1626 1919 1712 1958 quod
1732 1920 1800 1959 ¹iam

1025 1976 1110 2013 patet
1132 1973 1294 2012 responsio
1319 1972 1420 2012 :quia
1446 1972 1667 2003 convenientia
1684 1981 1798 2003 secun-

1025 2027 1103 2057 dum
1119 2027 1343 2067 proprietatem
1358 2028 1404 2056 est
1419 2026 1483 2064 illa,
1496 2034 1568 2065 quae
1584 2027 1684 2065 potest
1698 2028 1800 2057 extre-

1025 2090 1078 2112 ma
1106 2080 1317 2118 reconciliare,
1334 2079 1473 2110 maxime
1496 2078 1625 2119 quando
1654 2080 1797 2110 extrema

1025 2134 1179 2173 conjungi
1202 2133 1319 2164 habent
1333 2141 1389 2172 per
1402 2132 1481 2163 illud
1510 2132 1664 2170 medium,
1685 2134 1716 2163 et
1729 2141 1800 2172 per-

1025 2187 1097 2217 duci
1116 2187 1155 2217 ad
1175 2186 1426 2216 conformitatem
1452 2184 1638 2222 voluntatis,
1664 2194 1732 2216 non
1758 2185 1798 2216 ad

1025 2239 1278 2270 conformitatem
1303 2241 1439 2269 natnrae.
1462 2238 1522 2269 Per
1537 2237 1696 2269 Christum
1711 2237 1797 2268 enim

1024 2293 1122 2323 homo
1137 2292 1360 2323 reconciliatur
1374 2291 1448 2328 Deo,
1466 2293 1499 2322 ut
1513 2291 1552 2322 sit
1566 2291 1677 2322 beatus
1686 2301 1694 2328 ;
1710 2292 1740 2321 et
1754 2290 1797 2320 ita

1025 2349 1061 2376 ut
1076 2346 1131 2376 fiat
1149 2346 1187 2377 de
1210 2345 1333 2376 mortali
1362 2345 1567 2381 immortalis,
1583 2344 1620 2374 de
1635 2345 1796 2383 peccatore

1021 2400 1140 2438 justus,
1156 2399 1194 2430 de
1210 2399 1324 2429 misero
1346 2399 1466 2436 beatus;
1483 2406 1548 2428 non
1561 2399 1595 2427 ut
1610 2396 1794 2427 reconcilia-

1025 2456 1076 2483 tus
1103 2454 1158 2484 fiat
1187 2453 1285 2492 Deus,
1307 2452 1457 2493 quamvis
1486 2451 1553 2490 ipse
1585 2449 1728 2481 Christus
1755 2450 1797 2480 sit

1024 2506 1116 2537 Deus,

1064 2563 1093 2590 4.
1110 2560 1157 2590 Ad
1173 2560 1250 2590 illud
1265 2559 1349 2598 quod
1364 2558 1525 2597 objicitur,
1549 2556 1636 2596 quod
1651 2556 1795 2588 Christus

1023 2617 1068 2644 est
1093 2616 1274 2644 extremum
1297 2611 1474 2643 secundum
1497 2611 1673 2642 humanam
1699 2613 1794 2641 natu-

1023 2676 1104 2704 ram,
1120 2666 1290 2697 dicendum
1304 2664 1388 2705 quod
1413 2664 1525 2695 falsum
1548 2666 1594 2694 est
1612 2674 1618 2694 :
1639 2673 1714 2694 nam
1729 2663 1793 2694 hu-
