2017 2960
629 181 818 214 DISTINCT.
842 181 920 212 XIV.
942 179 1032 212 ART.
1058 181 1095 211 11.
1119 180 1268 218 QUAEST.
1294 181 1345 212 111.

189 252 273 291 quod
300 260 364 282 non
394 251 433 280 sit
466 251 576 279 natum
611 249 759 288 cognosci
790 249 829 279 ab
858 249 966 279 anima

189 304 319 342 Christi,
344 303 451 333 anima
473 302 586 333 Christi
616 302 712 333 habet
735 302 874 342 aliquid,
901 311 965 342 (100

187 356 286 387 facilis
313 357 359 386 est
388 355 427 386 ad
460 356 718 395 cognoscendum
751 356 858 386 omnia
891 364 965 395 (1οω

187 408 326 439 Verbum
353 409 527 448 cognoscit.
554 409 592 439 Et
617 409 716 449 hujus
746 409 877 448 signum
906 411 962 447 est,

186 462 262 501 quia
283 461 322 492 ad
342 462 403 492 hoc
425 462 510 501 quod
539 464 710 501 cognoscat
731 462 850 501 aliquid
879 462 963 501 quod

186 515 326 546 Verbum
348 515 526 554 cognoscit,
546 515 702 555 quidquid
722 515 801 545 illud
823 515 873 553 sit,
898 524 965 546 non

186 570 310 610 oportet
325 569 411 609 quod
426 569 518 599 detur
532 569 562 599 ei
572 577 676 600 novus
689 568 818 599 habitus
831 578 964 608 cognos-

187 622 294 661 cendi;
311 622 365 653 sed
379 631 474 653 omne
489 623 574 662 quod
589 623 669 661 vult,
694 623 726 653 in
749 633 786 654 00
807 625 909 663 potest
923 624 965 654 le-

186 685 274 715 gere.
304 675 336 706 Si
365 684 443 715 ergo
472 677 506 706 tu
533 685 658 716 quaeras
686 676 724 707 de
752 677 805 707 illo
833 677 962 713 habitu,

186 730 297 760 utrum
328 729 368 760 sit
401 729 529 760 habitus
558 729 688 768 finitus,
719 729 770 760 vel
797 730 962 768 infinitus3

185 783 442 822 respondendum
465 786 526 822 est,
552 785 637 824 quod
655 786 701 814 est
725 785 851 822 finitus3
870 784 965 815 habet

185 838 293 867 tamen
316 839 495 878 respectum
515 837 554 868 ad
578 837 704 868 infinita
730 849 736 868 :
758 847 816 868 000
837 840 884 868 est
905 838 965 869 hoc

186 889 380 929 impossibile
410 899 528 930 ponere
554 891 588 921 in
615 893 760 922 creatura
790 903 795 922 :
824 891 964 921 infinitas

186 943 272 973 enim
304 946 507 983 respectuum
546 953 612 975 non
647 944 737 984 ponit
774 945 964 975 infinitatem

187 997 361 1034 actualem,
386 998 467 1028 sicut
492 1007 557 1028 non
582 998 671 1038 ponit
694 998 964 1038 comparationem

187 1050 317 1080 realem.
340 1051 373 1081 Si
395 1051 514 1082 iterum
538 1060 665 1091 quaeras
687 1052 773 1082 unde
789 1051 897 1082 veniat
911 1051 965 1082 illa

187 1102 327 1133 infinitas
348 1106 553 1144 respectuum
575 1105 657 1135 circa
676 1105 822 1135 habitum
847 1106 963 1145 cogni-

186 1156 283 1186 tionis
308 1157 425 1188 animae
450 1158 583 1196 Christi,
610 1159 679 1189 dico
698 1159 784 1198 quod
808 1159 896 1190 venit
924 1169 965 1190 ex

186 1209 350 1241 voluntate
360 1211 479 1250 speculi
491 1211 549 1241 sibi
563 1212 655 1248 uniti,
670 1213 755 1251 quod
766 1213 964 1244 voluntatem

187 1265 368 1303 promptam
403 1264 498 1295 habet
532 1265 643 1295 omnia
677 1265 865 1305 propalandi
903 1266 962 1306 ipsi

187 1316 303 1348 animae
326 1316 450 1354 Christi,
467 1327 541 1357 quae
555 1318 697 1349 relucent
711 1319 744 1349 in
763 1328 806 1350 se.
825 1319 890 1350 Hoc
904 1329 964 1350 au-

188 1371 253 1400 tem
274 1379 341 1400 non
362 1370 437 1401 facit
457 1371 508 1401 alii
530 1372 664 1402 animae:
690 1374 721 1402 et
743 1372 814 1403 ideo
838 1373 876 1403 de
899 1373 965 1403 sola

188 1422 296 1454 anima
311 1422 424 1454 Christi
438 1425 566 1456 concedi
582 1428 684 1465 potest
707 1428 737 1456 et
760 1427 863 1464 debet,
880 1427 965 1466 quod

189 1476 229 1507 sit
240 1477 429 1508 omnisciens
444 1481 602 1518 quantum
616 1480 655 1510 ad
670 1480 885 1518 cognitionem
904 1481 966 1511 ha-

188 1530 352 1561 bitualem.
392 1531 429 1562 Et
460 1532 668 1563 eoncedendae
702 1536 777 1564 sunt
814 1534 963 1571 rationes,

188 1592 262 1623 quae
275 1587 351 1615 sunt
365 1585 404 1615 ad
421 1585 514 1616 istam
529 1588 663 1626 partem.

231 1641 258 1668 1.
275 1638 323 1668 Ad
344 1638 423 1669 illud
439 1639 523 1678 quod
539 1639 688 1678 objicitur
701 1640 733 1669 in
749 1640 946 1670 contrarium
957 1664 964 1677 ,

188 1691 274 1731 quod
297 1692 452 1732 quidquid
473 1693 591 1730 scitur,
608 1693 735 1724 scientis
755 1694 964 1733 comprehen-

189 1744 278 1775 sione
292 1745 419 1784 finitur,
435 1746 604 1777 dicendum
620 1747 705 1786 quod
720 1747 798 1777 illud
811 1747 966 1785 intelligi—

189 1800 242 1829 tur
255 1799 294 1829 de
312 1799 423 1830 notitia
436 1800 570 1838 actuali,
587 1809 661 1840 quae
682 1800 812 1840 quidem
827 1801 967 1832 consistit

188 1853 224 1884 in
239 1853 353 1884 actuali
363 1854 657 1894 comprehensione,
673 1855 758 1894 quod
770 1855 918 1885 innuitur
934 1855 966 1885 in

190 1906 259 1946 ipsa
286 1908 484 1938 auctoritate.
512 1908 554 1938 De
581 1908 734 1939 habituali
763 1910 872 1939 autem
901 1917 966 1939 non

191 1962 324 1999 oportet,
341 1960 426 1999 quod
439 1960 553 1991 habeat
567 1961 735 1992 veritatem
749 1972 756 1992 t
771 1971 829 1992 nec
844 1964 967 2002 oportet

191 2012 295 2044 adhuc
305 2014 388 2053 quod
395 2014 509 2044 habeat
518 2014 686 2045 veritatem
692 2015 730 2046 de
740 2015 829 2045 omni
835 2015 950 2046 actuali
957 2040 964 2054 ,

191 2066 244 2097 sed
261 2066 299 2097 de
321 2075 358 2097 ea
372 2075 447 2106 qnae
475 2070 521 2098 est
544 2076 600 2108 per
621 2068 940 2108 comprehensionem
958 2080 963 2099 :

192 2120 341 2159 quamvis
356 2121 441 2153 enim
458 2120 539 2151 Deus
554 2124 766 2161 cognoscatur
782 2122 822 2152 ab
838 2122 945 2152 anima
955 2146 964 2160 ,

191 2183 256 2205 non
267 2176 375 2206 tamen
383 2177 506 2215 oportet
514 2175 599 2216 quod
609 2176 649 2206 sit
658 2176 769 2206 finitus
778 2176 837 2216 ipsi
849 2176 966 2207 animae

192 2229 415 2267 cognoscenti3
434 2229 500 2260 imo
518 2229 703 2269 simpliciter
719 2232 765 2260 est
780 2229 936 2260 infinitus.

233 2283 262 2310 2.
286 2281 335 2312 Ad
354 2282 433 2313 illud
447 2283 532 2323 quod
546 2283 710 2323 objicitur,
725 2284 811 2324 quod
827 2284 968 2323 cognitio

193 2332 284 2364 debet
299 2334 462 2375 adaequari
488 2337 710 2376 cognoscibili,
727 2339 812 2377 patet
836 2346 969 2377 respon-

194 2385 240 2416 sio
254 2395 311 2426 per
325 2388 401 2419 illud
417 2389 503 2429 quod
517 2390 638 2421 dictum
653 2392 716 2428 est,
733 2391 818 2430 quod
838 2390 899 2421 1100
913 2400 970 2422 ve-
992 2415 995 2416 γ

195 2446 270 2468 rum
289 2443 336 2471 est
353 2442 391 2472 de
412 2443 594 2482 cognitione
612 2444 923 2483 comprehensionis,
939 2446 970 2475 et

197 2490 235 2522 de
255 2501 292 2522 ea
313 2496 507 2535 cognitione,
523 2506 596 2538 quae
614 2499 687 2528 actu
703 2497 827 2537 judicat
843 2498 881 2528 de
904 2499 969 2528 toto

197 2548 422 2587 cognoscibili3
438 2551 492 2581 tali
506 2554 612 2583 autem
629 2552 722 2583 modo
738 2551 967 2591 cognoscendi,

198 2608 263 2629 nou
296 2603 458 2640 cognoscit
490 2605 596 2635 anima
631 2605 744 2636 Christi
767 2605 875 2636 onmia
897 2614 969 2645 quae

198 2652 338 2684 Verbum
352 2657 522 2694 cognoscit.

1740 185 1796 212 317

1064 252 1092 279 3.
1110 249 1158 279 Ad
1173 249 1251 280 illud
1266 250 1351 289 quod
1366 249 1528 289 objicitur,
1543 249 1626 289 quod
1644 250 1794 288 cognitio,

1021 311 1118 342 quam
1140 302 1235 334 habet
1256 303 1363 334 anima
1385 303 1518 341 Christi,
1536 305 1582 333 est
1596 302 1683 333 finita
1697 327 1704 341 ,
1719 312 1797 342 ergo

1021 365 1086 386 non
1119 358 1221 396 potest
1253 366 1319 387 esse
1359 356 1560 387 infinitorum
1584 366 1591 394 ;
1626 356 1796 386 dicendum

1021 409 1107 448 quod
1131 409 1164 439 in
1190 410 1372 449 cognitione
1394 410 1510 440 animae
1534 409 1647 440 Christi
1671 412 1717 439 est
1737 410 1796 440 tria

1021 462 1235 499 considerare,
1251 463 1395 493 videlicet
1414 463 1515 503 ipsam
1536 463 1693 494 rationem
1716 472 1796 501 cog-

1021 515 1181 553 noscendi,
1199 525 1273 555 quae
1288 518 1334 546 est
1348 516 1453 556 ipsum
1468 515 1629 554 Verbum,
1647 518 1677 547 et
1691 516 1797 556 ipsum

1021 568 1167 598 habitum
1184 569 1361 599 secundum
1382 569 1484 608 ipsam
1503 570 1712 600 substantiam
1736 570 1796 600 ha-

1020 622 1121 660 bitus;
1134 624 1165 652 et
1180 624 1358 661 respectum
1373 622 1458 652 illius
1472 623 1600 653 habitus
1613 623 1649 654 ad
1666 633 1798 663 cognos-

1021 675 1123 706 cibile.
1140 675 1213 705 Dico
1228 684 1306 714 ergo
1326 675 1423 715 quod,
1441 677 1589 715 quamvis
1604 677 1733 707 habitus
1747 677 1798 708 ille

1021 728 1060 758 sit
1074 729 1194 766 finitus,
1212 731 1319 759 tamen
1334 728 1413 759 ratio
1429 729 1639 767 cognoscendi
1656 730 1689 760 in
1704 739 1736 760 se
1751 731 1799 760 in-

1020 782 1111 812 finita
1124 784 1182 818 est,
1199 784 1229 813 et
1245 792 1300 822 per
1314 783 1402 813 illam
1417 782 1511 813 habet
1524 783 1576 813 ille
1592 783 1719 813 habitus
1732 792 1797 814 res-

1020 837 1147 875 pectum
1163 835 1202 866 ad
1216 836 1343 866 infinita
1359 845 1423 867 non
1444 836 1477 866 in
1491 838 1582 873 actu,
1601 836 1655 867 sed
1668 837 1701 866 in
1716 837 1800 876 apti—

1020 889 1140 919 tudine.
1158 889 1196 919 Et
1213 889 1273 920 1100
1297 890 1391 920 modo
1412 889 1492 919 nihil
1515 889 1664 929 prohibet
1685 891 1798 929 cogni—

1019 943 1139 973 tionem
1166 943 1288 973 finitam
1319 952 1384 974 esse
1412 946 1557 983 respectu
1585 944 1797 975 infinitorum.

1020 995 1068 1026 Ex
1089 996 1149 1026 hoc
1169 996 1255 1026 enim
1282 1006 1348 1027 non
1373 998 1502 1036 ponitur
1528 997 1635 1037 aliqua
1659 998 1800 1028 infinitas

1020 1058 1087 1080 esse
1102 1050 1135 1079 in
1150 1051 1295 1080 creatura
1311 1050 1343 1080 in
1357 1052 1447 1088 actu,
1465 1050 1518 1081 sed
1539 1051 1669 1090 ponitur
1691 1054 1800 1082 actua-

1020 1103 1057 1133 lis
1072 1103 1211 1133 infinitas
1226 1104 1330 1134 solum
1347 1104 1378 1134 in
1393 1104 1515 1134 ratione
1533 1104 1757 1143 cognoscendi.

1061 1159 1090 1186 4.
1115 1157 1162 1186 Ad
1178 1157 1255 1187 illud
1271 1157 1355 1197 quod
1374 1157 1542 1196 objicitur,
1558 1157 1643 1197 quod
1657 1160 1800 1188 creatum

1020 1218 1085 1240 non
1108 1210 1231 1240 excedit
1254 1210 1331 1241 illud
1347 1212 1488 1241 creatum
1503 1210 1647 1249 ejusdem
1672 1210 1799 1249 generis

1020 1263 1053 1294 in
1077 1263 1258 1301 infinitum,
1286 1264 1458 1294 dicendum
1479 1264 1564 1303 quod
1589 1264 1667 1294 illud
1684 1273 1799 1294 verum

1020 1318 1066 1347 est
1080 1317 1118 1347 de
1133 1317 1186 1347 illo
1203 1326 1348 1355 excessu,
1366 1317 1422 1357 qui
1437 1319 1483 1348 est
1498 1317 1530 1346 in
1548 1317 1617 1356 ipso
1632 1319 1737 1347 creato
1751 1326 1801 1347 se-

1020 1370 1162 1400 cundnm
1177 1379 1210 1401 se
1224 1373 1255 1401 et
1268 1371 1426 1408 absolute;
1440 1371 1478 1401 de
1493 1370 1546 1401 illo
1562 1379 1639 1401 vero
1654 1379 1798 1407 excessu,

1020 1424 1076 1463 (1111
1091 1427 1138 1454 est
1162 1425 1283 1455 ratione
1306 1424 1464 1455 creatricis
1479 1424 1640 1462 essentiae,
1657 1433 1722 1454 non
1746 1424 1799 1454 ha-

1021 1477 1073 1507 bet
1093 1478 1270 1509 veritatem.
1295 1478 1333 1508 Et
1347 1479 1406 1509 isto
1426 1478 1521 1508 modo
1541 1478 1656 1508 dicitur
1671 1477 1800 1507 scientia

1022 1530 1136 1561 Christi
1154 1531 1187 1562 in
1204 1532 1367 1562 inlinitum
1383 1531 1535 1562 excedere
1557 1531 1702 1562 scientias
1725 1531 1801 1562 alia-

1021 1594 1095 1615 rum
1110 1585 1293 1615 animarum
1310 1596 1317 1615 :
1337 1595 1402 1616 non
1417 1586 1492 1625 quia
1506 1585 1617 1616 lumen
1638 1585 1751 1615 Christi
1766 1585 1800 1615 in

1021 1638 1186 1668 infinitum
1210 1638 1250 1668 sit
1274 1640 1379 1678 maJus
1401 1639 1434 1668 in
1455 1641 1546 1676 actu,
1569 1648 1668 1678 quam
1689 1638 1800 1669 lumen

1021 1693 1158 1723 aliarum
1185 1694 1367 1724 animarum
1387 1704 1394 1731 ;
1420 1694 1474 1724 sed
1502 1693 1577 1733 quia
1599 1693 1703 1733 ipsum
1728 1693 1801 1725 Ver-

1022 1747 1100 1777 bum
1127 1749 1284 1778 aeternum
1313 1747 1346 1777 in
1371 1747 1535 1778 infinitum
1565 1747 1745 1786 promptius
1769 1756 1801 1777 se

1022 1800 1152 1831 exhibet
1175 1800 1214 1831 ad
1245 1800 1512 1831 manifestandum
1534 1809 1588 1839 ea,
1616 1809 1689 1840 quae
1713 1800 1747 1830 10
1768 1810 1801 1831 se

1021 1853 1134 1891 habet,
1150 1853 1211 1893 ipsi
1230 1853 1346 1884 animae
1369 1853 1499 1892 Christi,
1517 1863 1615 1894 quam
1635 1854 1731 1884 alicui
1748 1854 1800 1884 alii

1022 1909 1152 1941 animae.
1707 1937 1710 1939 .

1064 1966 1092 1994 5.
1116 1963 1165 1994 Ad
1189 1963 1267 1994 illud
1289 1964 1374 2004 quod
1396 1964 1557 2004 objicitur,
1585 1963 1671 2004 quod
1694 1964 1802 1995 anima

1023 2016 1137 2047 Christi
1166 2026 1229 2048 non
1262 2019 1363 2056 potest
1389 2026 1581 2056 cognoscere
1607 2018 1802 2049 immensita-

1023 2072 1086 2100 tem
1109 2069 1321 2110 limpitndinis
1344 2070 1533 2110 cognitionis
1558 2071 1698 2109 divinae,
1723 2080 1801 2110 ergo

1022 2133 1080 2154 nec
1096 2123 1345 2154 immensitatem
1359 2126 1503 2164 respectu
1520 2123 1799 2163 cognoscibilium;

1023 2176 1191 2207 dicendum
1222 2177 1307 2216 quod
1331 2186 1395 2208 non
1423 2179 1469 2208 est
1491 2177 1594 2208 simile
1617 2176 1735 2216 duplici
1762 2185 1801 2205 ex

1023 2239 1119 2260 causa
1142 2241 1149 2260 ε
1177 2239 1243 2260 una
1263 2230 1412 2270 quidem,
1439 2230 1515 2270 quia
1534 2230 1643 2260 anima
1668 2229 1798 2266 Christi,

1023 2284 1179 2323 quidquid
1200 2284 1364 2323 cognoscit
1381 2284 1415 2314 in
1429 2284 1543 2314 habitu
1563 2284 1601 2315 de
1616 2284 1684 2323 ipso
1698 2283 1800 2313 Verbo

1024 2339 1156 2374 aeterno,
1173 2338 1336 2376 cognoscit
1348 2337 1382 2367 in
1396 2339 1468 2368 actu
1480 2361 1487 2374 ,
1505 2346 1579 2367 cum
1594 2335 1737 2374 cognitio
1758 2337 1765 2365 i
1769 2345 1801 2375 p-

1024 2390 1091 2421 sius
1105 2389 1198 2422 Verbi
1216 2391 1250 2421 in
1264 2400 1296 2421 se
1312 2391 1352 2421 sit
1367 2391 1406 2421 de
1426 2390 1562 2421 essentia
1580 2389 1694 2428 gloriae
1713 2399 1719 2419 ε
1737 2398 1800 2419 non

1024 2444 1068 2474 sic
1081 2446 1189 2475 autem
1205 2446 1250 2475 est
1265 2444 1303 2475 de
1320 2444 1504 2483 cognitione
1519 2444 1654 2474 aliarum
1674 2451 1798 2480 rerum,

1024 2506 1098 2537 quae
1130 2497 1274 2528 relucent
1306 2497 1340 2528 in
1369 2496 1483 2528 Verbo.
1513 2496 1670 2527 Praeterea
1692 2496 1799 2535 ipsum

1023 2550 1164 2581 Verbum
1188 2553 1234 2581 est
1254 2551 1440 2588 infinitum;
1461 2553 1491 2581 et
1511 2549 1664 2590 quidquid
1687 2550 1799 2580 intelli—

1026 2605 1116 2643 gitur
1135 2605 1173 2635 de
1192 2604 1314 2640 Verbo,
1340 2606 1441 2634 totum
1464 2606 1510 2634 est
1530 2603 1692 2634 inlinitum
1708 2612 1717 2634 ε
1735 2613 1798 2635 non

1025 2658 1070 2688 sic
1092 2660 1200 2688 autem
1225 2660 1272 2689 est
1294 2658 1332 2688 de
1354 2657 1621 2696 cognoscibiiibus
1646 2657 1796 2697 infinitis,
