2017 2960
835 132 928 164 DIST.
955 130 1018 162 XX.
1043 130 1122 161 ART
1146 129 1168 160 1.

193 208 322 246 occcidi,
335 216 408 239 cum
421 207 526 246 posset
537 205 724 245 prohibere,
740 201 895 243 particeps
910 199 969 230 ho-

193 262 313 293 micidii
342 263 400 297 est,
429 258 598 290 dicendum
619 257 705 297 quod
731 255 809 287 illud
830 254 908 285 fallit
936 253 967 283 in

193 315 266 354 Deo,
282 314 358 355 quia
382 315 484 353 potest
504 313 630 352 peccata
654 309 764 341 omnia
788 308 966 348 prohibere,

193 371 223 399 et
240 377 304 398 non
319 367 465 407 prohibet
484 377 490 396 z
511 366 571 396 1100
585 365 672 396 0111111
687 364 805 404 spectat
831 362 869 392 ad
886 361 968 400 regi-

193 430 266 452 men
278 430 345 451 suae
361 419 588 460 providentiae,
609 418 690 448 sicut
714 417 746 446 in
764 415 868 455 primo
889 416 920 445 et
935 414 968 444 in

192 474 330 505 secundo
341 473 422 504 libro
433 473 495 504 fuit
507 474 682 503 ostensum.

510 571 578 594 DUB.
599 570 643 592 lV.

192 633 269 656 Actus
283 632 387 663 quidem
400 631 472 656 Judae
495 632 519 654 et
535 630 683 655 Judaeorum
706 629 764 651 sunt
786 627 860 656 111311,
877 626 967 656 quibus

456 665 553 697 operati
567 666 637 695 sunt,
654 666 701 688 etc.

232 742 347 773 Contra
362 740 513 771 :Videtur
531 739 694 779 implicare
713 738 777 768 duo
798 736 940 776 opposita
958 747 964 766 :

191 796 217 826 si
228 795 314 826 enim
335 793 554 833 actusgrecipit
567 791 859 823 denominationem
876 800 895 820 a
908 792 968 820 ter-

190 848 290 886 mino,
315 850 346 878 et
375 847 478 887 passio
499 846 613 877 Christi
633 845 694 876 fuit
713 845 814 882 bona,
839 843 967 874 videtur

189 902 274 942 quod
290 904 379 932 actus
403 910 516 932 eorum
535 900 665 931 fuerunt
679 898 767 929 boni.
786 898 863 928 Item
880 905 967 927 mors

189 958 220 986 et
233 956 299 987 vita
314 956 540 996 opponuntur:
556 954 610 984 sed
625 952 812 983 Christivita
827 953 858 982 et
872 960 966 990 gene-

189 1009 270 1040 ratio
284 1009 344 1040 fuit
360 1009 462 1045 bona;
479 1016 556 1047 ergo
573 1016 658 1038 mors
684 1008 714 1036 et
730 1005 892 1044 corruptio
907 1004 966 1035 fuit

189 1063 283 1093 mala.
304 1062 396 1100 Item,
410 1063 505 1102 Juxta
515 1061 576 1091 1100
590 1060 747 1100 quaeritur
761 1061 872 1090 utrum
886 1058 965 1088 sim—

189 1116 312 1156 pliciter
326 1115 494 1146 dicendum
511 1114 551 1145 sit
567 1114 651 1153 quod
667 1112 779 1144 Christi
788 1112 891 1152 passio
906 1111 966 1142 fuit

188 1169 282 1207 bona,
299 1169 351 1200 vel
365 1168 459 1198 mala.
469 1167 549 1198 Cum
564 1167 650 1197 enim
665 1166 779 1196 habeat
802 1167 965 1196 auctorem

187 1223 309 1253 bonum
323 1224 354 1252 et
379 1221 514 1258 malum,
535 1221 616 1251 sicut
640 1228 737 1259 supra
764 1219 884 1249 dictum
906 1220 963 1257 est,

188 1285 252 1307 non
268 1277 315 1307 est
336 1275 416 1306 ratio
443 1283 542 1315 quare
561 1274 666 1314 magis
686 1273 798 1304 debeat
823 1273 863 1303 ab
886 1273 962 1311 hoc,

187 1339 285 1370 quam
312 1329 352 1360 ab
371 1329 425 1359 1110
444 1328 655 1359 denominari.
673 1327 836 1365 Quaeritur
854 1327 962 1366 etiam,

187 1383 260 1413 dato
284 1383 369 1423 quod
397 1382 500 1422 passio
528 1382 567 1412 sit
590 1382 684 1418 bona,
714 1383 825 1411 utrum
857 1390 966 1412 conce-

187 1435 328 1467 dendum
345 1436 385 1466 sit
399 1435 485 1475 quod
499 1434 601 1466 Judaei
619 1435 739 1474 operati
751 1434 812 1464 sint
829 1435 962 1465 bonum.

228 1489 319 1530 Resp.
336 1489 509 1520 Dicendum
524 1489 620 1529 quod,
639 1498 713 1519 cum
735 1488 912 1528 quaerimus
927 1489 965 1519 de

187 1543 326 1574 bonitate
348 1543 513 1583 passionis,
538 1551 604 1573 non
625 1542 802 1582 quaerimus
819 1542 858 1572 de
872 1542 966 1572 boui-

187 1598 250 1627 tate
262 1596 313 1627 vel
328 1596 448 1627 malitia
462 1596 495 1626 in
508 1605 626 1635 genere
640 1597 776 1633 naturae,
791 1595 844 1626 sed
860 1596 892 1625 in
907 1605 965 1635 ge-

187 1660 262 1682 nere
278 1651 386 1681 moris.
408 1650 450 1680 De
464 1650 524 1681 hac
535 1659 612 1689 ergo
620 1650 762 1680 bonitate
775 1650 895 1689 absque
908 1650 965 1680 du-

187 1704 239 1735 bio
262 1707 309 1735 est
335 1704 590 1741 concedendum,
611 1704 697 1743 quod
721 1704 823 1743 passio
851 1704 963 1734 Christi

186 1758 245 1789 fuit
258 1758 342 1789 110113
357 1757 553 1797 simpliciter.
565 1758 632 1789 'Est
642 1757 729 1788 enim
747 1757 755 1773 ¹
769 1758 912 1796 pretiosa
926 1759 963 1790 in

186 1815 353 1851 conspectu
379 1812 514 1844 Domini
548 1819 632 1843 mors
659 1815 841 1843 sanctorum
868 1813 937 1851 ejus
955 1823 961 1843 :

186 1866 288 1896 multo
302 1865 407 1904 magis
423 1873 508 1895 mors
523 1863 638 1895 Christi
647 1864 707 1894 suit
721 1864 961 1904 pretiosissima.

187 1918 315 1958 Triplici
344 1920 451 1949 autem
477 1926 517 1948 ex
546 1926 642 1947 causa
669 1917 761 1948 debet
788 1918 849 1948 dici
878 1928 963 1950 mors

187 1969 300 2000 Christi
322 1962 508 2009 simpliciter
522 1968 617 1999 bona.
642 1968 712 1999 Una
727 1971 773 1999 est
793 1970 963 2000 strenuitas

186 2023 315 2055 virtutis
342 2031 382 2053 ex
411 2023 501 2062 parte
535 2022 721 2053 sustinentis
752 2031 760 2052 :
787 2023 964 2054 sustinebat

186 2077 274 2108 enim
294 2076 381 2107 illam
410 2075 591 2116 passionem
618 2075 858 2115 virtuosissime,
887 2078 964 2117 quia

186 2130 417 2171 patientissime
431 2132 461 2160 et
476 2129 740 2160 constantissime.
758 2129 902 2161 Secunda
916 2133 964 2162 est

185 2185 305 2216 utilitas
328 2183 556 2224 redemptionis
581 2193 622 2214 ex
643 2185 733 2223 parte
755 2184 888 2215 humani
906 2194 963 2224 ge-

186 2239 272 2270 neris
284 2263 292 2276 ‚
308 2238 384 2279 quia
411 2247 467 2278 per
492 2237 580 2268 illam
599 2238 701 2268 totum
716 2246 820 2277 genus
843 2238 962 2270 huma—

186 2302 266 2323 num
283 2294 330 2323 est
341 2291 524 2322 liberatum.
543 2290 648 2321 Tertia
662 2293 708 2321 est
723 2291 872 2323 honestas
886 2302 963 2324 cau-

187 2354 230 2376 sae
243 2345 419 2383 moriendi;
447 2347 595 2375 mortuus
614 2344 703 2375 enim
727 2345 788 2375 fuit
801 2355 859 2385 pro
874 2347 961 2377 veri-

187 2399 250 2428 tate
269 2398 400 2429 dicenda
424 2409 431 2428 ;
460 2398 546 2429 unde
569 2397 688 2428 Pilatus
716 2398 841 2439 scripsit
866 2409 962 2440 super

187 2460 263 2482 eum
287 2460 415 2482 causam
439 2453 552 2484 :lesus
581 2452 783 2484 Nazarenus.
810 2453 963 2491 Quamvis

187 2505 295 2534 autem
305 2504 408 2543 passio
418 2504 531 2535 Christi
545 2505 584 2536 sit
602 2505 687 2536 bona
701 2506 897 2546 simpliciter,
914 2509 962 2538 ta-

187 2566 263 2588 men
277 2556 358 2588 actio
373 2556 558 2589 Judaeorum
577 2558 638 2590 fuit
656 2559 741 2590 mala
764 2559 959 2601 simpliciter,

221 2619 376 2650 ιΡε(11.(;Χν,
393 2620 429 2644 13.
470 2631 474 2635 v

1745 126 1803 156 4⁶23

1027 198 1103 238 quia
1122 207 1162 228 ex
1190 196 1273 226 mala
1287 194 1449 225 voluntate
1464 196 1494 223 et
1509 193 1613 223 radice
1628 193 1777 232 processit
1794 203 1799 222 :

1026 265 1083 285 nec
1100 256 1228 294 propter
1248 252 1422 283 bonitatem
1445 249 1616 290 passionis,
1632 258 1705 289 quae
1730 249 1803 279 inde

1025 311 1134 339 secuta
1161 310 1218 346 est,
1235 308 1319 337 bona
1334 305 1466 336 dicenda
1479 306 1544 341 est3
1559 304 1620 334 hoc
1638 303 1723 334 enim
1744 303 1804 333 suit

1025 366 1141 403 praeter
1168 362 1377 393 intentionem
1402 360 1547 399 ipsorum
1568 367 1624 398 per
1646 358 1803 397 operatio-

1025 426 1099 447 nem
1110 417 1265 451 divinam,
1279 424 1334 454 per
1349 423 1445 453 quam
1459 413 1542 443 Deus
1557 412 1595 443 de
1610 411 1718 441 multis
1734 419 1803 440 ma-

1025 470 1063 501 lis
1085 470 1168 500 elicit
1194 469 1296 499 11111113
1318 469 1413 498 bona.
1432 467 1469 497 Et
1491 475 1547 506 per
1562 466 1623 496 1100
1636 466 1721 505 patet
1736 473 1800 494 res-

1025 522 1136 562 ponsio
1148 523 1186 553 ad
1201 523 1333 561 01110013.
1353 521 1493 551 Primum
1509 519 1594 550 enim
1611 519 1706 558 patet,
1717 517 1801 557 quod

1025 586 1089 607 non
1116 578 1162 607 est
1185 575 1408 615 multiplicatio
1421 572 1738 613 incompossibilinm,
1761 571 1803 601 si-

1024 633 1077 662 cut
1095 633 1163 670 Jam
1179 632 1342 660 ostensum
1359 630 1415 659 est.
1435 627 1620 658 Secundum
1636 627 1731 656 ctiam
1745 635 1802 665 pa-

1024 685 1079 723 tet,
1091 684 1166 724 quia
1182 693 1269 714 mors
1284 685 1314 713 et
1329 682 1395 712 vita
1405 690 1469 711 11011
1487 680 1734 720 opponunturin
1749 688 1803 718 ge-

1024 747 1099 769 nere
1113 738 1222 775 moris,
1240 737 1293 767 sed
1319 736 1350 766 in
1366 744 1485 775 genere
1506 735 1641 764 naturae.
1660 732 1801 763 Tertium

1023 794 1119 832 patet,
1136 800 1235 831 quare
1264 790 1368 830 passio
1386 788 1500 819 Christi
1526 787 1640 817 dicitur
1656 786 1803 825 simplici-

1023 848 1071 876 ter
1085 846 1179 876 bona.
1209 844 1321 875 Passio
1345 843 1430 873 enim
1447 842 1561 872 (11011111-
1584 843 1618 870 111
1636 842 1681 870 051
1697 840 1729 869 111
1746 849 1803 879 pa·-

1023 900 1121 930 tiente
1143 910 1149 928 z
1174 900 1204 929 et
1223 898 1294 929 ideo
1326 897 1443 927 dicitur
1468 895 1573 933 magis
1602 893 1707 933 passio
1735 902 1802 924 esse

1023 954 1124 990 110113,
1149 954 1185 983 ut
1213 954 1260 983 est
1289 961 1308 982 a
1333 951 1417 981 bona
1443 949 1607 980 voluntate
1631 947 1779 987 patientis
1792 970 1799 983 ,

1022 1015 1120 1046 quam
1137 1006 1231 1043 mala,
1244 1007 1279 1035 nt
1293 1007 1339 1035 est
1352 1013 1370 1034 a
1383 1003 1466 1034 mala
1481 1003 1645 1033 voluntate
1658 1001 1797 1030 inferen-

1023 1061 1073 1091 tis.
1101 1060 1148 1091 Ad
1163 1059 1241 1090 illud
1257 1058 1343 1099 quod
1357 1057 1514 1098 quaeritnr
1542 1055 1670 1091 ultimo,
1687 1056 1796 1084 utrum

1023 1113 1259 1144 concedendum
1285 1113 1325 1142 sit
1352 1112 1437 1151 quod
1463 1110 1564 1141 ι111113ῑί
1588 1108 1709 1148 operati
1738 1107 1800 1138 sint

1022 1168 1156 1204 bonum,
1171 1166 1342 1197 dicendum
1358 1164 1443 1205 quod
1458 1164 1505 1194 est
1520 1172 1601 1202 opus
1616 1171 1760 1201 operans,
1771 1162 1801 1191 et

1021 1229 1104 1260 opus
1114 1221 1293 1259 operatum.
1311 1218 1389 1249 Cum
1407 1226 1485 1255 ergo
1501 1216 1674 1256 quaeritur,
1690 1217 1799 1245 utrum

1020 1273 1123 1304 Judaei
1139 1273 1259 1313 operati
1272 1273 1341 1309 sint
1355 1272 1489 1308 bonum,
1507 1270 1620 1301 bonum
1636 1270 1735 1308 potest
1751 1268 1801 1298 di-

1021 1337 1091 1359 cere
1106 1328 1280 1358 bonitatem
1297 1326 1380 1356 eirca
1391 1334 1471 1364 opus
1487 1332 1634 1363 operans,
1652 1322 1702 1353 vel
1718 1322 1801 1352 circa

1021 1391 1102 1421 opus
1120 1383 1298 1421 operatum.
1322 1380 1355 1411 Si
1377 1379 1460 1409 eirca
1482 1387 1562 1418 opus
1588 1385 1737 1417 operans,
1754 1376 1801 1406 est

1021 1435 1206 1475 simpliciter
1220 1434 1420 1473 negandum,
1435 1432 1510 1471 quia
1523 1431 1583 1461 tale
1596 1439 1677 1470 opus
1692 1429 1725 1459 in
1742 1428 1797 1459 Ju-

1014 1489 1097 1519 daeis
1112 1488 1295 1528 simpliciter
1308 1487 1367 1517 tuit
1381 1486 1514 1516 malum.
1532 1484 1619 1515 Circa
1635 1492 1710 1514 vero
1720 1491 1800 1522 opus

1021 1545 1200 1583 operatum,
1227 1541 1311 1582 quod
1326 1540 1456 1580 quidem
1471 1539 1529 1570 fnit
1546 1547 1631 1568 mors
1647 1538 1677 1567 et
1696 1536 1799 1577 passio

1022 1596 1146 1633 Christi,
1163 1596 1223 1626 hoc
1238 1594 1405 1634 dupliciter
1432 1594 1533 1633 potest
1558 1590 1695 1628 intelligi
1718 1600 1724 1620 ι
1742 1590 1799 1619 aut

1020 1651 1124 1691 primo
1140 1653 1170 1681 et
1196 1659 1252 1690 per
1268 1658 1312 1687 se,
1329 1650 1359 1679 et
1381 1649 1425 1677 sic
1448 1646 1564 1677 fulsum
1579 1644 1723 1684 estquod
1738 1643 1796 1673 Ju—

1020 1704 1080 1734 daei
1109 1704 1172 1734 sint
1194 1702 1314 1743 operati
1337 1702 1461 1731 bonum
1482 1699 1584 1730 :illud
1611 1698 1697 1729 enim
1716 1705 1797 1737 opus

1020 1760 1186 1798 operatum
1214 1756 1388 1787 bonitatem
1415 1763 1482 1785 non
1498 1753 1609 1784 habuit
1635 1752 1797 1783 011111011-

1020 1811 1104 1841 tione
1132 1811 1330 1841 Juclaeorum.
1349 1808 1381 1839 Si
1396 1810 1503 1838 autem
1518 1806 1718 1845 intelligatur
1740 1813 1796 1844 per

1019 1865 1163 1895 accidens
1178 1866 1209 1894 et
1223 1873 1264 1894 ex
1279 1861 1496 1902 consequenti,
1513 1860 1558 1890 sic
1573 1860 1668 1890 habet
1684 1858 1798 1889 verita-

1019 1920 1083 1949 tem
1106 1929 1112 1949 :
1138 1917 1240 1949 Judaei
1261 1917 1347 1947 enim
1373 1915 1494 1955 operati
1514 1916 1587 1944 sunt
1614 1913 1795 1953 passionem

1020 1972 1146 2008 Christi,
1162 1980 1235 2011 quae
1252 1970 1382 2010 quidem
1394 1969 1455 1999 fuit
1469 1967 1650 1998 maximum
1659 1967 1795 2003 bonum,

1019 2027 1049 2056 et
1063 2024 1311 2055 saluberrimum
1332 2022 1389 2053 toti
1405 2021 1537 2052 mundo.

1211 2148 1508 2184 ‘ARTICULUS
1537 2149 1563 2180 1.

1058 2243 1105 2274 Ad
1122 2240 1365 2281 intelligentiam
1384 2239 1483 2279 hujus
1498 2240 1597 2279 partis
1617 2239 1725 2269 incidit
1745 2239 1797 2269 hic

1018 2296 1153 2337 quaestio
1173 2295 1212 2326 de
1233 2293 1446 2333 congruentia
1467 2294 1585 2323 nostrae
1604 2292 1796 2331 redemptio-

1018 2350 1068 2380 nis
1096 2349 1185 2379 faetae
1212 2356 1269 2388 per
1293 2346 1473 2387 passionem
1498 2344 1630 2382 Christi3
1659 2346 1689 2375 et
1714 2345 1796 2375 circa

1018 2403 1079 2433 hoc
1103 2411 1158 2432 sex
1180 2400 1366 2432 dubitabilia
1388 2400 1521 2439 possunt
1543 2397 1646 2437 qnaeri
1668 2408 1674 2427 :
1692 2397 1796 2437 primo

1018 2456 1103 2486 0111111
1126 2454 1284 2495 quaeritur
1303 2455 1416 2483 utrum
1436 2459 1619 2490 congruum
1633 2450 1728 2481 fuerit
1743 2459 1794 2481 re-

1018 2508 1124 2548 parari
1138 2508 1317 2539 humanam
1331 2508 1480 2536 naturam
1492 2514 1500 2541 ·,
1516 2503 1654 2534 secundo
1676 2504 1794 2543 quaeri-

1018 2564 1072 2593 tur
1087 2563 1198 2593 utrum
1214 2561 1319 2600 magis
1340 2567 1523 2598 congruum
1538 2557 1633 2587 suerit
1654 2558 1795 2597 reparari

1019 2616 1195 2648 humanum
1208 2617 1354 2645 naturam
1366 2621 1420 2651 per
1430 2609 1684 2647 satisfactionem,
1697 2621 1793 2651 quain
