2017 2960
273 198 333 228 542

276 265 341 293 erat
356 263 566 293 necessarium
583 263 618 293 ad
637 263 771 293 salutem
794 264 875 291 recte
898 261 1023 292 credere
1036 283 1043 296 ,

277 325 400 353 amare,
430 325 573 355 sperare.
602 317 629 345 ct
655 315 786 351 timere;
815 315 883 344 idco
909 313 1046 353 oportuit

278 372 414 408 quatuor
430 370 501 398 istos
522 368 668 397 articulos
692 367 817 397 credere
832 367 994 406 explicite.
1012 368 1045 396 ut

279 425 331 454 alii
366 425 418 464 qni
448 423 663 453 innitebantur
695 422 848 453 credendo
874 421 1022 460 implicite
1038 445 1045 457 ‚

281 481 402 517 poss-cul
420 476 548 506 salvari.
570 475 622 505 Vel
641 475 730 505 aliter
747 486 753 505 :
773 475 852 512 Quia
868 475 976 504 nullus
991 483 1046 513 po—

281 534 359 560 terat
383 529 493 559 merito
513 538 570 559 suo
589 528 715 558 libcrari
738 538 756 558 a
779 528 983 566 contagione,
1000 527 1047 556 vel

280 583 472 621 obligatione
490 583 605 621 peccati
622 581 795 620 originalis,
812 581 949 621 oportuit
965 580 1048 620 quod

281 636 439 666 crederent
456 645 487 665 se.
503 645 558 675 per
573 635 722 665 meritum
744 635 856 665 Christi
877 644 965 674 posse
989 633 1050 663 sal-

281 690 359 726 vari,
385 692 413 719 et
438 699 491 728 per
510 689 751 719 satisfactionem
776 690 855 727 qius.
882 688 915 718 Iu
938 687 1050 717 merito

282 745 389 773 autem
413 743 471 772 isto
493 745 537 771 est
557 744 694 781 quatuor
709 742 921 778 considerare,
940 740 1049 770 videli-

283 798 328 825 cet
344 804 510 834 personam
528 794 758 830 satisfacientis,
776 794 906 824 modum
928 793 1050 824 satissa-

282 848 394 884 ciendi,
411 851 437 877 et
454 849 524 886 ejiis
538 848 718 887 praemium,
735 849 765 877 et
783 846 970 886 prauniandi
987 856 1051 876 mo-

282 901 370 931 dum.
405 902 565 938 Quantum
597 901 634 930 ad
669 910 855 940 personam,
889 901 1052 940 oportebat

281 954 406 985 credere
433 954 641 984 nativitatem.
668 954 828 990 Quantum
857 954 894 983 ad
921 954 1050 984 modum

282 1006 499 1041 satisfaciendi,
526 1006 690 1046 oportebat
712 1007 837 1037 credere
861 1007 1050 1046 passionem.

282 1060 443 1098 Quantum
468 1060 506 1090 ad
530 1060 715 1100 praemium,
741 1061 905 1100 oportebat
927 1060 1053 1090 credere

283 1113 557 1144 resurrectionem.
576 1114 736 1150 Quantum
751 1113 790 1144 ad
804 1113 945 1149 modum,
962 1122 1054 1153 opor-

283 1166 367 1197 tebat
382 1167 508 1198 credere
526 1167 698 1198 adventum
714 1167 751 1197 ad
762 1167 930 1207 judicium.

602 1262 670 1284 DUB.
696 1262 738 1283 111.

465 1315 512 1343 Qui
527 1315 557 1339 de
573 1315 671 1339 Joanne
687 1315 810 1345 Baptista,
827 1317 875 1338 etc.

327 1378 434 1409 innuit
456 1379 540 1418 quod
564 1378 698 1409 Joannes
724 1378 863 1418 Baptista
888 1379 925 1408 de
955 1380 1056 1408 morte

286 1430 417 1469 Christi,
443 1435 473 1462 et
496 1432 648 1462 descensu
678 1432 716 1462 ad
745 1432 860 1462 inferos
887 1431 1055 1461 dubitavit.

286 1485 422 1516 Contra:
439 1485 471 1516 Si
495 1486 593 1523 mori,
616 1487 645 1516 et
668 1486 707 1516 ad
732 1485 848 1516 inferos
871 1485 1058 1516 descendere

285 1541 332 1569 est
347 1538 510 1576 articulus,
527 1540 557 1569 et
579 1538 715 1569 Joannes
733 1538 771 1569 de
804 1538 863 1569 hoc
887 1538 1055 1576 dubitavit,

286 1601 364 1631 ergo
379 1591 436 1622 fuit
450 1591 603 1622 infidelis:
619 1592 673 1622 sed
688 1593 808 1622 constat
821 1591 836 1622 J
839 1600 976 1622 oannem
992 1600 1056 1622 non

285 1646 379 1676 fuisse
396 1645 553 1676 infidelem
566 1670 573 1683 ‚
589 1655 664 1675 cum
684 1645 835 1676 Dominus
855 1645 961 1675 laudet
982 1654 1056 1675 eum

286 1699 327 1728 ibi
354 1710 360 1728 ι
387 1708 465 1737 ergo
489 1708 553 1729 non
577 1699 744 1729 dubitavit.
770 1698 847 1729 Item
871 1698 1006 1728 Joannes
1030 1698 1057 1728 ei

283 1752 488 1792 perhibuerat
507 1752 738 1788 testimonium,
754 1755 789 1781 ut
807 1752 844 1791 la]
862 1751 932 1782 aliis
947 1754 1058 1781 notum

285 1806 398 1836 faceret
418 1805 598 1836 Christum²
618 1816 624 1835 t
645 1814 723 1843 ergo
746 1814 810 1835 uon
827 1805 952 1835 videtur
975 1805 1058 1844 quod

286 1860 349 1899 ipse
360 1859 562 1896 dubitaverit,
574 1867 648 1888 cum
660 1858 745 1888 misit
753 1858 923 1897 discipulos
934 1868 1008 1888 suos
1019 1858 1056 1888 ad

286 1912 457 1942 Christum.
480 1911 517 1941 Et
538 1911 598 1942 hoc
629 1914 674 1941 est
704 1911 789 1950 quod
812 1911 885 1942 dicit
909 1911 1058 1950 Augusti-

286 1975 364 2002 nuS‚
391 1973 486 2004 super
508 1965 660 1996 Joannem
677 1965 686 1980 ²
710 1975 716 1994 ;
747 1976 761 1992 «
784 1964 938 2003 Joaunes,
960 1965 1014 2004 qui
1040 1974 1057 1994 a

286 2018 404 2057 Spiritu
421 2020 527 2048 sancto
545 2017 693 2048 didicerat
715 2017 871 2057 quidquid
893 2017 1056 2055 audierat,

286 2072 341 2111 qui
365 2071 486 2102 caeteris
506 2070 744 2110 praedieavemt‚
767 2071 820 2109 qui
841 2070 1057 2100 testimonium

287 2125 500 2164 perhibuerat,
521 2124 574 2163 qui
598 2123 777 2153 columbam
802 2123 936 2161 viderat,
960 2132 1058 2162 quare

286 2178 330 2207 sic
354 2177 496 2217 quaerit?
525 2177 556 2207 δί
583 2177 763 2215 ignoravit,
791 2176 951 2216 quomodo
974 2176 1059 2206 testis

286 2231 346 2262 tuit
359 2231 495 2262 Joannes
507 2232 521 2260 ‘3
538 2230 585 2260 Tu
607 2232 679 2260 ante
703 2230 796 2268 signa
811 2229 1036 2267 divulgaveras
1049 2240 1056 2266 ;

288 2285 382 2316 modo
396 2286 466 2324 post
481 2286 622 2314 mortuos
637 2284 810 2319 suscitatos,
825 2291 898 2313 cum
911 2283 977 2321 Jam
994 2291 1061 2312 om—

288 2338 384 2368 nibus
397 2338 487 2377 quasi
503 2339 596 2367 notus
611 2340 666 2374 est,
690 2335 846 2375 numquid
865 2337 911 2365 est
926 2335 981 2365 tibi
996 2344 1059 2366 non

291 2392 410 2421 notus?
432 2390 529 2421 Absit.
548 2401 562 2418 n
582 2390 662 2420 Situ
678 2389 763 2420 dicas
778 2389 863 2428 quod
878 2397 942 2419 non
967 2388 1058 2419 dubi—

290 2445 383 2480 tavit,
401 2444 453 2475 sed
468 2445 505 2475 ad
525 2442 657 2474 modum
679 2442 853 2472 dubitantis
874 2450 906 2472 se
925 2441 1057 2479 habuit3

291 2496 440 2536 objicitur
465 2499 573 2527 contra
600 2496 661 2526 hoc
691 2495 875 2525 auctoritate
901 2494 1060 2525 Ambrosii

291 2558 386 2590 super
400 2552 532 2588 Lucam,
549 2549 604 2580 ubi
625 2549 669 2579 sic
683 2549 745 2578 aitfl
763 2557 770 2578 :
792 2560 805 2577 «
820 2548 956 2579 ,loannes
970 2548 1059 2579 novit

328 2632 331 2644 ¹
350 2631 451 2662 nauh„
466 2637 503 2661 ¹1,
514 2633 537 2661 2,
553 2632 575 2654 3,
589 2642 617 2647 ——
628 2630 724 2659 2Aug„
739 2629 765 2650 in
778 2628 859 2657 loun„
872 2629 943 2652 tract..
960 2634 985 2658 v,
999 2635 1024 2652 n.
1035 2630 1058 2652 9.

291 2679 321 2684 —
333 2667 341 2680 ¹
357 2667 455 2695 ambr„
468 2668 493 2690 in
509 2666 575 2696 Luc„
589 2671 665 2696 super
685 2664 746 2688 illud
762 2664 853 2688 Lucoe:
869 2664 931 2688 Cum
951 2663 1061 2688 audisset

825 192 1138 227 SENTENTIARUM
1158 192 1233 224 LlB.
1257 193 1310 225 111.

1103 259 1156 290 Dei
1173 259 1308 298 Filium3
1325 261 1377 291 sed
1399 271 1463 294 non
1483 265 1587 304 ipsum
1612 266 1650 297 ad
1678 266 1793 297 inferos
1817 266 1873 296 de-

1103 321 1300 344 scensurum.
1316 324 1331 342 »
1350 313 1427 345 Item
1443 316 1475 346 in
1490 316 1610 349 Glossa:
1626 331 1639 348 «
1652 318 1776 350 Poterat
1786 319 1874 359 prius

1104 369 1201 403 vates,
1214 376 1308 406 quem
1321 371 1494 400 venturum
1505 372 1659 410 praedixit,
1673 382 1737 404 non
1747 374 1875 403 moritu-

1105 429 1177 449 rum
1193 420 1367 452 credidisse.
1385 433 1399 450 »
1418 422 1481 453 lloc
1499 424 1601 463 ipsum
1616 426 1688 457 dicit
1703 426 1875 465 Gregorius

1106 473 1137 502 in
1157 474 1294 512 quadam
1317 475 1465 514 homilia,
1493 480 1522 508 et
1546 479 1687 517 tangitur
1702 480 1733 510 in
1761 481 1872 511 littera.

1147 525 1236 565 Hesp.
1264 527 1434 559 Dicendum
1455 531 1538 569 quod
1559 532 1657 561 sancti
1680 533 1820 563 doctores
1843 534 1874 563 in

1105 579 1164 609 hac
1193 581 1367 619 quaestione
1402 582 1565 613 dissentire
1593 584 1741 615 videntur
1770 597 1775 616 ς
1801 595 1875 616 nam

1106 632 1234 671 quidam
1252 634 1400 665 videntur
1415 635 1493 666 velle
1507 636 1611 675 ipsum
1628 646 1690 667 non
1706 637 1873 676 dubitasse3

1106 686 1156 716 alii
1180 696 1253 716 vcro
1273 687 1420 718 videntur
1437 689 1516 720 velle
1530 690 1632 720 dicere
1652 691 1757 729 ipsum
1781 691 1876 721 dubi-

1107 742 1197 769 tasse.
1217 739 1262 769 Ex
1277 740 1335 770 hac
1350 741 1418 780 ipsa
1434 743 1654 773 contrarietate
1670 743 1798 782 quidam
1814 743 1878 774 hae-

1106 793 1192 822 retici
1217 797 1421 833 sumpserunt
1448 796 1643 826 occasionem
1670 796 1814 834 errandi,
1843 798 1878 827 ut

1107 845 1243 875 dicerent
1265 846 1419 878 Joannem
1443 848 1628 879 damnatum
1654 858 1731 887 esse,
1748 849 1823 888 quia
1843 850 1877 880 iu

1108 898 1168 928 fide
1191 899 1359 931 dubitavit.
1385 901 1445 932 Sed
1470 904 1551 932 certe
1577 903 1615 933 ab
1638 903 1698 933 hoc
1722 903 1878 934 discordat

1109 953 1212 981 textus
1227 953 1446 992 evangelicus,
1463 955 1495 984 in
1511 964 1574 994 quo
1596 955 1754 995 praecipue
1768 955 1880 986 lauda-

1108 1006 1160 1034 tur
1173 1004 1319 1036 Joaiines.
1337 1006 1518 1037 Discordant
1533 1008 1628 1038 etiam
1641 1017 1751 1038 omnes
1770 1008 1878 1039 docto-

1108 1066 1158 1088 res
1178 1059 1336 1097 catholici,
1352 1062 1381 1090 et
1402 1060 1497 1090 etiam
1517 1061 1706 1091 universalis
1727 1061 1878 1100 Ecclesia,

1109 1120 1182 1150 quae
1208 1111 1361 1143 Joannem
1394 1122 1458 1143 non
1482 1116 1604 1144 tantum
1640 1116 1801 1152 sanctum,
1827 1114 1881 1145 sed

1110 1166 1203 1195 etiam
1219 1166 1450 1196 sanctissimum
1466 1167 1615 1206 praedicat
1626 1190 1633 1204 ‚
1650 1169 1680 1198 et
1694 1167 1727 1197 in
1740 1168 1808 1207 ejus
1824 1176 1880 1198 na-

1110 1217 1230 1248 tivitate
1246 1221 1275 1249 et
1291 1219 1494 1250 decollatione
1509 1220 1702 1251 solemnizat.
1722 1219 1794 1251 Ideo
1810 1220 1882 1252 licet

1110 1273 1209 1302 sancti
1230 1273 1371 1304 doctores
1386 1274 1529 1305 catholici
1550 1275 1719 1306 videantur
1737 1275 1795 1305 sibi
1817 1275 1881 1306 dis-

1111 1326 1244 1362 sentire,
1278 1326 1360 1357 idem
1397 1329 1503 1357 tamen
1534 1328 1675 1358 sentiunt
1706 1328 1881 1359 secundum

1111 1387 1191 1409 rem.
1208 1378 1338 1418 Propter
1353 1380 1437 1418 quod
1456 1379 1700 1418 intelligendum
1717 1382 1780 1418 est,
1797 1381 1883 1420 quod

1112 1433 1227 1472 triplex
1242 1436 1287 1463 est
1303 1433 1416 1463 modus
1433 1433 1608 1464 dubitandi.
1626 1433 1680 1464 Est
1695 1434 1783 1464 enim
1797 1443 1884 1474 quae-

1113 1485 1186 1515 dam
1213 1485 1367 1516 dubitatio
1395 1486 1586 1525 proveniens
1616 1495 1656 1517 ex
1679 1486 1881 1525 infidelitate,

1113 1539 1193 1569 sicut
1215 1539 1442 1570 dubitaverunt
1462 1538 1584 1577 Judaei;
1612 1542 1642 1569 et
1664 1541 1710 1570 est
1730 1539 1883 1571 dubitatio

1114 1591 1304 1630 proveniens
1323 1601 1363 1622 ex
1376 1591 1538 1630 tarditate,
1555 1592 1636 1623 sicut
1658 1592 1885 1624 dubitaverunt

1113 1645 1273 1685 discipuli,
1291 1645 1406 1685 quibus
1426 1646 1552 1683 dicitur,
1566 1647 1657 1678 Lucoe
1677 1646 1791 1676 ultimo
1803 1646 1813 1662 ⁴
1830 1654 1838 1675 t
1862 1646 1885 1677 Ο

1113 1699 1215 1736 stulti,
1241 1702 1270 1730 et
1294 1698 1382 1730 tardi
1398 1698 1489 1730 σοι-[16
1507 1699 1550 1730 ad
1564 1699 1767 1731 credendum.
1788 1699 1827 1730 Et
1840 1702 1886 1730 est

1114 1753 1267 1782 dubitatio
1291 1752 1480 1791 proveniens
1504 1761 1543 1782 ex
1565 1753 1695 1791 pietate,
1714 1753 1794 1783 sicut
1812 1760 1885 1783 cum

1114 1805 1227 1844 aliquis
1241 1829 1249 1843 ‚
1267 1814 1306 1835 ex
1328 1805 1546 1843 compassione
1566 1814 1683 1843 inagna
1700 1807 1729 1836 et
1748 1805 1886 1836 admira-

1114 1858 1210 1895 tione,
1236 1858 1273 1887 ad
1300 1858 1431 1887 modum
1457 1857 1631 1887 dubitantis
1653 1867 1685 1888 se
1708 1858 1813 1888 habet.
1835 1858 1885 1888 Di-

1114 1911 1249 1941 cendum
1277 1919 1354 1949 ergo
1380 1912 1425 1940 est
1455 1910 1538 1949 quod
1566 1910 1669 1949 primo
1693 1913 1723 1941 et
1749 1911 1887 1942 secundo

1113 1973 1230 2003 genere
1247 1963 1450 1994 dubitationis
1464 1962 1479 1993 J
1484 1972 1602 1993 oannes
1617 1963 1704 1994 nullo
1718 1963 1813 1994 modo
1828 1964 1888 1994 du-

1114 2015 1235 2052 bitavit,
1251 2015 1477 2045 dubitaverunt.
1499 2016 1607 2044 tamen
1622 2014 1767 2053 discipuli
1792 2015 1862 2054 ejus
1879 2024 1886 2045 :

1114 2071 1144 2099 et
1158 2069 1201 2098 sic
1216 2068 1324 2099 dicunt
1339 2068 1448 2103 sancti,
1466 2068 1520 2106 qui
1537 2067 1647 2097 dicunt
1662 2076 1737 2097 eum
1753 2076 1817 2098 non
1832 2067 1890 2098 du-

1114 2123 1239 2158 bitasse,
1257 2121 1308 2151 sed
1327 2121 1514 2151 dubitationi
1530 2121 1759 2160 discipulorum
1778 2129 1889 2152 consu-

1114 2175 1219 2206 luisse.
1238 2175 1309 2205 Ideo
1332 2174 1418 2205 enin]
1435 2183 1488 2205 eos
1504 2173 1587 2203 misit
1602 2173 1642 2204 ad
1657 2173 1834 2211 Christum,
1852 2174 1888 2203 ut

1114 2229 1255 2259 videntes
1276 2228 1433 2259 mirabilia
1459 2236 1532 2267 quae
1554 2227 1706 2264 faciebat,
1723 2228 1888 2258 converte-

1114 2283 1226 2313 rentur
1253 2281 1290 2312 ad
1313 2281 1431 2320 ipsum.
1458 2280 1490 2311 Si
1517 2283 1624 2311 autem
1652 2281 1820 2320 loquamur
1849 2279 1886 2310 de

1114 2335 1207 2366 tertio
1222 2344 1338 2374 genere
1358 2335 1563 2366 dubitationis
1574 2358 1581 2371 ‚
1598 2334 1642 2365 sic
1660 2334 1810 2365 dixerunt
1832 2333 1886 2364 alii

1116 2388 1148 2419 S.
1164 2388 1316 2419 Joannem
1341 2388 1499 2419 dubitasse
1523 2396 1587 2418 non
1609 2386 1803 2417 dubitatione
1829 2395 1887 2417 va-

1115 2441 1293 2478 culationis,
1317 2441 1371 2471 sed
1392 2441 1557 2480 quusdam
1579 2439 1684 2479 potius
1702 2438 1885 2470 admiratio-

1116 2495 1164 2525 nis
1187 2497 1217 2526 et
1231 2494 1454 2535 compassionis
1465 2517 1474 2531 ,
1498 2501 1571 2532 quae
1586 2493 1661 2524 facit
1675 2492 1839 2524 hominem
1853 2501 1887 2523 so

1115 2549 1232 2579 habere
1255 2556 1311 2588 per
1332 2547 1464 2578 modum
1491 2546 1673 2577 dubitantis,
1697 2545 1735 2577 Et
1757 2545 1819 2576 hoc
1840 2546 1887 2577 est

1116 2629 1220 2652 joonnes
1235 2629 1260 2651 in
1276 2627 1382 2652 vinculis
1392 2634 1464 2658 opera
1480 2626 1585 2650 Clu-isti.
1600 2639 1624 2644 -—
1639 2627 1649 2643 ⁵
1663 2626 1730 2656 Luc„
1744 2630 1815 2656 xxrv,
1829 2626 1867 2649 25.

1150 2664 1181 2695 (α)
1199 2663 1266 2688 Edit.
1288 2664 1344 2686 Ven.
1356 2665 1390 2687 et.
