1997 2986
65 556 152 578 Divisio.

867 196 1055 230 DlSTlNCT.
1083 198 1104 229 1.
1770 202 1788 229 5

368 337 572 370 EXPOSlTlO
594 337 759 370 TEXTUS.

260 437 324 462 Cum
340 436 409 462 venit
423 437 498 467 igitur
513 436 644 468 plenitudo
660 436 799 468 temporis,
813 439 862 461 etc.

216 532 296 564 Cum
310 532 454 563 intendat
467 531 681 563 determinare
696 531 857 570 Magister,
874 541 952 571 qua-

175 586 248 618 liter
271 595 329 617 nos
354 586 435 617 Deus
459 585 581 616 Christo
600 584 856 623 conviviticavit,
873 585 954 615 liber

177 641 234 671 iste
258 639 355 670 dividi
371 639 466 670 hahet
487 639 521 669 iu
542 641 683 679 quatuor
698 641 813 679 partes,
835 647 952 669 sccun-

175 695 254 726 dum
270 697 409 735 quatuor
430 702 504 733 quze
525 693 675 733 praedicta
689 695 764 724 sunt
782 703 789 724 z
815 693 849 723 in
870 702 953 733 qua-

177 756 248 779 rum
269 747 374 787 prima
395 746 546 786 Magister
564 746 756 778 determinat
772 747 810 777 de
834 746 954 777 unione

176 803 365 832 naturarum
393 800 427 831 in
455 800 594 838 Christo,
620 810 675 841 per
697 810 796 841 quam
817 800 955 831 dicimur

177 854 393 886 convivificari
422 854 454 885 in
481 854 624 892 Clu-ist03
656 855 689 886 in
719 854 860 885 secunda
879 863 955 885 vero

177 909 378 946 determinat,
393 908 530 949 qualiter
544 917 578 939 se
589 908 705 939 nostris
715 908 955 940 infirmitatibus

177 962 404 1000 conformavit,
431 971 471 993 ex
490 971 555 1002 qno
576 961 715 993 dicimur
735 962 955 993 convivificari

177 1016 317 1053 Christo;
334 1019 364 1047 et
378 1015 488 1056 incipit
499 1015 567 1046 liaec
586 1015 726 1046 secunda
737 1025 810 1055 pars
828 1015 930 1046 infra¹
946 1026 954 1046 z

179 1070 264 1102 Solet
284 1071 383 1102 etiam
401 1071 514 1110 quoeri,
534 1073 644 1101 utrum
666 1069 767 1100 alium
785 1069 954 1107 hominem,

176 1124 226 1156 vel
250 1123 404 1162 aliunde,
428 1126 487 1154 etc.
517 1123 551 1153 ln
579 1122 670 1153 tertia
700 1131 778 1153 vero
805 1122 954 1154 determi-

177 1179 244 1214 nat,
261 1177 398 1217 qualiter
415 1185 471 1217 pcr
486 1177 622 1207 mortem
636 1184 729 1207 suam
744 1184 803 1207 nos
820 1185 839 1207 a
854 1177 957 1207 morte

177 1230 342 1268 liberavit,
359 1239 399 1261 ex
414 1238 478 1270 quo
492 1239 551 1261 nos
569 1229 708 1261 dicimur
728 1229 886 1261 vivificari
900 1238 958 1270 per

177 1284 350 1322 Christum,
365 1284 447 1315 infra
457 1284 485 1314 ¹:
500 1283 591 1315 Nunc
603 1291 674 1324 erqo
688 1291 872 1323 quaeramus
884 1292 958 1324 qno-

178 1338 270 1371 modo
292 1346 348 1379 per
371 1342 500 1370 mortem
526 1339 654 1377 ipsius,
689 1340 747 1369 etc.
784 1337 821 1368 ln
845 1340 958 1378 quarta

178 1402 257 1424 vero
277 1395 309 1424 et
322 1392 437 1424 ultima
447 1415 455 1429 ,
471 1392 662 1423 determinat
676 1391 812 1432 qualiter
830 1391 959 1423 habitus

179 1447 338 1479 virtutum
355 1447 388 1477 in
401 1446 523 1478 Christo
539 1445 681 1483 fuerunt,
697 1447 727 1477 et
743 1445 880 1485 qualiter
891 1454 959 1477 esse

179 1501 314 1533 debeant
329 1501 361 1532 in
371 1501 441 1541 ejus
454 1500 681 1538 imitatoribus,
697 1508 739 1531 ex
753 1508 818 1540 quo
829 1499 957 1538 dicitur,

178 1555 264 1596 quod
286 1554 368 1586 Deus
386 1554 565 1586 secundum
588 1553 749 1585 Christum
772 1562 831 1584 nos
852 1554 961 1584 viviti-

180 1609 275 1647 cavit,
291 1609 374 1639 int'ra
389 1608 399 1624 ³
415 1619 422 1639 :
443 1608 520 1640 Cum
535 1615 609 1640 vero
627 1615 727 1648 snpra
747 1607 894 1640 habitum
916 1608 962 1639 sit

183 1662 363 1700 Christum,
381 1663 440 1692 etc.
461 1660 516 1692 Vel
535 1661 647 1699 aliter,
671 1661 827 1701 quoniam
851 1661 884 1691 in
900 1661 962 1692 hoc

180 1715 262 1747 libro
275 1715 385 1755 agitur
400 1714 539 1755 qualiter
552 1714 635 1746 Deus
649 1723 708 1746 nos
723 1714 962 1746 conviviticavit

181 1769 316 1807 Christo,
325 1771 358 1800 et
365 1768 509 1800 Christus
519 1777 578 1799 nos
585 1768 762 1799 vivificavit
769 1768 962 1800 assumendo

180 1824 282 1856 vitam
296 1825 414 1855 nostrae
428 1824 553 1854 naturae
564 1847 573 1861 ,
590 1825 621 1853 et
636 1822 854 1863 participando
869 1822 962 1853 nobis

181 1878 281 1910 vitam
306 1877 438 1918 gratim
460 1876 531 1908 ideo
554 1875 635 1907 liber
658 1875 716 1907 iste
737 1876 834 1907 babet
856 1878 962 1916 partes

182 1931 262 1963 duas
279 1940 286 1960 ;
311 1931 344 1962 in
363 1930 467 1971 prima
492 1929 602 1969 agitur
625 1929 663 1960 de
683 1929 767 1967 vita,
787 1938 885 1969 quam
905 1938 963 1969 pro

183 1985 276 2017 nobis
296 1984 439 2016 Christus
460 1983 652 2024 assumpsit;
674 1983 709 2014 in
729 1984 867 2014 secunda
887 1992 964 2015 vero

183 2040 222 2072 de
238 2040 320 2078 vita,
333 2047 432 2079 quam
448 2037 540 2069 nobis
554 2037 704 2076 contulit,
727 2037 810 2068 intra
830 2040 840 2056 ‘
859 2048 866 2068 ι
886 2038 964 2069 Cum

183 2101 257 2127 vero
277 2101 378 2134 supra
401 2092 544 2124 habitum
574 2093 638 2130 sit,
661 2094 738 2130 etc.,
771 2091 828 2123 ubi
855 2091 965 2131 agitur

184 2149 223 2180 de
233 2147 419 2186 virtutibus,
431 2146 533 2184 donis,
547 2149 578 2177 et
586 2146 762 2187 praeceptis.
774 2145 881 2177 Prima
892 2154 965 2186 pars

184 2203 280 2234 habet
301 2202 402 2241 duas,
426 2202 460 2232 in
483 2209 622 2241 quarum
647 2200 751 2241 prima
776 2199 966 2231 determinat

187 2257 338 2297 Magister
352 2257 390 2288 de
403 2255 622 2287 incarnatione
638 2254 746 2293 Verbi,
763 2254 831 2286 sive
841 2254 880 2285 de
893 2254 967 2286 vitae

186 2314 303 2343 nostrae
316 2309 534 2350 assumptione
548 2309 627 2340 sacta
640 2318 660 2340 a
671 2307 776 2340 Verbo
790 2307 823 2338 in
838 2316 882 2345 se,
900 2307 967 2339 sive

187 2365 347 2402 absolute3
366 2364 400 2394 in
414 2363 554 2394 secunda
573 2371 667 2399 vero,
683 2363 781 2402 prout
800 2360 968 2392 ordinatur

188 2419 227 2450 ad
251 2420 391 2450 nostram
416 2416 690 2457 redemptionem,
720 2415 802 2446 inira
822 2418 832 2434 ³
854 2425 861 2446 ε
880 2414 967 2447 Solet

189 2473 286 2505 etiam
309 2471 424 2512 quem-i,
452 2474 561 2502 utrum
584 2470 686 2501 alium
710 2468 877 2505 hominem,
906 2469 965 2499 etc.

191 2526 299 2558 Prima
326 2534 420 2566 pars,
449 2524 505 2556 ubi
535 2523 687 2564 Magister
714 2522 905 2554 determinat
930 2522 969 2553 de

190 2580 310 2612 unione
331 2580 522 2611 naturarum
543 2578 576 2609 in
597 2577 739 2616 Christo,
758 2576 913 2608 dividitur
935 2575 970 2607 in

229 2661 236 2678 ¹
250 2659 313 2685 Dist.
328 2659 438 2684 ’.ομ-ἱ
454 2659 518 2684 Dist.
533 2662 587 2683 xlx.
599 2670 631 2676 —
645 2657 655 2674 ¹
668 2657 730 2683 bist.
751 2662 826 2682 xxm.
841 2669 870 2674 —
883 2657 893 2672 ⁵
906 2656 971 2682 Dist.

195 2701 309 2721 nni.—
321 2695 450 2720 wistan.
459 2695 506 2714 —0
517 2695 580 2719 Dist.
590 2693 667 2719 v.—⁷
676 2693 740 2719 Diet.
749 2698 806 2718 vni.
815 2692 862 2711 —0
871 2692 935 2717 Dist.
945 2698 970 2717 v.

1011 268 1074 297 tres
1084 268 1187 306 partes
1200 276 1207 296 ε
1221 266 1252 296 in
1264 266 1367 305 prima
1377 265 1513 296 ostendit
1528 264 1689 305 Magister,
1705 267 1789 306 qnod

1009 320 1042 351 in
1058 319 1182 351 Christo
1199 319 1258 350 snit
1273 319 1350 349 unio
1362 321 1551 350 naturarum
1567 319 1786 357 diversarnm3

1011 375 1042 404 in
1069 373 1208 404 secunda
1231 382 1308 403 vero
1331 372 1468 403 ostendit
1493 373 1624 403 uniendi
1651 375 1682 404 et
1699 383 1790 404 assu-

1011 427 1118 458 mendi
1145 427 1275 458 modum
1288 451 1296 464 ,
1323 426 1403 457 inira
1422 426 1432 442 ⁰
1453 436 1460 458 :
1486 426 1643 458 Proeterea
1663 427 1791 467 inquiri

1011 484 1155 520 oportet:
1179 481 1212 511 in
1237 480 1329 511 tertia
1353 488 1447 515 verO,
1471 479 1607 520 qualiter
1628 489 1684 520 per
1704 480 1790 511 illam

1011 534 1165 564 unionem
1191 534 1246 564 ssat
1274 534 1521 564 communicatio
1548 534 1736 564 idiomatum
1762 536 1793 564 et

1011 588 1261 628 proprietatum,
1288 587 1371 618 infra
1397 590 1407 606 ⁷
1430 597 1437 618 :
1463 588 1536 619 Post
1558 587 1714 627 proedicta
1740 588 1793 618 in-

1011 641 1101 680 quiri
1123 640 1229 677 (lebet,
1260 643 1319 671 etc.
1352 639 1458 671 Prima
1479 650 1552 680 pars
1575 640 1729 671 dividitur
1759 641 1793 671 in

1011 695 1116 725 duas:
1144 695 1175 725 in
1199 694 1302 734 prima
1323 694 1434 734 agitur
1457 694 1496 724 de
1523 694 1641 724 unione
1659 697 1792 725 natura—

1013 757 1103 784 rum·,
1128 747 1161 778 in
1185 746 1342 785 secunda,
1364 746 1402 778 de
1427 747 1541 778 Christi
1566 748 1790 787 conceptione,

1014 801 1097 831 infra
1111 803 1122 819 ³
1141 810 1149 831 ε
1169 801 1332 836 Ouoeritur
1341 801 1439 833 etiam
1449 800 1489 832 de
1499 809 1595 832 carne
1613 800 1718 837 Verbi,
1731 803 1790 831 etc.

1014 853 1121 885 Prima
1145 864 1218 895 pars
1242 855 1396 885 dividitur
1419 854 1453 884 in
1481 854 1561 885 (luas
1587 857 1691 894 partes
1721 865 1727 885 :
1760 855 1793 885 in

1014 909 1117 948 prima
1134 909 1324 940 determinat
1343 909 1381 939 de
1403 909 1522 940 unione
1544 910 1736 939 naturarum
1760 908 1793 938 iu

1014 962 1137 994 Christo
1163 973 1204 995 ex
1232 965 1329 1003 parte·
1347 970 1491 1003 personae
1517 962 1729 999 assumentis,
1760 961 1794 992 in

1014 1017 1163 1055 secunda,
1175 1026 1214 1048 ex
1230 1020 1318 1057 parte
1329 1019 1453 1047 naturze
1467 1018 1651 1055 assumptae,
1667 1015 1750 1045 infra
1761 1015 1771 1031 ⁹
1785 1024 1792 1045 :

1017 1071 1054 1102 Et
1065 1072 1144 1110 quia
1161 1072 1197 1102 in
1207 1071 1334 1102 homine
1346 1074 1413 1102 tota
1427 1070 1570 1101 Ιιαηιαηα
1583 1072 1714 1105 naemu,
1733 1071 1791 1099 etc.

1015 1123 1123 1155 Prima
1143 1134 1233 1164 pars,
1249 1133 1323 1164 quae
1340 1126 1425 1154 tenet
1448 1125 1641 1163 praesentem
1663 1123 1794 1153 distinc-

1016 1178 1136 1209 tionem
1149 1202 1157 1215 ,
1174 1178 1328 1209 dividitur
1349 1178 1384 1208 in
1405 1180 1468 1208 tres
1483 1179 1588 1217 partes
1613 1186 1620 1207 ι
1641 1177 1675 1207 in
1691 1176 1796 1216 prima

1015 1231 1152 1263 ostendit
1168 1231 1317 1271 Magister
1331 1231 1584 1262 incarnationem
1600 1231 1714 1261 factam
1727 1239 1794 1261 esso

1016 1286 1051 1317 in
1083 1295 1219 1326 persona
1249 1285 1336 1322 Filii,
1365 1284 1552 1316 auctoritate
1578 1283 1735 1324 Apostoli3
1763 1283 1796 1314 in

1015 1339 1155 1370 secunda
1176 1339 1311 1380 inquirit
1331 1339 1400 1379 ejus
1417 1338 1572 1370 rationem
1585 1362 1593 1376 ,
1619 1337 1661 1368 ibi
1679 1347 1686 1368 :
1713 1337 1797 1369 Ditt-

1016 1398 1123 1434 qenter
1146 1402 1220 1426 vero
1235 1393 1461 1426 annotandum
1482 1396 1537 1429 est,
1560 1394 1620 1423 etc.
1645 1391 1680 1422 ln
1705 1391 1797 1422 tertia

1017 1456 1094 1479 vero
1110 1450 1219 1479 movet
1232 1447 1476 1485 dubitationem,
1491 1446 1535 1477 ibi
1553 1457 1559 1477 :
1581 1446 1617 1477 Si
1629 1453 1702 1478 vero
1715 1453 1798 1485 quoe-

1018 1504 1115 1541 ritur,
1139 1506 1248 1535 utrum
1273 1503 1379 1540 Pater,
1402 1505 1432 1534 et
1461 1500 1583 1540 Filius,
1610 1505 1639 1533 et
1654 1501 1798 1540 Spiritus

1020 1557 1172 1595 Sanctus,
1195 1558 1253 1587 etc.
1278 1556 1518 1587 Subdivisiones
1531 1557 1640 1586 autem
1656 1554 1798 1595 partium

1019 1610 1195 1641 manifestae
1210 1612 1286 1640 sunt
1297 1609 1330 1640 in
1344 1609 1460 1640 littera.

1347 1722 1416 1745 DUB.
1440 1722 1461 1743 1.

1281 1781 1346 1805 Cum
1367 1780 1439 1805 venit
1455 1779 1540 1812 igitur.

1061 1870 1224 1909 Quaeritur
1232 1869 1271 1900 de
1278 1865 1534 1907 verboApostoli,
1544 1873 1608 1906 quo
1619 1865 1657 1905 (a)
1668 1865 1784 1896 dicitur
1794 1877 1799 1895 :

1021 1926 1062 1958 At
1078 1925 1133 1957 ubi
1151 1923 1241 1956 venit
1259 1920 1426 1962 plenitudo
1448 1920 1599 1961 temporis
1611 1944 1621 1958 ‚
1645 1921 1703 1950 etc.
1721 1918 1802 1950 Con-

1021 1983 1070 2010 tra
1093 1989 1100 2010 :
1130 1977 1280 2014 Videtur,
1306 1974 1394 2016 quod
1422 1983 1489 2005 non
1516 1973 1611 2005 fuerit
1637 1972 1803 2014 plenitudo

1021 2033 1174 2073 temporis
1198 2031 1232 2062 in
1245 2030 1387 2062 adventu
1402 2027 1473 2059 Filii
1490 2027 1544 2059 Dei
1560 2028 1581 2045 ¹⁰
1603 2038 1610 2058 z
1637 2026 1690 2058 EJ:
1711 2029 1803 2067 parte

1022 2087 1254 2128 cognoscimus,
1272 2088 1301 2116 et
1316 2091 1358 2116 ez·
1372 2085 1463 2123 parte
1476 2080 1716 2122 prophetamus.
1743 2080 1804 2111 Sed

1023 2140 1187 2183 plenitudo
1200 2140 1348 2176 evacuat,
1365 2136 1452 2177 quod
1473 2144 1514 2167 ex
1534 2136 1622 2175 parte
1638 2136 1685 2165 est
1700 2145 1707 2164 z
1725 2142 1804 2173 ergo

1023 2196 1152 2228 videtur
1174 2193 1260 2234 quod
1287 2190 1452 2233 plenitudo
1481 2189 1634 2230 temporis
1657 2188 1804 2219 nondum

1024 2247 1255 2290 supervenerit.
1273 2246 1368 2282 Item,
1387 2245 1426 2276 de
1440 2252 1561 2284 sagena
1576 2243 1606 2282 ¹¹,
1621 2251 1718 2283 quam
1732 2250 1804 2274 curn

1025 2304 1206 2345 impleta...,
1221 2301 1330 2333 Glossa
1347 2311 1353 2331 :
1378 2310 1392 2328 u
1410 2298 1447 2329 ln
1461 2298 1524 2329 fine
1543 2297 1668 2328 mundi.
1684 2307 1698 2325 i>
1719 2295 1804 2335 Ergo

1026 2367 1092 2390 non
1108 2357 1234 2389 videtur
1250 2354 1336 2396 quod
1351 2355 1425 2385 ante
1439 2353 1537 2384 finem
1548 2351 1662 2383 mundi
1674 2350 1714 2381 sit
1728 2352 1806 2380 tem-

1027 2412 1112 2453 poris
1126 2409 1300 2452 plenitudo.
1487 2399 1490 2403 ’

1067 2465 1161 2506 Rcsp.
1181 2463 1356 2495 Dicendum
1369 2461 1454 2502 quod
1467 2462 1596 2499 tempus
1610 2457 1806 2488 incarnatio-

1027 2521 1077 2552 nis
1089 2519 1205 2551 dicitur
1219 2520 1347 2558 tempus
1362 2513 1568 2556 plenitudinis
1584 2510 1753 2551 multiplici
1768 2510 1806 2541 de

1028 2583 1134 2606 causa.
1147 2572 1265 2610 Prima,
1279 2571 1355 2611 quia
1367 2569 1448 2601 Deus
1458 2566 1613 2608 implevit,
1625 2564 1712 2606 quod
1726 2572 1806 2604 prae-

1031 2669 1058 2674 -
1068 2655 1079 2672 ⁹
1091 2655 1154 2680 Dist.
1165 2659 1194 2678 n.
1207 2666 1232 2671 -
1247 2652 1365 2681 ¹⁰1cor.‚
1378 2655 1435 2680 xm,
1446 2650 1470 2674 9.
1480 2660 1509 2666 —
1520 2648 1540 2665 ¹¹
1549 2646 1651 2677 natm,
1660 2650 1717 2675 xm,
1728 2645 1766 2669 68.
1776 2657 1806 2662 -

1031 2692 1137 2716 ¹²Gloss.
1149 2689 1262 2714 interlin.
1275 2688 1300 2712 in
1310 2688 1378 2711 hunc
1390 2686 1518 2710 locum.—
1528 2684 1562 2716 (α)
1577 2683 1637 2709 eor.
1650 2681 1712 2707 edu.
1725 2680 1804 2713 quod.
