2017 2960
823 176 1011 210 DISTINCT.
1036 175 1130 209 XXII.

360 259 565 293 EXPOSITIO
588 257 752 290 TEXTUS.

279 336 326 361 Hic
340 334 462 367 quaeritur
476 335 561 358 utrum
576 333 602 358 in
617 333 659 358 illo
675 332 773 362 triduo,
788 333 836 356 etc.

210 412 312 451 Supra
329 410 396 450 egit
411 409 563 449 Magister
581 410 619 441 de
643 407 841 448 separatione
865 406 947 437 facta

169 465 205 496 in
227 466 330 496 morte
352 464 488 502 Christi;
505 464 539 494 in
553 464 614 494 hac
629 472 705 493 vero
721 463 810 502 parte
828 460 895 499 agit
910 459 948 490 de

169 519 438 559 consequentibus
459 518 500 549 ad
520 517 764 558 separationem.
790 513 949 545 Dividitur

168 575 276 604 autem
298 583 371 613 pars
396 573 454 603 ista
478 572 512 602 in
532 574 596 602 tres
619 573 723 611 partes
736 594 743 607 ,
760 570 794 600 111
809 576 948 609 quarum

168 627 273 667 prima
287 626 423 666 inquirit
434 625 585 665 Magister
596 627 706 656 utrum
723 623 867 654 Christus
880 623 950 653 fue-

168 681 209 711 rit
232 681 329 711 homo
351 680 383 710 in
405 680 530 717 triduo;
555 679 588 709 in
619 678 758 708 secunda
779 686 875 715 vero,
894 678 949 709 ubi

168 735 263 765 fuerit
288 734 321 764 in
342 733 396 764 illo
415 733 533 770 triduO,
555 732 600 762 ibi
615 742 622 762 z
639 731 699 762 Hic
722 732 894 770 quoeritur,
919 732 952 764 si

170 787 318 819 Christus
332 788 368 819 in
383 789 500 823 morte,·
521 785 555 815 in
572 785 665 815 tertia
680 794 769 823 vero,
787 785 826 816 ad
845 787 950 825 majo-

168 850 238 872 rem
261 840 517 881 explanationem
533 863 540 876 ,
558 838 691 877 inquirit
711 840 821 869 utrum
837 848 950 870 conce-

168 894 311 925 dendum
336 893 376 924 sit
398 892 489 923 illum
510 891 676 923 hominem
697 891 896 922 descendisse
913 893 950 924 de

169 947 260 985 coelo,
276 947 318 978 ibi
336 957 343 978 z
360 947 547 979 Soletetz'am
561 946 677 986 quoeri,
696 946 726 976 si
740 949 952 985 congruenter

168 999 237 1030 diez·
249 1001 364 1038 potest,
383 1000 442 1029 etc.
462 997 569 1028 Prima
587 1006 671 1037 pars,
690 997 725 1027 in
740 1006 803 1036 qua
819 997 953 1038 inquirit

170 1055 281 1083 utrum
297 1052 439 1083 Christus
455 1052 487 1081 in
500 1051 606 1082 triduo
622 1051 718 1081 fuerit
734 1051 849 1090 homo,
867 1052 952 1083 divi-

170 1106 254 1137 ditur
278 1106 312 1136 in
333 1106 412 1136 duas
436 1108 558 1145 partes,
576 1105 609 1135 in
625 1114 764 1144 quarum
781 1105 884 1145 prima
899 1115 953 1146 op-

172 1160 321 1200 ponitur;
346 1160 379 1189 in
402 1159 543 1190 secunda
566 1158 727 1196 dissolvit,
746 1159 812 1190 ibi:
834 1159 953 1194 Quibus

170 1213 409 1253 respondemus,
426 1214 505 1252 quia
518 1213 590 1244 [icet
603 1212 705 1251 homo,
722 1215 781 1243 etc.
807 1213 954 1244 Secunda

170 1275 247 1298 vero
271 1276 344 1307 pars
367 1266 560 1306 principalis,
584 1267 617 1296 in
640 1276 705 1306 qua
733 1267 868 1307 inquirit
898 1267 954 1298 ubi

169 1319 265 1351 fuerlt
280 1320 334 1351 1110
361 1320 486 1358 triduo,
512 1320 660 1350 similiter
681 1320 776 1351 habet
802 1320 892 1359 duas,
920 1322 953 1352 in

170 1383 310 1413 quarum
319 1374 566 1414 primainquiiit
589 1374 643 1405 ubi
662 1374 758 1404 suerit
773 1375 954 1406 secundum

171 1427 424 1465 humanitatem3
447 1427 480 1458 in
496 1428 638 1458 secunda
654 1437 731 1459 vero
747 1428 881 1468 inquirit
897 1430 950 1460 ubi

170 1481 266 1512 fuerit
296 1481 473 1512 secundum
502 1481 552 1512 sui
580 1481 787 1520 totalitatem,
807 1482 851 1513 ibi
881 1494 886 1513 :
912 1484 956 1514 Ec

172 1536 281 1575 utique
305 1537 388 1567 totus
409 1535 516 1567 eodem
535 1538 669 1576 tempore
683 1539 762 1575 erat,
779 1538 837 1567 etc.
856 1536 955 1568 Simi-

172 1589 243 1620 liter
258 1589 351 1620 tertia
364 1599 447 1629 pars,
460 1590 495 1620 in
508 1599 572 1630 qua
583 1590 719 1630 inquirit
734 1592 845 1621 utrum
857 1587 956 1621 Filius

173 1643 315 1674 hominis
341 1643 539 1675 descenderit
564 1644 602 1675 de
631 1644 721 1681 coelo‚
755 1644 850 1675 habet
876 1645 957 1675 duas

176 1699 293 1736 partes,
310 1697 343 1727 in
363 1706 502 1737 quarum
524 1697 628 1737 prima
643 1698 853 1738 quaestioneni
872 1708 956 1738 prae-

173 1749 290 1780 dictam
305 1750 516 1788 determinat3
536 1751 569 1781 in
586 1751 724 1782 secunda
741 1752 957 1791 praedetermi-

173 1805 250 1833 nata
268 1803 302 1833 in
325 1803 415 1834 totali
436 1806 525 1843 parte
544 1804 604 1835 ista
629 1805 779 1845 epilogat,
795 1805 838 1836 1111
856 1816 862 1836 ;
882 1806 956 1838 Hoec

173 1856 212 1888 de
229 1857 372 1896 corriyia
387 1857 594 1890 calceamenti
617 1858 786 1898 dominici,
800 1861 859 1890 etc.
879 1860 956 1897 Quae

174 1910 305 1950 quidem
319 1920 392 1950 pars
406 1911 506 1942 dividi
521 1912 625 1952 potuit
644 1914 753 1944 contra
772 1915 872 1944 totam
888 1922 958 1953 par·

174 1965 239 1994 tem
264 1964 496 2004 praecedentem
517 1976 524 2003 ;
552 1966 606 1996 sed
634 1966 694 1996 suh
720 1966 789 1997 aliis
814 1967 957 2006 partibus

175 2016 406 2056 comprehensa
438 2018 498 2049 suit
528 2019 568 2049 ad
599 2019 764 2051 vitandam
793 2019 958 2051 divisionis

176 2070 410 2102 confusionem.

515 2158 583 2180 DUB.
604 2158 626 2180 Ῐ.

252 2212 307 2236 Lux
323 2218 390 2235 verae
405 2211 537 2243 sapientiai
553 2212 711 2237 illuminabat
725 2212 864 2237 infernum.

216 2286 348 2319 Videtur
369 2287 430 2319 hoc
450 2297 518 2319 esse
543 2288 658 2319 falsum
671 2313 678 2326 ‚
696 2288 786 2329 quia,
803 2289 885 2321 sicut
901 2289 957 2321 ob-

176 2342 309 2373 scuritas
326 2344 486 2383 repugnat
509 2343 587 2374 coelo
609 2352 780 2384 empyreo,
801 2344 846 2375 sic
864 2344 959 2375 lumi-

177 2396 296 2426 nositas
311 2399 472 2436 repugnat
485 2397 610 2428 inferno
624 2408 630 2428 :
648 2398 730 2428 sicut
744 2407 822 2438 ergo
838 2398 957 2430 coelum

178 2456 368 2489 empyreum
394 2459 565 2490 nunquam
589 2451 686 2482 habet
712 2452 898 2490 obscurari,
915 2452 958 2484 sic

178 2501 305 2533 videtur
320 2503 405 2542 quod
421 2503 567 2535 infernus
581 2514 751 2545 nunquam
763 2505 959 2537 habeatillu-

178 2554 309 2587 minari.
343 2555 424 2587 Item
459 2557 601 2590 damnati
637 2559 818 2591 debuerunt
850 2569 958 2592 carere

179 2608 267 2640 omni
284 2609 514 2650 consolatione,
536 2614 568 2644 et
586 2613 729 2646 maxime
743 2614 958 2646 consolatione

178 2667 253 2704 quae
273 2663 321 2695 est
341 2662 375 2694 in
403 2665 533 2706 aspectu
557 2665 637 2698 lucis
661 2669 792 2700 aeternae
809 2678 817 2701 :
837 2676 918 2709 ergo
931 2667 958 2699 si

1725 176 1782 206 457

1006 245 1065 276 lux
1088 244 1142 276 illa
1161 243 1333 285 corporalis
1349 251 1415 274 non
1431 244 1510 279 erat,
1527 241 1603 282 quia
1622 242 1689 273 sine
1712 250 1781 273 cor-

1006 307 1082 338 pore
1106 298 1146 330 ad
1167 297 1292 329 inferna
1316 296 1487 335 descendit,
1503 296 1556 327 sed
1572 296 1677 335 magis
1690 295 1782 336 spiri-

1005 352 1111 388 tualis,
1122 352 1252 383 videtur
1265 351 1351 392 quod
1366 351 1398 382 in
1414 350 1539 382 inferno
1554 349 1706 381 irradiare
1717 358 1782 380 non

1005 405 1127 437 debeat.

1046 460 1137 500 Hesp.
1147 460 1323 491 Dicendum
1332 459 1416 500 quod
1431 468 1520 491 secus
1535 460 1581 490 est
1596 457 1633 489 de
1648 456 1782 488 irradia-

1005 513 1090 544 tione
1112 514 1192 544 lucis
1214 513 1404 552 materialis,
1427 515 1458 544 et
1480 512 1561 543 lucis
1583 510 1757 552 spiritualis
1775 521 1782 542 :

1006 576 1082 598 nam
1105 567 1268 598 irradiatio
1282 566 1363 597 lucis
1378 565 1550 597 materialis
1567 566 1717 596 immutat
1732 564 1785 596 vi-

1006 630 1078 652 sum
1094 620 1302 658 naturaliter3
1319 619 1480 650 irradiatio
1497 629 1574 650 vero
1590 619 1671 649 111015
1691 618 1786 659 spiri-

1006 675 1101 705 tualis
1112 674 1263 705 immutat
1277 672 1471 704 voluntarie.
1489 672 1577 703 Unde
1591 672 1702 703 nullus
1715 681 1785 703 eam

1007 728 1103 766 videt,
1120 727 1182 758 nisi
1197 726 1248 758 cui
1265 735 1297 757 se
1313 726 1451 757 ostendit
1464 725 1655 756 voluntarie.
1669 725 1786 756 Etideo

1007 781 1064 812 lux
1079 782 1139 812 ista
1153 780 1318 821 splendere
1333 780 1449 811 dicitur
1464 780 1497 810 in
1513 779 1636 810 inferno
1650 781 1681 810 et
1694 779 1788 809 infer-

1007 844 1087 865 num
1113 835 1329 872 illuminasse,
1350 834 1426 873 quia
1449 833 1572 873 aliquos
1596 832 1635 863 de
1663 832 1787 863 interno

1007 886 1200 924 irradiabat;
1234 894 1301 916 non
1329 887 1438 916 tamen
1466 894 1596 921 omnes,
1627 884 1703 925 quia
1730 893 1788 915 nec

1008 949 1120 972 omnes
1136 940 1263 970 volebat
1282 939 1474 977 illuminare,
1489 947 1547 969 nec
1562 947 1674 970 omnes
1689 937 1787 969 habe·

1008 990 1085 1025 bant
1110 994 1219 1025 oculos
1252 992 1516 1034 proportionales
1541 992 1590 1023 Ad
1610 991 1689 1023 illud
1711 1000 1789 1022 vero

1009 1049 1092 1089 quod
1117 1047 1265 1087 objicitur
1287 1047 1325 1078 de
1341 1047 1419 1078 coelo
1435 1055 1600 1087 empyreo,
1617 1045 1788 1076 dicendum

1009 1103 1094 1143 quod
1118 1111 1181 1133 non
1197 1103 1243 1132 est
1260 1101 1362 1132 simile
1380 1112 1386 1131 :
1409 1100 1560 1141 quamvis
1577 1099 1663 1130 enim
1679 1099 1718 1129 sit
1732 1099 1791 1129 bo-

1010 1164 1088 1186 num
1114 1155 1246 1186 omnino
1270 1154 1514 1194 impermixtum
1537 1153 1622 1184 malo
1635 1177 1643 1190 ,
1659 1161 1725 1182 11011
1742 1154 1791 1182 ta-

1010 1220 1084 1241 men
1100 1212 1222 1251 oportet
1237 1210 1322 1250 quod
1335 1210 1374 1240 sit
1390 1209 1512 1240 malum
1528 1209 1661 1240 omnino
1674 1208 1789 1248 imper-

1011 1265 1151 1296 mixtum
1171 1264 1267 1294 bono.
1290 1263 1328 1294 Et
1349 1265 1517 1303 propterea
1542 1262 1672 1293 decebat
1686 1262 1789 1292 Deum

1011 1327 1074 1355 005,
1101 1318 1156 1358 (1111
1179 1319 1271 1348 erant
1291 1317 1323 1347 in
1347 1316 1496 1354 tenebris,
1511 1315 1708 1352 illuminare,
1726 1323 1792 1345 non

1011 1375 1118 1403 tamen
1138 1381 1206 1409 005,
1224 1371 1279 1411 (1111
1300 1372 1392 1401 erant
1406 1370 1440 1400 in
1454 1369 1589 1407 lumine,
1605 1368 1789 1399 obscurare.

1334 1488 1402 1510 DUB.
1427 1488 1461 1509 II.

1168 1562 1259 1594 [tique
1275 1563 1343 1586 totus
1359 1561 1384 1585 in
1400 1561 1493 1585 eodem
1509 1562 1634 1591 tempore.

1053 1639 1118 1671 Hoc
1132 1640 1259 1671 videtur
1269 1640 1396 1676 falsum,
1409 1638 1485 1679 quia
1497 1640 1554 1669 aut
1568 1638 1639 1676 1100,
1650 1637 1736 1678 (111οᾱ
1747 1639 1794 1668 est

1013 1698 1114 1733 totus,
1129 1695 1265 1725 refertur
1290 1693 1330 1724 ad
1353 1695 1519 1730 naturam,
1537 1694 1594 1723 aut
1625 1692 1664 1723 ad
1688 1700 1795 1732 perso-

1013 1758 1088 1779 nam
1109 1760 1115 1780 :
1133 1749 1173 1779 ad
1197 1751 1348 1779 naturam
1371 1756 1434 1777 non
1449 1771 1456 1785 ‚
1474 1747 1550 1787 quia
1577 1746 1720 1777 Christus
1749 1755 1796 1776 se-

1013 1805 1155 1835 cundum
1178 1806 1277 1835 totam
1302 1805 1453 1834 naturam
1477 1811 1543 1833 non
1565 1804 1633 1833 erat
1650 1801 1747 1832 simul
1762 1801 1795 1831 in

1013 1859 1091 1890 coelo
1115 1861 1146 1889 et
1166 1859 1199 1888 in
1220 1858 1361 1895 infern03
1386 1857 1412 1887 si
1435 1857 1474 1887 ad
1495 1865 1674 1896 personam,
1692 1855 1796 1887 adhuc

1013 1913 1140 1944 videtur
1154 1911 1282 1950 falsum,
1300 1911 1376 1952 quia
1392 1920 1488 1951 supra
1501 1935 1509 1948 ‚
1524 1910 1596 1941 dist.
1615 1919 1660 1946 VI,
1675 1909 1796 1940 dictum

1013 1969 1060 1998 est
1075 1967 1159 2007 quod
1178 1975 1315 2006 persona
1328 1965 1442 1996 Christi
1459 1963 1662 2004 componitur
1677 1972 1717 1994 ex
1736 1962 1796 1993 tri-

1013 2022 1073 2051 bus
1092 2020 1276 2051 substantiis
1293 2022 1323 2050 et
1338 2019 1465 2050 duabus
1482 2018 1618 2056 naturis,
1637 2020 1667 2047 et
1680 2018 1727 2048 est
1743 2016 1798 2047 illa

1014 2074 1200 2114 compositio
1237 2072 1469 2113 inexplicabilis
1497 2081 1504 2102 :
1534 2080 1612 2110 ergo
1650 2071 1676 2100 51
1711 2072 1797 2101 totus

1014 2127 1157 2159 Christus
1175 2129 1243 2158 erat
1263 2127 1297 2157 in
1318 2126 1397 2157 coelo
1413 2127 1443 2157 et
1459 2126 1492 2155 in
1509 2125 1635 2156 inferno
1643 2147 1652 2162 ,
1668 2124 1798 2155 videtur

1014 2182 1100 2222 quod
1121 2181 1184 2212 511ae
1199 2181 1271 2212 duae
1287 2182 1413 2211 naturae
1430 2179 1527 2210 simul
1543 2180 1647 2209 essent
1667 2178 1701 2208 in
1718 2177 1797 2208 coelo

1014 2238 1045 2267 et
1070 2236 1103 2266 in
1116 2236 1240 2266 inferno
1259 2244 1267 2266 :
1284 2234 1368 2274 quod
1380 2233 1495 2264 falsum
1504 2235 1550 2264 est
1561 2235 1592 2263 et
1605 2231 1794 2262 absurdum.

1014 2290 1094 2322 Item
1113 2302 1119 2321 z
1137 2289 1354 2320 Differentiam
1369 2287 1519 2330 conve-nit
1533 2285 1692 2325 assignari
1711 2284 1795 2314 inter

1014 2344 1074 2375 hoc
1090 2343 1233 2383 signum,
1251 2342 1358 2375 Omne,
1376 2343 1407 2372 et
1418 2341 1480 2371 hoc
1503 2340 1653 2379 signum,
1673 2338 1796 2375 Totum,

1014 2398 1091 2438 quia
1114 2405 1204 2429 omne
1229 2395 1389 2426 distribuit
1409 2403 1466 2435 pro
1482 2392 1628 2434 partibus
1643 2390 1798 2431 subjecti-

1014 2452 1075 2490 viS,
1093 2453 1234 2483 ettotam
1249 2459 1306 2490 pro
1319 2449 1462 2490 partibus
1474 2446 1685 2486 integralibus
1699 2456 1705 2476 :
1719 2454 1798 2484 ergo

1015 2506 1042 2536 si
1064 2505 1207 2536 Christus
1237 2513 1305 2535 non
1326 2502 1465 2534 habebat
1491 2502 1596 2542 partes
1623 2498 1798 2538 integrales

1015 2560 1076 2592 nisi
1091 2559 1268 2591 secundum
1284 2558 1463 2589 humanam
1479 2557 1640 2592 naturam,
1658 2561 1733 2583 cum
1748 2551 1797 2583 di-

1016 2614 1098 2645 citur
1111 2613 1197 2654 quod
1214 2614 1301 2644 totus
1322 2611 1465 2643 Christus
1485 2609 1546 2641 fuit
1569 2608 1603 2639 in
1618 2606 1698 2638 coelo
1719 2606 1797 2638 etin

1015 2667 1161 2707 inferno,
1186 2666 1370 2708 implicatur
1396 2664 1457 2695 hoc
1481 2662 1519 2695 de
1541 2661 1664 2694 Christo
1678 2668 1798 2693 secun-
