2017 2960
260 244 298 273 92
817 241 1126 273 anTssNTlARUM
1152 244 1224 274 ΜΒ.
1249 244 1301 274 ΙΙΙ.

259 317 354 348 quam
371 310 527 340 nativitas.
548 309 627 340 Nam
643 310 752 341 filiatio
776 310 849 340 dicit
871 309 1031 348 originem

259 371 333 393 cnm
349 364 583 394 assimilatione.

577 514 645 534 DUB.
668 513 712 534 111.

260 586 381 609 Dicuntur
403 585 477 608 eti-‘un
492 584 534 607 tilii
550 585 673 615 geheuuae
689 591 742 608 non
761 592 790 608 ex
806 585 847 608 illa
862 585 926 611 nati.
944 585 988 608 sed
1007 584 1032 607 in

527 624 598 648 illam
614 625 759 655 prmparati.

300 700 412 730 Contra
431 711 437 730 :
453 700 499 731 Ex
517 700 576 730 hoc
596 701 679 739 quod
696 700 815 740 aliquid
837 702 1034 739 praeparatur

259 754 296 783 ad
321 753 439 792 aliquid
465 756 534 792 post
558 763 653 783 suum
677 763 761 790 esse,
783 753 908 783 videtur
931 753 1034 792 potius

260 807 413 837 rationein
435 807 543 846 patris,
573 816 670 846 quam
694 807 749 836 tilii
772 807 803 836 in
828 816 859 836 se
882 806 999 836 habere
1026 817 1031 836 :

259 869 336 899 ergo
363 860 487 889 videtur
513 861 596 899 quod
629 860 732 899 potius
756 860 904 890 deberent
927 859 1032 890 vocari

260 915 363 952 patres
379 914 548 952 gehennae,
565 923 661 952 quain
675 913 744 943 tilii.

300 965 391 1005 Resp.
431 966 600 996 [licentiam
632 966 714 1005 quod
753 965 912 1004 duplicem
941 964 1035 994 habet

260 1019 482 1058 proprietatem
507 1019 590 1048 filius
612 1020 753 1057 respectu
771 1018 879 1056 patris.
897 1016 965 1047 Una
988 1019 1035 1046 at-

260 1072 399 1101 tenditur
409 1074 565 1111 quantum
581 1072 618 1100 atl
635 1071 880 1105 emanationem.
894 1072 925 1100 et
939 1070 1037 1100 altera

260 1128 417 1165 quantum
440 1126 476 1155 acl
503 1125 707 1165 possessionis
732 1123 947 1154 liaerestitatem
975 1133 982 1153 :
1007 1125 1036 1153 et.

261 1179 364 1217 prima
379 1179 530 1208 antecedit
542 1203 549 1212 ,
566 1181 595 1207 et
611 1178 748 1208 secun-la
764 1176 980 1215 subsequitur.
999 1175 1037 1206 Et

261 1232 315 1261 filii
341 1232 497 1269 gehenna?
518 1232 670 1262 dicuntur
690 1240 755 1260 non
780 1230 900 1260 ratione
923 1229 1035 1268 primze

263 1285 478 1324 pmprietatis,
496 1287 548 1313 seii
566 1284 687 1314 ratione
702 1283 848 1313 secundae
861 1306 868 1317 ,
883 1282 920 1311 a‹l
937 1291 1034 1321 quam

262 1339 482 1377 praeparautur
502 1346 557 1376 per
573 1336 713 1376 aliquam
728 1335 988 1365 assimilationem
1003 1334 1035 1364 in

263 1390 418 1430 perversis
436 1390 568 1425 actibus,
594 1390 626 1418 in
647 1388 763 1428 quihus
784 1388 949 1418 imitantur
968 1387 1035 1417 dia-

262 1444 382 1481 bolum,
399 1446 491 1482 cujus
506 1443 657 1473 habitatio
672 1445 718 1472 est
733 1442 892 1481 gehenna.

582 1561 649 1582 DUB.
674 1561 717 1581 lv.

401 1628 491 1651 Divina
505 1628 585 1659 gratia
601 1626 767 1658 corporaliter
780 1627 900 1658 repletus.

304 1704 417 1735 Contra
435 1715 441 1734 :
461 1703 492 1734 Si
514 1704 599 1734 enim
620 1703 725 1742 gratia
748 1712 810 1732 non
836 1702 894 1732 fuit
911 1702 940 1731 in
965 1711 1036 1731 cor-

265 1767 355 1798 pore,
372 1757 423 1787 sed
445 1758 577 1796 spiritu,
600 1766 663 1786 non
687 1756 812 1786 videtur
836 1755 919 1794 quod
945 1755 1038 1785 suerit

264 1812 401 1851 repletus
417 1810 632 1850 corporaliter,
650 1809 701 1839 sed
717 1808 934 1848 spiritualiter.

305 1865 395 1903 Resp.
414 1863 586 1893 Dicendum
611 1862 695 1902 quod
720 1862 779 1892 hoc
801 1862 952 1898 verbum,
974 1870 1038 1900 quo

266 1918 407 1948 Christus
424 1917 537 1947 dicitur
553 1916 689 1954 repletus
703 1914 906 1954 corporaliter
921 1914 1036 1953 gratia,

265 1970 425 2009 tripliciter
442 1969 622 2009 exponitur.
641 1969 708 1999 Uno
730 1968 824 1998 modo
846 1968 962 1997 dicitur
985 1976 1038 1997 re-

267 2024 360 2062 pletio
382 2022 551 2061 corporalis
575 2031 631 2060 per
655 2021 884 2060 oppositimiem
906 2021 944 2050 aael
970 2030 1038 2050 um-

267 2077 356 2105 bram
382 2077 499 2114 figurae
528 2086 534 2104 :
562 2075 676 2104 veritas
703 2074 787 2103 enim
814 2084 846 2104 se
878 2074 972 2104 hahet
1000 2074 1037 2103 ad

267 2130 425 2168 figuram,
455 2128 536 2157 sicut
560 2136 674 2166 corpus
699 2127 737 2157 ad
768 2127 926 2157 umbram.
952 2126 1039 2157 Unde

267 2182 404 2222 repletus
429 2181 631 2220 corporaliter
657 2180 790 2218 (licitur,
817 2180 848 2210 id
872 2182 917 2210 est
944 2189 1038 2217 vere,

268 2245 331 2265 non
358 2237 483 2266 tantum
510 2235 690 2273 figurative.
722 2234 791 2264 Alio
819 2233 911 2263 modo
942 2235 1041 2272 potest.

268 2287 399 2327 exponi,
416 2289 449 2316 ut
463 2287 585 2316 dicatur
601 2285 804 2325 corporaliter
817 2285 948 2325 repleri,
966 2286 1041 2324 qnia

269 2342 374 2381 ipsum
390 2349 503 2379 corpus
518 2340 577 2369 fuit
596 2339 627 2368 in
650 2339 804 2369 unitatem
825 2348 967 2378 persona}
992 2348 1042 2368 as-

270 2396 444 2434 sumptum.
480 2392 565 2423 Unde
594 2401 648 2431 per
674 2391 869 2431 corporalem
894 2392 1042 2431 repletio-

271 2456 343 2476 nem
375 2445 584 2484 intelligimus
611 2446 780 2484 perfectam
810 2448 840 2475 et
867 2444 1040 2483 gratuitam

270 2499 410 2539 corporis
438 2501 468 2528 et
491 2498 606 2528 animae
631 2497 793 2527 unionem.
819 2496 924 2527 Tertio
949 2497 1043 2527 modo

270 2556 370 2592 potest
393 2552 508 2591 exponi
528 2554 561 2580 ut
583 2551 704 2579 dicatur
723 2551 1043 2589 ‹·01·p‹·1vitit·=1·reple-

270 2608 319 2635 tus
340 2614 395 2644 per
416 2603 654 2634 similitmlincni
677 2603 713 2632 ad
743 2603 897 2642 triplicem
920 2603 1043 2633 dimen-

270 2658 388 2687 sionem
407 2669 413 2688 :
435 2657 509 2697 quia
529 2656 628 2687 deitas
647 2655 707 2686 fuit
722 2656 754 2685 in
777 2656 898 2686 Christo
922 2665 977 2695 per
992 2666 1043 2686 es—

305 2720 310 2733 ¹
324 2718 385 2742 Dist.
399 2725 497 2747 xxxvii,
510 2726 533 2749 ιι.
549 2720 565 2745 Ι,
579 2720 624 2743 art.
638 2723 650 2742 κ
663 2725 708 2748 per
717 2719 850 2742 totunm-²
861 2718 1009 2748 Mat!h.‚1n‚
1021 2720 1042 2741 9.

1089 311 1238 349 sentiam,
1255 312 1336 342 sicut
1354 312 1388 342 in
1411 314 1561 345 omnibus
1580 317 1747 355 creaturis,
1764 320 1795 348 et
1817 319 1860 350 ita

1088 373 1143 403 per
1155 365 1285 395 modum
1299 365 1524 404 longitudinis;
1538 370 1568 398 et
1582 378 1637 408 per
1651 370 1799 408 gratiam,
1814 371 1855 401 si-

1089 419 1142 447 cut
1157 417 1190 447 in
1206 418 1356 448 omnibus
1380 418 1515 457 Sanctis,
1533 423 1563 451 et
1584 422 1628 452 sic
1652 432 1707 462 per
1729 424 1859 454 modum

1088 470 1284 509 latitudinis3
1301 473 1332 502 et
1354 481 1410 511 per
1431 473 1581 504 unionem
1594 499 1602 512 ,
1618 477 1648 505 et
1666 477 1705 507 ad
1728 477 1859 508 modum

1062 545 1066 548 .
1089 523 1321 562 profunditatis.
1342 525 1380 555 Et
1395 525 1477 556 istud
1490 529 1608 558 tactum
1623 528 1682 559 fuit
1694 529 1818 569 plenius
1827 531 1861 560 in

1090 576 1192 615 primo
1208 577 1288 608 libro
1297 579 1318 608 ¹.

1407 695 1475 717 DUB.
1498 696 1530 718 V.

1184 763 1261 786 Natus
1277 762 1307 785 de
1323 763 1418 793 Spiritu
1434 767 1537 794 sancto,
1553 766 1611 796 quia
1626 772 1685 789 eum
1700 765 1766 790 fecit.

1131 847 1242 877 Contra
1260 859 1265 878 :
1288 847 1351 878 Hoc
1367 849 1451 878 enim
1481 858 1545 880 non
1566 850 1701 880 habetur
1716 850 1750 881 in
1766 850 1864 891 Symae

1091 899 1162 929 bolo
1175 924 1183 938 ,
1202 901 1254 930 scd
1273 913 1279 931 z
1296 906 1464 942 conceptus
1479 906 1522 934 est
1536 903 1573 934 (lc
1595 903 1723 942 Spiritu
1738 907 1862 943 sancto,

1091 957 1189 985 natus
1214 962 1255 985 ex
1285 955 1393 986 Maria
1425 956 1570 995 Vimine.
1603 957 1762 993 Quaeritur
1786 966 1864 997 ergo

1091 1016 1190 1046 quare
1213 1008 1317 1046 magis
1341 1009 1525 1039 attribuitur
1548 1009 1710 1048 conceptio
1733 1009 1866 1050 Spiritui

1091 1063 1209 1095 sancto,
1227 1069 1325 1100 quam
1343 1061 1502 1090 nativitas.

1133 1114 1223 1153 Resp.
1251 1113 1423 1144 Dicendum
1453 1114 1538 1153 quod
1568 1116 1741 1155 utrumque
1765 1118 1867 1156 potest

1092 1167 1222 1197 attribui
1238 1167 1387 1206 utrique;
1407 1167 1439 1196 iu
1464 1167 1615 1206 Symbolo
1637 1170 1744 1200 tamen
1761 1170 1867 1209 magis

1092 1220 1276 1250 attribuitur
1300 1220 1368 1259 ipsa
1393 1221 1558 1259 conceptio
1581 1220 1715 1260 Spiritui
1739 1227 1865 1260 sancto,

1092 1283 1190 1313 quam
1222 1273 1371 1304 nativitas
1384 1297 1391 1311 ,
1427 1276 1554 1313 propter
1587 1276 1867 1307 sanctificationem

1093 1336 1166 1366 quae
1189 1327 1248 1356 fuit
1274 1327 1306 1356 in
1331 1327 1397 1366 ipsa
1422 1329 1645 1366 conceptione3
1663 1331 1694 1359 et
1716 1329 1791 1368 quia
1813 1339 1868 1360 no-

1093 1389 1167 1410 meu
1182 1381 1355 1410 nativitatis
1371 1381 1441 1420 plus
1457 1381 1692 1421 appropinquat
1706 1383 1744 1412 ad
1760 1385 1867 1414 actum

1093 1434 1325 1472 generationis,
1343 1436 1373 1464 ct
1395 1434 1463 1474 ipsa
1488 1435 1651 1474 conceptio
1673 1435 1711 1465 ad
1735 1435 1866 1467 fabrica-

1094 1487 1211 1517 tionem
1230 1488 1369 1527 corporis
1388 1499 1393 1518 :
1418 1488 1504 1518 unde
1520 1488 1623 1527 magis
1643 1489 1770 1528 proprie
1791 1489 1868 1520 dici-

1095 1543 1145 1570 tur
1165 1543 1335 1580 conceptus
1356 1541 1393 1571 de
1411 1541 1531 1580 Spiritu
1552 1543 1671 1572 sancto.
1688 1542 1763 1573 Haec
1782 1543 1869 1574 enim

1093 1594 1285 1634 praepositio,
1311 1593 1361 1632 cle,
1386 1596 1511 1625 tenetur
1535 1595 1580 1624 ibi
1605 1604 1668 1625 non
1693 1596 1868 1627 materiali-

1094 1650 1159 1683 ter,
1180 1657 1237 1677 nec
1259 1648 1523 1683 substantialiter,
1541 1648 1594 1679 sed
1618 1649 1814 1688 potestative.
1832 1649 1870 1680 Et

1093 1701 1161 1739 ipsa
1181 1701 1344 1740 conceptio
1360 1701 1524 1741 potissime
1541 1704 1649 1732 sancto
1665 1701 1796 1742 Spiritui
1811 1703 1870 1734 ha-

1094 1753 1147 1782 bet
1161 1754 1302 1792 attribui,
1320 1757 1380 1784 etc.

1413 1866 1481 1887 DUB.
1506 1866 1550 1887 vl.

1263 1934 1408 1963 Conceptus
1422 1940 1483 1964 ergo
1500 1935 1524 1956 et
1536 1935 1610 1957 natus
1621 1951 1627 1963 ,
1644 1935 1691 1958 etc.

1137 2014 1244 2044 lunuit
1260 2013 1409 2053 Magister
1428 2013 1512 2052 quod
1539 2013 1680 2044 Christus
1701 2016 1870 2053 conceptus

1097 2071 1142 2098 est
1157 2068 1194 2097 «le
1214 2068 1334 2107 Spiritu
1349 2070 1455 2097 sancto
1468 2091 1475 2104 ,
1494 2067 1569 2106 quia
1586 2076 1641 2106 per
1659 2068 1795 2106 gratiam
1816 2067 1870 2099 Dei

1097 2123 1127 2151 et
1141 2121 1357 2160 operationem
1371 2145 1377 2158 ,
1394 2123 1452 2150 etc.
1470 2120 1501 2150 Si
1517 2120 1602 2150 enini
1617 2120 1688 2150 haec
1708 2122 1754 2150 est
1767 2121 1847 2152 ratio
1859 2145 1867 2159 ,

1097 2175 1224 2205 videtur
1244 2175 1311 2214 pari
1332 2175 1451 2204 ratione
1475 2174 1559 2212 quoii
1581 2173 1718 2212 Spiritus
1743 2175 1870 2204 sanctus

1098 2237 1171 2259 eum
1190 2228 1302 2266 genuit
1319 2239 1325 2258 :
1344 2230 1372 2257 et
1396 2227 1456 2257 hoc
1478 2226 1630 2266 probatur
1653 2235 1708 2265 per
1729 2226 1869 2257 Glossam

1099 2292 1193 2322 super
1205 2283 1215 2298 ²
1232 2292 1239 2312 :
1258 2282 1369 2313 Potens
1390 2283 1435 2312 est
1454 2281 1535 2312 Deus
1557 2280 1595 2312 de
1614 2280 1795 2320 lapidibus,
1810 2283 1867 2311 etc.

1100 2336 1133 2367 Iu
1158 2335 1256 2375 hujus
1279 2335 1323 2365 rei
1350 2335 1568 2365 testimonium
1592 2334 1673 2364 Deus
1697 2334 1810 2373 genuit
1831 2334 1870 2364 de

1100 2389 1176 2420 Sara
1191 2389 1293 2419 silium
1311 2398 1318 2418 z
1335 2397 1413 2427 ergo
1434 2388 1561 2418 videtur
1581 2387 1666 2427 quod
1682 2387 1782 2417 multo
1806 2387 1871 2417 for-

1100 2444 1162 2473 tius
1186 2443 1281 2482 possit
1302 2443 1379 2479 (lici,
1408 2441 1491 2481 quod
1516 2439 1682 2480 generavit
1706 2440 1809 2470 filium
1833 2441 1871 2471 (le

1099 2496 1230 2532 Virgine
1247 2495 1354 2533 Maria,
1367 2495 1392 2525 si
1408 2494 1549 2533 concepit
1563 2493 1601 2523 de
1616 2492 1736 2532 Spiritu
1750 2495 1869 2524 sancto.

1141 2550 1230 2588 Resp.
1252 2549 1421 2579 Dicendum
1435 2550 1481 2577 est
1495 2547 1533 2577 ad
1550 2547 1619 2583 hoc,
1637 2546 1731 2585 quocl,
1744 2546 1824 2576 sicut
1838 2546 1872 2575 in

1101 2603 1244 2643 sequenti
1259 2602 1357 2641 capite
1373 2601 1522 2637 hahetur,
1541 2599 1644 2629 differt
1659 2607 1807 2638 ¹qenerowe
1818 2623 1826 2637 ,
1842 2601 1872 2629 et

1101 2658 1220 2696 facere,
1236 2655 1312 2695 quia
1327 2655 1429 2693 facere
1449 2652 1522 2683 dicit
1537 2652 1752 2691 operationem
1769 2653 1869 2683 virtu-

1104 2711 1142 2740 tis
1158 2709 1321 2745 effectivae,
1338 2707 1403 2737 sive
1417 2713 1521 2736 causae
1536 2704 1714 2743 efficientis,
1732 2705 1871 2736 maxime
