2017 2960
67 1214 164 1241 improb.

68 1639 131 1666 opin.
142 1641 163 1661 2.

72 2403 169 2430 Improb-

671 169 766 202 DtST.
790 169 869 201 xlv.
892 169 984 201 ART.
1009 169 1031 200 1.
1057 169 1208 207 QUAEST.
1234 170 1286 201 111.

186 240 303 271 lentius
320 242 435 271 natura
456 239 610 269 humanae
630 238 744 268 mentis
769 238 802 267 in
824 237 957 268 Christo.

186 293 247 325 Sed
260 294 321 324 hoe
344 295 389 324 est
404 292 599 332 impossibile
611 316 619 329 ,
640 292 715 331 quia
730 295 739 312 ¹
760 292 869 323 omnia
884 293 961 322 sunt

185 347 324 386 subjecta
350 346 482 386 pedibus
508 346 587 385 ejus.
621 345 728 376 Restat
761 354 838 384 ergo
875 344 961 384 quod

185 401 292 431 anima
304 401 373 439 ejus
388 399 569 430 immediate
585 401 615 429 et
635 398 668 428 in
685 398 753 438 ipso
776 399 862 428 fonte
876 398 961 429 vide—

184 454 238 483 bat
251 456 282 484 et
296 453 382 483 videt
399 453 510 484 lumen
526 455 694 483 aeternum.
720 451 775 482 His
794 450 889 481 etiam
906 459 960 481 ra-

183 505 324 536 tionibus
346 506 430 537 idem
459 505 580 537 ostendi
617 506 716 545 potest
749 504 788 534 de
805 503 962 544 jqualibet

183 559 293 590 anima
309 559 411 590 beata.

458 620 684 652 CONCLUSIO.

182 698 285 725 Anima
304 697 406 724 Christi
420 697 493 724 ridet
517 696 633 723 Verbum
650 697 709 723 sine
727 698 757 727 (a)
777 695 961 729 theophaniis,

238 744 263 769 et
276 743 306 768 in
322 742 434 768 {uminis
449 742 521 774 fonte
536 743 633 768 oeterno
648 742 785 775 aspectum
801 739 905 773 defigit.

225 818 315 858 Resp.
331 818 370 848 ad
385 826 455 856 arg.
473 817 521 847 Ad
535 816 760 856 praedictorum
777 815 962 853 intelligen-

184 872 261 902 tiam
283 873 328 902 est
351 870 538 908 notandum,
561 870 646 910 quod
671 869 769 909 aliqui
791 868 963 899 voluerunt

185 925 290 956 dicere
305 924 390 964 quod
407 923 490 954 Deus
501 933 519 953 a
532 923 621 953 nulla
629 924 775 953 creatura
791 921 961 958 videbitur,

186 988 244 1009 nec
258 978 386 1009 videtur
408 977 442 1007 in
458 986 516 1007 sua
531 976 665 1007 essentia
685 976 735 1006 vel
758 977 893 1012 natura3
910 974 963 1005 sed

186 1034 344 1065 videbitur
367 1034 401 1063 in
430 1033 571 1063 claritate
592 1041 663 1070 sua,
695 1040 770 1061 cum
797 1033 903 1061 tantus
925 1030 965 1060 sit

186 1087 293 1126 fulgor
305 1087 405 1127 ipsius
419 1086 642 1116 immensitatis
662 1085 808 1122 luminis,
826 1084 911 1124 quod
925 1083 964 1114 ad

188 1140 366 1171 contuitum
397 1140 483 1170 illius
502 1139 688 1169 substantiae
717 1137 826 1168 nullus
853 1137 964 1167 oculus

187 1195 342 1224 creaturae
367 1193 464 1232 possit
488 1193 680 1232 pertingere.
704 1191 797 1221 Hunc
823 1199 964 1221 errorem

187 1249 319 1278 evacuat
341 1245 515 1285 Gregorius
536 1245 570 1275 in
593 1244 769 1276 Moralibus
787 1245 808 1283 ¹,
826 1246 965 1275 tractans

186 1299 264 1330 illud
277 1299 293 1331 J
296 1299 335 1330 ob
346 1299 355 1316 ³
369 1308 376 1329 ε
390 1298 586 1330 Αὸεςοηῑίῑῐα
600 1301 645 1329 est
660 1298 698 1329 ab
713 1298 813 1329 oculis
821 1298 964 1329 omnium

187 1354 367 1385 viventium
375 1353 456 1392 ,·ubi
469 1353 512 1383 ait
534 1352 578 1382 sic
600 1363 606 1382 z
629 1364 643 1380 α
668 1351 809 1382 Fuerunt
832 1352 889 1391 qui
916 1352 964 1382 di-

187 1409 294 1437 cerent
303 1406 337 1436 in
348 1406 400 1436 illa
412 1406 544 1445 regione
558 1405 764 1436 beatitudinis
778 1405 812 1435 in
825 1405 964 1436 claritate

186 1469 245 1491 sua
258 1459 359 1491 Deum
380 1459 539 1499 conspici,
564 1459 618 1490 sed
642 1459 675 1489 in
698 1460 814 1489 natura
829 1468 894 1489 non
915 1459 964 1490 vi-

188 1514 255 1545 deri
273 1525 279 1544 z
296 1513 350 1544 sed
369 1522 435 1544 non
455 1515 500 1544 est
524 1513 609 1543 aliud
634 1512 775 1551 claritas,
799 1513 885 1543 aliud
906 1522 964 1544 na-

188 1569 261 1598 tura
285 1578 292 1598 :
317 1567 371 1598 sed
396 1567 463 1607 ipsa
487 1569 602 1597 natura
624 1568 670 1597 est
694 1566 827 1603 claritas,
852 1566 964 1606 etipsa

189 1620 313 1651 claritas
328 1623 374 1651 est
388 1622 515 1650 natura.
536 1632 550 1648 »
578 1619 617 1650 Et
636 1619 706 1650 ideo
721 1619 778 1650 iste
795 1629 884 1650 error
898 1629 964 1650 non

188 1674 328 1705 multum
342 1676 388 1705 est
402 1673 608 1711 rationabilis,
625 1673 701 1712 quia
716 1674 797 1704 male
812 1674 964 1713 intelligit

186 1728 296 1759 lumen
311 1730 480 1764 aeternum,
499 1726 533 1757 in
546 1736 612 1766 quo
626 1735 693 1757 non
711 1727 815 1757 differt
828 1727 963 1758 essentia

185 1780 329 1820 luminis,
345 1782 376 1811 et
389 1781 456 1821 ipse
476 1782 565 1810 actus
583 1780 722 1810 lucendi.
743 1779 782 1810 Et
804 1779 874 1810 ideo
893 1779 962 1811 fue-

185 1836 262 1865 runt
276 1834 328 1865 alii
342 1834 577 1872 moderniores,
599 1833 654 1874 qui
676 1833 826 1864 dixerunt
841 1843 860 1864 a
875 1834 963 1865 nulla

185 1892 330 1920 creatura
357 1899 448 1930 posse
480 1889 579 1929 aspici
605 1889 716 1920 lumen
744 1890 902 1919 aeternum
930 1889 963 1920 in

186 1943 271 1974 fonte
286 1952 354 1973 suae
369 1943 528 1976 claritatis,
545 1943 597 1973 sed
614 1943 648 1973 in
673 1943 865 1982 quibusdam
887 1952 961 1974 con-

187 1996 448 2027 descensionibus
462 1999 493 2027 et
505 1996 706 2036 theophaniis
724 2008 730 2028 :
747 1999 778 2027 et
795 1996 857 2027 hoc
871 2005 964 2036 prop-

187 2051 236 2080 ter
258 2049 666 2089 improportionabilitatem
696 2049 779 2080 oculi
809 2049 849 2079 ad
874 2049 962 2080 illam

188 2112 350 2133 summam
361 2103 476 2142 lucem,
487 2112 561 2143 quae
571 2103 676 2143 potius
686 2103 963 2133 suaimmensitate

187 2157 395 2197 opprimeret,
418 2166 516 2196 quam
535 2157 703 2188 delectaret
723 2156 855 2187 oculum
875 2165 963 2186 crea-

186 2213 280 2249 turae,
306 2221 380 2252 quae
401 2221 434 2243 se
453 2212 550 2243 habet
569 2211 608 2242 ad
631 2212 732 2252 ipsam
753 2211 834 2242 sicut
852 2211 964 2241 oculus

187 2269 313 2298 noctuae
331 2278 337 2298 :
355 2270 384 2298 et
399 2268 543 2308 oportuit
556 2267 642 2308 quod
665 2267 748 2298 Deus
766 2277 798 2298 se
818 2268 963 2298 contem-

189 2325 312 2359 peraret
324 2321 383 2361 ipsi
397 2321 531 2358 animae,
547 2321 628 2352 sicut
645 2320 692 2351 sol
707 2322 964 2360 contemperatur

191 2373 282 2404 oculo
295 2374 453 2405 mediante
467 2374 563 2405 nube.
578 2373 639 2405 Sed
651 2374 703 2405 hic
713 2374 828 2405 modus
840 2373 963 2404 dicendi

191 2434 256 2456 non
271 2427 379 2458 minus
395 2437 414 2458 a
427 2428 559 2459 veritate
573 2427 696 2466 deviat,
720 2436 819 2467 quam
843 2435 964 2466 praece-

191 2478 278 2510 dens.
294 2479 381 2512 Unde
399 2482 494 2512 etiam
510 2482 614 2522 ipsum
634 2481 792 2522 improbat
812 2480 965 2520 magister

226 2559 345 2590 =Ep11es.‚
356 2566 380 2590 1,
391 2560 513 2592 22;11ebr
524 2580 532 2592 ‚
544 2567 572 2592 11,
581 2561 708 2592 S;1601·.,
723 2562 845 2591 t5,26.—
856 2561 866 2576 ²
876 2561 962 2591 Greg.‚

192 2595 295 2626 Mor-al„
309 2595 352 2619 lib.
367 2596 454 2627 XVIH,
470 2603 493 2620 c.
508 2602 607 2621 xxxvii.
624 2610 655 2614 —
667 2597 678 2613 ³
691 2596 755 2627 Job„
778 2602 872 2626 xxvui,
888 2598 961 2620 21.-

227 2644 259 2675 (a)
272 2644 342 2669 Edit.
362 2644 442 2669 Venet.
457 2646 516 2670 1753
531 2645 604 2669 habet
619 2645 683 2671 sive.

358 2697 432 2720 ΤΟΜ.
454 2698 499 2720 1v.

1733 176 1792 205 305

1019 237 1114 277 Hugo
1127 246 1222 277 super
1237 237 1423 277 Anqelicam
1433 238 1647 271 hierarchiam
1661 249 1671 270 :
1687 252 1700 269 α
1714 241 1793 277 Quid

1019 293 1077 329 est,
1102 291 1252 331 inquam,
1277 291 1479 331 theophaniis
1506 292 1606 323 Deum
1621 293 1738 332 videre,
1764 297 1795 325 et

1019 345 1109 374 extra
1133 344 1202 374 illas
1224 354 1288 375 non
1308 345 1434 382 videre,
1455 345 1516 375 nisi
1533 355 1701 385 nunquam
1720 356 1795 377 vere

1019 397 1148 428 videre?
1165 397 1197 428 Si
1211 398 1298 428 enim
1311 398 1376 429 sola
1391 398 1500 437 imago
1518 408 1643 439 semper
1657 399 1794 438 videtur,

1018 450 1135 480 veritas
1172 460 1340 490 nunquam
1383 451 1522 482 videtur.
1559 451 1682 483 Tollant
1718 462 1796 492 ergo

1019 503 1200 543 phantasias
1227 513 1321 542 suas,
1354 505 1470 544 quibus
1499 505 1610 536 lumen
1639 506 1797 536 mentium

1019 557 1200 586 nostrarum
1216 556 1423 587 obtenebrare
1438 558 1599 596 nituntur,
1620 568 1724 598 neque
1738 568 1796 589 no-

1019 607 1067 638 bis
1076 607 1176 639 Deum
1184 611 1331 640 nostrum
1340 610 1541 641 simulachris
1549 611 1762 642 aestiniationu
1769 621 1798 643 m

1020 671 1154 692 suarum
1176 662 1384 702 intersepiant
1410 673 1416 693 z
1442 663 1518 702 quia
1546 672 1603 693 nos
1631 664 1712 695 sicut
1739 673 1799 695 nec

1022 714 1136 745 satiare
1151 718 1251 754 potest
1266 716 1386 755 aliquid
1401 718 1518 755 praeter
1533 716 1650 756 ipsum,
1677 717 1721 748 sic
1740 726 1799 748 nec

1022 768 1131 798 sistere
1146 771 1246 808 potest
1270 769 1390 809 aliquid
1415 779 1516 809 usque
1538 769 1577 800 ad
1596 770 1741 810 ipsum.»
1761 770 1799 801 Et
1814 788 1877 815 091⁰,
1889 788 1909 809 3,

1020 821 1089 852 ideo
1115 822 1165 852 his
1193 822 1319 853 duobus
1344 823 1446 853 modis
1473 826 1628 863 tanquam
1655 824 1798 855 erroneis

1020 877 1160 917 abjectis,
1187 878 1356 909 dicendum
1376 881 1423 910 est
1448 880 1541 910 tertio
1560 880 1653 910 modo
1675 888 1747 911 vere
1769 883 1799 911 et

1020 931 1182 968 catholice,
1200 932 1284 971 quod
1299 933 1405 963 anima
1419 933 1533 963 Christi
1553 933 1752 971 beatissima,
1770 936 1799 963 et

1021 983 1091 1014 aliae
1119 984 1219 1015 beatae
1246 986 1362 1016 animae
1390 986 1500 1017 vident
1532 986 1639 1026 ipsum
1667 986 1799 1016 luminis

1021 1037 1151 1076 fontem,
1169 1038 1202 1068 in
1223 1047 1286 1078 quo
1306 1039 1505 1077 reficiuntur,
1533 1039 1716 1078 quiescunt,
1743 1040 1801 1070 de-

1020 1090 1188 1127 lectantur,
1206 1094 1236 1122 et
1253 1092 1392 1131 quodam
1407 1093 1502 1123 modo
1524 1102 1542 1122 a
1560 1092 1699 1123 claritate
1714 1093 1800 1124 illius

1020 1143 1154 1174 luminis
1169 1145 1390 1183 absorbentur,
1407 1148 1443 1176 ut
1455 1145 1536 1176 Deus
1546 1145 1586 1175 ab
1601 1146 1646 1176 eis
1656 1146 1799 1186 undique

1022 1197 1234 1236 conspiciatur
1256 1199 1287 1228 et
1309 1198 1455 1228 videatur
1479 1199 1575 1229 etiam
1598 1198 1633 1229 in
1652 1199 1728 1239 ipsis
1746 1211 1752 1229 :
1771 1202 1802 1230 et

1021 1249 1081 1279 hoc
1106 1250 1266 1289 potissime
1281 1260 1396 1281 verum
1421 1253 1467 1281 est
1487 1251 1520 1281 in
1539 1252 1646 1282 anima
1673 1252 1798 1283 Christi.

1022 1301 1061 1333 Εἰ-
1073 1302 1143 1333 ideo
1158 1303 1366 1335 concedendae
1389 1307 1465 1335 sunt
1480 1305 1620 1336 rationes
1640 1308 1671 1336 et
1689 1308 1801 1337 aucto-

1020 1356 1128 1387 ritates
1156 1357 1196 1387 ad
1220 1357 1303 1387 hanc
1320 1360 1443 1397 partem
1465 1358 1614 1389 inductae.
1635 1359 1684 1389 Ad
1707 1359 1802 1390 intel-

1020 1409 1186 1448 ligentiam
1235 1413 1342 1441 autem
1386 1412 1611 1443 auctoritatum
1654 1413 1801 1444 adducta·

1021 1470 1095 1492 rum
1110 1463 1144 1493 in
1159 1464 1368 1501 contrarium,
1392 1467 1423 1495 et
1438 1465 1663 1503 consimilium,
1680 1469 1798 1497 notan-

1021 1515 1099 1545 dum
1113 1518 1169 1554 est,
1182 1517 1269 1555 quod
1283 1517 1424 1557 quinque
1436 1518 1538 1548 modis
1550 1518 1669 1549 habent
1682 1520 1799 1559 exponi

1021 1568 1223 1600 auctoritates
1238 1570 1440 1609 Sanctorum,
1452 1579 1526 1610 quae
1535 1571 1685 1602 videntur
1698 1572 1801 1604 dicere

1021 1621 1122 1652 Deum
1143 1622 1177 1652 in
1201 1633 1259 1653 sua
1282 1623 1459 1653 substantia
1482 1633 1547 1654 non
1569 1633 1659 1664 posse
1684 1625 1799 1657 videri.

1020 1674 1128 1706 Primo
1145 1676 1238 1707 modo
1253 1676 1297 1706 sic
1314 1687 1320 1707 :
1345 1675 1417 1706 Non
1432 1678 1533 1716 potest
1546 1677 1660 1715 videri,
1683 1678 1800 1709 scilicet

1020 1728 1145 1759 viribus
1165 1729 1299 1767 nostris3
1320 1731 1421 1769 potest
1446 1731 1554 1760 tamen
1575 1740 1710 1761 munere
1731 1730 1796 1762 Dei.

1021 1780 1110 1813 Unde
1125 1792 1221 1822 super
1235 1782 1314 1813 illud
1330 1785 1340 1801 ⁵
1355 1793 1362 1813 :
1379 1783 1493 1814 Lucem
1511 1783 1635 1815 habitat
1656 1784 1799 1816 inacces-

1020 1836 1162 1869 sibilem:
1178 1835 1285 1867 Glossa
1302 1847 1309 1866 ε
1335 1847 1349 1864 ι(
1365 1835 1591 1867 Inaccessibilis
1610 1840 1655 1868 est
1676 1838 1799 1869 viribus

1021 1890 1159 1928 nostris;
1189 1889 1376 1920 accessibilis
1403 1890 1591 1921 muneribus
1611 1891 1687 1922 suis.
1707 1903 1721 1920 n
1746 1891 1798 1923 Se-

1021 1943 1126 1974 cundo
1152 1944 1198 1974 sic
1225 1954 1232 1974 :
1263 1942 1334 1974 Non
1357 1945 1459 1982 potest
1474 1943 1577 1974 videri
1600 1944 1796 1984 substantia,

1021 1996 1138 2027 scilicet
1159 1997 1193 2027 in
1207 1997 1260 2028 via
1284 2006 1291 2027 ;
1314 1996 1400 2026 unde
1423 2005 1519 2036 super
1544 1997 1623 2028 illud
1645 2001 1654 2017 ⁵
1676 2009 1684 2030 :
1705 1999 1798 2034 Quem

1021 2049 1128 2080 nullus
1142 2049 1306 2081 hominum
1321 2048 1429 2080 videre
1438 2053 1551 2089 potest;
1563 2049 1670 2082 Glossa
1687 2062 1693 2082 ε
1710 2063 1725 2081 α
1735 2051 1797 2083 Po-

1020 2102 1094 2132 terit
1107 2105 1215 2133 autem
1228 2102 1409 2142 aliquando.
1423 2113 1437 2130 »
1452 2102 1490 2133 Et
1500 2102 1544 2133 sic
1555 2103 1633 2134 illud
1645 2103 1754 2136 Emodz‘
1764 2104 1774 2120 ⁶
1786 2114 1797 2135 .·

1020 2154 1091 2186 Non
1107 2155 1230 2187 videbit
1244 2163 1291 2186 me
1306 2154 1408 2193 homo,
1426 2159 1456 2187 et
1470 2156 1566 2187 vivet.
1583 2155 1688 2187 Tertio
1702 2156 1796 2188 modo

1021 2208 1067 2239 sic
1094 2220 1100 2240 :
1129 2208 1199 2240 Non
1221 2210 1323 2249 potest
1350 2208 1526 2239 substantia
1549 2209 1670 2248 videri,
1694 2209 1727 2240 id
1749 2211 1796 2240 est

1019 2262 1112 2302 plene
1127 2262 1364 2302 comprehendi.
1381 2261 1470 2292 Unde
1484 2271 1580 2302 super
1595 2262 1673 2293 illud
1688 2262 1743 2294 Job
1757 2265 1768 2282 ⁷
1783 2274 1795 2294 .·

1020 2317 1173 2348 Forsitan
1180 2316 1317 2355 vestiqia
1328 2315 1386 2346 Dei
1394 2315 1638 2355 comprehendes
1645 2316 1661 2347 P
1669 2314 1774 2346 Glossa
1784 2325 1792 2346 :

1024 2381 1038 2397 «
1051 2368 1129 2409 Ejus
1140 2369 1275 2399 essentia
1289 2378 1308 2400 a
1322 2368 1410 2399 nullo
1430 2368 1522 2408 plene
1540 2368 1715 2407 videbitur,
1733 2368 1795 2399 sci-

1019 2421 1091 2453 licet
1105 2421 1406 2453 circumscribendo.
1429 2432 1444 2450 ι)
1460 2421 1578 2458 Quarto
1598 2421 1693 2452 modo
1713 2421 1758 2452 sic
1783 2431 1794 2455 ι

1020 2474 1092 2506 Non
1120 2477 1223 2516 potest
1248 2475 1350 2507 videri
1374 2475 1560 2512 substantia,
1584 2474 1614 2505 id
1639 2477 1696 2514 est,
1714 2475 1794 2506 ratio

1020 2529 1216 2559 substantiae.
1235 2527 1321 2559 Unde
1334 2536 1430 2567 super
1443 2527 1560 2557 illud⁸:
1579 2527 1667 2565 Quod
1684 2532 1793 2561 nolum

1021 2610 1031 2626 b
1044 2610 1051 2633 1
1069 2609 1142 2638 Tim„
1151 2614 1184 2638 vi,
1198 2607 1290 2632 ¹6.—⁸
1302 2606 1378 2637 llud„
1390 2607 1426 2632 Π.
1437 2619 1468 2624 ·-—-
1480 2606 1490 2623 ⁶
1504 2606 1595 2636 lia-od„
1608 2613 1702 2640 xxxin,
1711 2610 1752 2634 20,
1763 2621 1794 2629 .-

1020 2645 1030 2662 7
1053 2643 1120 2675 loo„
1134 2649 1170 2675 m,
1183 2644 1208 2667 Ἴ.
1223 2656 1248 2660 -
1260 2642 1271 2659 ὅ
1285 2643 1364 2672 Rom„
1377 2646 1397 2672 1,
1414 2642 1450 2668 19.

1616 2689 1655 2720 20
