2017 2960
817 155 1004 188 DISTINGT.
1031 155 1121 186 XXX.
1709 162 1767 188 665

165 227 321 260 dicens¹2
345 226 381 258 Si
404 225 596 257 dimiseritis
620 225 806 257 hominibus
823 229 962 268 peccata
987 234 1110 262 eorum,
1137 222 1285 255 dimittet
1305 229 1336 255 et
1356 222 1445 255 vobis
1470 225 1570 255 Pater
1591 230 1704 257 vester.
1731 225 1767 257 Si

165 296 238 317 vero
253 294 319 316 non
334 282 540 321 dimiseritis,
559 294 617 315 nec
634 285 733 315 Pater
764 289 867 315 vester
895 281 1042 314 dimittet
1064 281 1152 313 vobis
1169 286 1312 325 peccata
1335 287 1455 313 vestra.
1480 280 1558 313 Ecce
1578 281 1628 313 hic
1652 282 1763 314 haberi

164 341 316 381 videtur,
341 340 430 384 quod
455 344 486 372 et
506 340 778 384 praetaxavimus,
804 339 925 371 scilicet
954 339 1086 382 majoris
1109 339 1241 371 virtutis
1265 350 1332 370 esse
1357 338 1492 381 diligere
1518 338 1705 381 inimicum,
1733 344 1763 371 et

162 398 350 431 benefacere
379 397 421 438 ei,
450 408 550 441 quam
579 397 675 429 illum
711 397 769 441 qni
797 396 881 429 nihil
911 396 989 428 mali
1017 396 1090 428 fecit
1118 396 1296 437 nol)iS,vel
1324 396 1478 428 amicum.
1510 395 1605 434 Quod
1634 396 1660 427 si
1690 396 1764 439 quis

161 455 335 488 concedere
349 454 539 498 simpliciter
553 454 708 495 noluerit,
727 454 836 486 dicens
853 466 859 485 :
884 467 899 485 «
915 453 1078 485 Intensius
1094 453 1244 496 diligitur
1270 453 1394 485 amicus
1413 464 1513 496 quani
1537 452 1706 493 inimicus,
1733 457 1764 485 ct

160 513 233 545 ideo
248 512 332 545 illud
348 512 455 557 potius
468 512 541 553 isto,
561 525 576 543 >³
593 512 787 544 determinet
802 512 863 543 ista
876 511 1057 543 secundum
1073 511 1276 554 praemissam
1292 510 1545 553 intelligentiam
1556 537 1563 551 ‚
1588 510 1697 543 dicens
1717 510 1762 542 ibi

159 569 436 614 comparationem
456 569 571 602 factam
594 569 679 601 inter
698 569 922 610 dilectionem,
952 579 1018 612 qua
1039 567 1189 610 diligitur
1212 571 1341 600 tantum
1359 568 1502 609 amicus,
1527 572 1558 600 et
1582 568 1673 600 illam
1697 579 1763 612 qua

160 628 285 660 amicus
299 631 330 659 et
344 627 497 659 inimicus
512 626 672 669 diligitur.
690 626 778 659 Illud
795 637 872 659 vero
887 625 975 670 qnod
990 625 1151 669 sequitur,
1176 625 1280 668 magis
1301 636 1360 657 nos
1384 629 1513 666 movet,
1535 625 1623 669 quod
1643 625 1763 658 scilicet

157 685 236 718 dicit
250 696 316 717 non
333 695 400 717 esse
422 688 518 717 tantae
538 684 762 716 multitudinis
785 683 921 725 diligere
946 682 1113 723 inimicos,
1137 686 1261 726 quanta
1287 682 1481 724 exauditur,
1508 694 1583 714 cum
1607 683 1727 715 dicitur
1754 695 1760 714 :

157 743 298 775 Dimitte
326 742 418 774 nobis
443 741 553 774 debita
585 747 715 783 nostra,
739 745 816 781 etc.;
839 740 896 772 ubi
921 740 975 772 dat
1000 740 1162 782 intelligi,
1191 740 1280 784 quod
1300 740 1398 772 alicui
1422 752 1440 772 a
1460 740 1527 773 Deo
1549 740 1764 773 dimittuntur

156 804 285 844 peccata
299 811 366 832 non
381 799 533 841 diligenti
548 798 734 839 inimicum,
752 798 778 830 si
795 802 904 830 tamen
920 797 1012 830 fratri
1030 797 1171 840 roganti,
1187 797 1245 841 qui
1261 797 1294 829 in
1310 809 1343 830 se
1359 798 1513 842 peccavit,
1534 798 1681 830 dimittit.
1699 798 1761 830 Sed

156 868 232 890 cum
262 860 392 900 peccata
420 867 486 888 non
515 855 724 888 dimittantur
751 855 850 888 alicui
877 855 1007 895 adulto,
1042 854 1104 886 nisi
1137 854 1327 887 charitatem
1365 855 1508 896 habeat,
1547 855 1698 899 sequitur
1727 859 1764 887 ut

156 914 347 947 charitatem
368 913 484 946 habeat
508 913 566 957 qui
589 924 656 944 non
679 912 787 956 diligit
816 912 999 944 inimicum.
1027 912 1199 951 Quomodo
1226 923 1303 955 ergo
1328 913 1461 945 nomine
1485 913 1628 957 proximi
1656 913 1763 945 omnis

157 972 255 1005 homo
275 971 473 1014 intelligItur
495 971 529 1003 in
554 971 611 1004 illo
634 971 787 1003 mandato
812 983 819 1003 ε
845 971 970 1014 Diliqes
985 970 1181 1015 proximum
1207 976 1299 1002 tuum
1324 970 1408 1002 sicut
1433 970 1596 1014 teipsum?
1619 970 1654 1003 Si
1674 970 1762 1002 enim

155 1029 263 1063 omnis
287 1029 385 1062 homo
407 1028 578 1073 proximus
601 1032 665 1070 est,
691 1032 770 1060 tunc
793 1033 824 1061 et
850 1028 1028 1060 inimicus:
1051 1027 1259 1072 praecipimur
1284 1039 1361 1070 ergo
1381 1033 1412 1060 et
1436 1027 1587 1060 inimicos
1610 1027 1758 1070 diligere.

154 1087 194 1119 Et
213 1087 292 1131 quia
312 1086 397 1119 illud
421 1090 616 1130 praeceptum
637 1087 788 1129 generale
808 1090 875 1127 est,
899 1085 1053 1118 omnibus
1081 1085 1269 1129 praecipitur
1299 1096 1412 1117 omnes
1434 1085 1585 1117 homines
1609 1085 1758 1127 diligere,

152 1144 251 1177 etiam
265 1144 426 1176 inimicos.
444 1143 585 1183 Quidam
600 1144 688 1187 quod
709 1144 761 1176 hic
782 1143 902 1176 dicitur
920 1143 1113 1187 simpliciter
1134 1146 1243 1175 tenere
1263 1143 1429 1184 volenteS,
1455 1143 1537 1175 illud
1563 1147 1759 1187 pras-ceptum

151 1202 390 1243 determinant,
420 1202 578 1243 dicentes,
602 1202 670 1234 illic
695 1201 845 1246 perfectis
866 1201 937 1234 dari
968 1201 1002 1233 in
1028 1205 1226 1245 praeceptum
1252 1200 1389 1244 diligere
1420 1212 1551 1233 omnem
1576 1201 1758 1242 hominem,

152 1260 251 1292 etiam
272 1259 463 1301 inimicum;
493 1259 676 1292 minoribus
699 1270 777 1292 vero
797 1259 831 1291 in
856 1259 1048 1300 consilium3
1074 1259 1109 1291 in
1132 1262 1331 1302 praeceptum
1353 1269 1431 1291 vero
1453 1270 1506 1290 eos
1529 1259 1684 1301 diligere,
1702 1255 1760 1302 qui

151 1317 235 1350 nihil
252 1317 331 1350 mali
345 1317 493 1350 fecerunt
507 1317 565 1358 eis,
583 1320 614 1349 et
628 1317 779 1349 inimicos
794 1328 860 1349 non
876 1317 979 1349 odire.
997 1317 1061 1349 Sed
1079 1316 1197 1349 melius
1212 1320 1259 1348 est
1276 1320 1311 1348 ut
1326 1315 1532 1359 intelligatur
1546 1316 1586 1348 ab
1607 1316 1762 1348 omnibus

153 1375 211 1407 illo
228 1374 381 1407 mandato
396 1374 527 1418 praecipi
542 1379 674 1407 cunctos
689 1374 837 1416 diligere,
853 1374 951 1406 etiam
968 1374 1119 1406 inimicos
1136 1386 1142 1405 :
1159 1374 1212 1406 eui
1227 1373 1338 1406 sensui
1361 1377 1558 1406 attestantur
1580 1379 1589 1394 Ξ
1611 1373 1762 1417 superins

154 1432 266 1477 positae
281 1431 501 1474 auctoritates
518 1436 549 1464 et
564 1432 636 1465 aliae
654 1432 774 1465 multae.
793 1432 881 1464 Illud
896 1443 974 1464 vero
990 1431 1169 1474 Augustini
1186 1431 1363 1463 novissime
1379 1431 1534 1474 positum,
1562 1431 1600 1463 de
1621 1431 1762 1475 perfecta

153 1489 308 1522 charitate
324 1489 447 1522 dictum
464 1489 672 1533 intelligitur,
690 1500 764 1533 quae
781 1493 909 1522 tantuin
925 1494 970 1522 est
987 1490 1218 1533 perfectorum,
1244 1489 1302 1533 qui
1327 1500 1393 1521 non
1419 1489 1526 1521 solum
1553 1489 1685 1530 amicos,
1706 1488 1761 1521 sed

154 1547 253 1580 etiam
268 1547 417 1579 inimicos
432 1547 570 1591 perfecte
585 1547 740 1590 diligunt,
759 1548 870 1592 eisque
884 1547 1093 1580 benefaciunt
1116 1559 1122 1579 :
1147 1558 1221 1591 quae
1248 1546 1401 1590 perfectio
1421 1546 1604 1579 dilectionis
1626 1558 1691 1578 non
1715 1550 1762 1579 est

154 1608 253 1637 tantae
270 1605 494 1637 multitudinis
515 1610 639 1649 quanta
663 1605 838 1638 exauditur
856 1606 890 1637 in
911 1605 1058 1638 oratione
1081 1604 1256 1637 dominica.
1279 1604 1348 1636 Hoc
1368 1615 1481 1637 revera
1504 1604 1627 1647 grande
1648 1609 1706 1644 est,
1730 1608 1761 1636 et

154 1662 281 1696 eximia}
306 1663 478 1705 bonitatis,
506 1663 627 1696 scilicet
646 1664 785 1708 perfecte
808 1663 945 1707 diligere
969 1663 1152 1696 inimicum.
1178 1663 1227 1695 Ita
1251 1666 1281 1694 et
1302 1673 1376 1694 cum
1404 1661 1482 1694 dicit
1504 1662 1634 1705 impleri
1660 1662 1760 1694 verba

148 1721 241 1763 illius
255 1721 438 1766 sponsionis
458 1721 499 1754 ab
518 1722 670 1763 homine,
701 1722 759 1766 qui
784 1733 850 1755 non
870 1722 916 1754 ita
935 1721 1086 1766 profecit,
1113 1724 1149 1753 ut
1169 1720 1287 1762 diligat
1314 1719 1505 1760 inimicum,
1527 1719 1566 1752 de
1585 1719 1758 1752 dilectione

155 1779 296 1823 perfecta
310 1779 536 1823 accipiendum
553 1783 610 1811 est.

342 1914 549 1946 EXPOSITIO
571 1914 734 1946 TEXTUS.
981 1917 1065 1948 tione
1087 1918 1126 1948 ad
1150 1918 1354 1958 diligentem,
1376 1920 1420 1950 ibi
1442 1931 1449 1951 :
1472 1921 1557 1952 Illud
1580 1928 1651 1952 vero
1676 1919 1763 1959 quod

980 1972 1135 2010 sequitur,
1152 1973 1256 2011 mci-qis
1272 1980 1330 2003 nos
1350 1976 1462 2010 movet,
1485 1976 1543 2004 etc.
1561 1973 1668 2005 Prima
1690 1981 1762 2012 pars

980 2024 1132 2055 dividitur
1160 2024 1193 2054 in
1217 2027 1279 2055 tres
1302 2027 1407 2064 partes
1436 2038 1442 2057 ε
1470 2027 1501 2056 in
1526 2027 1630 2066 prima
1652 2027 1761 2056 movet

980 2078 1200 2117 quaestionem,
1218 2080 1249 2108 et
1265 2078 1455 2109 determinat
1472 2079 1650 2109 secundum
1666 2087 1758 2108 suam

280 2003 326 2027 Hic
341 2003 406 2028 solet
420 2003 500 2034 quaeri
515 2003 575 2034 quid
591 2002 675 2034 potius
691 2003 736 2034 sit,
751 2006 798 2028 etc.

189 2078 293 2118 Supra
320 2078 386 2117 egit
406 2077 557 2117 Magister
580 2078 618 2108 de
645 2078 796 2109 charitate
825 2088 924 2118 quan-

148 2134 218 2162 tum
234 2131 272 2162 ad
287 2131 466 2169 essentiam,
478 2133 509 2161 et
524 2131 765 2169 distinctionem,
779 2134 809 2162 et
825 2141 925 2171 quan-

147 2187 217 2216 tum
234 2185 273 2216 ad
289 2185 452 2222 ordinem3
469 2185 522 2215 hic
535 2185 680 2225 sequitur
697 2188 811 2225 quarta
833 2195 922 2225 pars,

146 2239 179 2271 in
202 2248 266 2279 qua
285 2238 353 2278 agit
375 2232 413 2269 de
436 2239 547 2269 eadem
573 2241 730 2279 quantum
756 2239 795 2270 ad
821 2240 923 2270 meriti

145 2292 381 2332 perfectionem.
399 2292 557 2323 Dividitur
580 2295 687 2324 autem
710 2302 784 2333 pars
807 2293 867 2323 ista
890 2292 922 2322 in

145 2345 223 2376 duas
246 2347 366 2385 partes,
390 2345 424 2376 in
446 2354 584 2385 quarum
607 2346 710 2385 prima
733 2346 922 2377 determinat

144 2399 183 2429 de
198 2399 387 2438 perfectione
403 2399 564 2429 charitatis
582 2399 615 2429 in
633 2400 746 2430 merito
762 2401 920 2440 quantum

144 2451 184 2482 ad
199 2452 269 2491 ejus
288 2453 393 2482 motus
412 2455 611 2492 comparatos
634 2453 673 2484 ad
695 2454 831 2484 invicem
843 2477 850 2491 ,
868 2456 922 2484 ut-

143 2506 216 2545 pote
230 2504 268 2535 de
284 2504 450 2536 dilectione
462 2506 642 2537 amicorum
657 2508 687 2537 et
697 2506 919 2544 inimicorum;

142 2558 176 2588 in
191 2558 330 2588 secunda
343 2567 420 2589 vero
434 2559 502 2598 agit
520 2559 558 2590 de
578 2560 686 2591 eaden]
704 2560 738 2590 in
753 2569 921 2599 compara-

176 2622 182 2638 ¹
198 2620 300 2651 Meum,
318 2627 354 2652 vx,
373 2623 448 2645 14.—
460 2622 541 2647 ’Dist.
558 2629 640 2647 xxvm
657 2625 682 2647 et
692 2628 763 2646 xxrx.

979 2132 1182 2172 opinionem;
1198 2132 1232 2162 in
1249 2133 1388 2163 secunda
1401 2142 1478 2163 vero
1495 2133 1666 2163 introducit
1680 2141 1756 2162 auc-

980 2184 1139 2215 toritatem
1163 2185 1348 2224 Augustini,
1376 2194 1449 2225 quae
1472 2195 1539 2216 suae
1563 2185 1759 2225 responsioni

979 2239 1105 2269 videtur
1133 2238 1283 2276 obviare,
1313 2239 1356 2269 ibi
1387 2249 1394 2270 ε
1422 2240 1624 2280 Ααῃηετῑηῑιε
1655 2242 1759 2270 tamen

978 2293 1094 2324 sentire
1104 2292 1246 2329 videtur,
1259 2294 1330 2330 etc.;
1342 2292 1374 2322 in
1385 2293 1475 2324 tertia
1486 2303 1563 2324 vero
1574 2293 1757 2332 praedictam

979 2346 1199 2376 anctoritatem
1217 2346 1377 2385 explanat,
1395 2346 1438 2376 ibi
1455 2358 1460 2377 :
1480 2347 1557 2378 Ecce
1575 2346 1627 2377 hic
1647 2346 1758 2377 haberi

977 2399 1117 2436 videtur,
1126 2398 1248 2438 quodec
1257 2399 1526 2437 proetaoeavimus,
1537 2400 1594 2429 etc.
1606 2398 1758 2429 Similiter

978 2452 1116 2483 secunda
1135 2461 1208 2491 pars
1231 2454 1295 2482 tres
1314 2452 1410 2483 habet
1431 2455 1552 2492 partes,
1570 2453 1603 2482 in
1618 2461 1757 2492 quarum

977 2504 1080 2544 prima
1104 2504 1276 2535 introducit
1292 2505 1504 2544 quaestionem
1522 2514 1595 2545 quae
1612 2514 1653 2535 ex
1675 2514 1755 2535 auc-

976 2557 1156 2588 toritatibus
1180 2558 1356 2596 Augustini
1378 2558 1474 2590 habet
1497 2558 1669 2597 originem,
1692 2567 1756 2598 qua

976 2611 1132 2652 quaeritur
1146 2611 1184 2641 de
1200 2611 1369 2642 dilectione
1386 2612 1591 2643 inimicorum
1612 2612 1647 2642 in
1668 2620 1755 2642 com-

1793 1148 1874 1169 Solutio

1789 1180 1887 1200 aliorum.

1794 1326 1874 1347 Salutio

1782 1357 1886 1384 Magistri.
