2017 2960
52 1952 157 1974 Fundam.

650 168 744 199 DIST.
768 167 873 198 XXIX.
894 166 984 197 ART.
1009 166 1032 197 1.
1057 165 1207 203 QUAEST.
1231 165 1282 195 VI.

162 238 264 268 tiones
287 246 351 268 non
374 237 554 267 attendatur
578 235 654 266 ordo
678 234 853 271 eharitatis,
882 233 933 263 sed

163 290 247 329 quod
263 298 327 319 non
339 290 414 319 sunt
428 288 619 328 principales
634 288 772 318 rationes
783 286 934 325 diligendi

162 351 202 372 ex
219 342 381 372 charitate.
398 341 549 378 Quamvis
564 343 669 372 auten]
685 350 750 371 non
770 340 831 370 sint
847 339 936 379 prin-

162 395 187 424 ci
192 395 288 433 pales,
305 397 437 434 possunt
452 397 559 424 tamen
573 403 640 425 esse
653 402 799 430 annexae,
816 396 845 423 et
859 401 936 422 con-

163 447 363 485 comitantes,
381 449 412 477 et
431 456 471 477 ex
492 447 551 478 hoc
567 447 605 477 ad
620 447 780 477 eharitatis
792 446 936 477 ordinem

164 499 324 530 facientes.

205 555 235 583 3.
251 553 298 583 Ad
314 553 391 583 illud
404 553 488 592 quod
502 553 661 592 objicitur,
678 551 761 591 qnod
777 551 856 581 ratio
871 550 938 581 dili-

163 606 260 645 gendi
274 606 458 646 proximum
475 609 520 636 est
534 606 654 644 imago,
670 604 839 635 dicendum
854 603 938 643 quod

165 659 222 689 ista
234 661 282 689 est
293 659 372 689 ratio
383 659 564 689 communis
574 660 605 688 et
616 657 787 697 generalis;
799 657 851 687 sed
862 665 940 696 prae-

165 715 212 743 ter
226 712 307 742 hanc
322 714 456 752 possunt
476 721 543 742 esse
570 711 642 742 aliae
661 711 810 750 speciales
832 721 838 740 :
863 709 940 739 ordo

164 768 271 795 autem
287 767 318 795 et
332 765 501 802 distinctio,
516 764 663 804 quamvis
683 773 747 793 non
763 763 941 793 attendatur

165 826 260 857 penes
274 817 450 857 generales,
466 817 583 847 attendi
604 819 711 847 tamen
727 818 828 856 potest
846 824 941 854 penes

165 871 316 910 speciales
330 882 337 901 ι
356 873 387 901 θῖ
401 873 577 910 propterea,
589 871 739 910 quamvis
752 870 942 901 domesticus

166 926 197 954 et
210 926 381 955 extraneus
397 924 460 954 sint
482 924 682 954 uniformiter
707 923 745 954 ad
766 923 942 962 imaginem

167 976 232 1013 Dei,
256 978 444 1007 nontamen
466 977 611 1016 sequitur
630 977 715 1016 quod
739 976 802 1006 sint
821 976 944 1006 unifor-

168 1029 264 1060 miter
285 1030 452 1069 diligendi.

208 1085 238 1113 4.
254 1083 303 1114 Ad
323 1083 401 1114 illud
425 1084 512 1123 quod
541 1083 654 1113 ultimo
675 1083 834 1123 objicitur,
859 1081 944 1121 quod

170 1136 306 1167 charitas
320 1137 426 1175 diligit
440 1137 574 1175 bonum,
590 1137 667 1176 quia
682 1137 815 1174 bonum,
838 1136 946 1166 dicen-

167 1189 245 1219 dum
259 1189 343 1228 quod
366 1198 480 1220 verum
501 1193 546 1220 est
568 1190 607 1220 de
631 1190 698 1229 ipsa
723 1189 875 1219 charitate
896 1197 944 1218 se-

167 1244 307 1274 cundum
324 1253 356 1275 se
373 1256 380 1275 :
399 1245 578 1275 sicutenim
595 1247 782 1284 praetactum
795 1246 851 1280 est,
868 1243 946 1273 ordo

167 1298 236 1337 ejus
251 1297 283 1327 in
299 1307 332 1328 se
344 1298 516 1329 attenditur
539 1307 635 1338 penes
652 1297 825 1328 bonitatem
844 1297 945 1335 niaj0-

168 1360 252 1389 rem,
277 1352 328 1383 vel
357 1352 514 1382 minorem
542 1363 548 1382 :
572 1352 626 1382 sed
647 1352 681 1381 in
708 1351 859 1381 charitate
883 1359 948 1379 non

169 1407 295 1435 tantum
319 1405 488 1435 attenditur
517 1405 594 1435 ordo
623 1404 798 1434 secundum
820 1413 868 1441 se,
894 1403 947 1433 sed

171 1459 266 1489 etiam
289 1459 411 1489 ratione
431 1460 555 1488 naturae
569 1458 735 1488 substratae
754 1467 760 1487 t
777 1460 807 1487 et
826 1456 947 1487 ratione

171 1511 258 1542 illius
281 1512 463 1552 assignatur
486 1512 562 1542 ordo
585 1512 666 1541 inter
691 1511 900 1541 domesticum
920 1513 950 1540 et

171 1567 361 1596 extraneum
375 1574 383 1595 ι
399 1568 429 1596 et
449 1565 493 1595 sie
508 1567 593 1605 patet
608 1565 694 1604 quod
715 1565 795 1595 ratio
812 1564 866 1594 illa
884 1573 950 1594 non

172 1621 335 1658 repugnat
351 1618 454 1649 ordini
469 1618 640 1649 charitatis.

434 1732 611 1770 QUAESTIO
632 1731 685 1763 Vl.

172 1816 218 1843 An
227 1815 290 1842 ordo
298 1814 606 1842 charitatisattendatur
613 1821 691 1849 penes
696 1814 821 1848 affectum
833 1815 937 1840 tantum
942 1834 950 1847 ,

318 1861 361 1887 vel
372 1868 453 1894 penes
468 1860 593 1894 affectum
607 1861 632 1886 et
647 1859 767 1893 effectum
787 1859 804 1883 ¹.

214 1939 329 1971 Utrum
357 1939 434 1969 ordo
463 1938 625 1969 charitatis
649 1937 829 1968 attendatur
855 1946 951 1976 penes

175 1993 323 2024 affectum
339 1994 477 2029 tantum,
488 2000 529 2021 an
540 1991 636 2021 simul
649 1999 746 2030 penes
755 1989 905 2020 affectum
922 1992 952 2020 et

173 2047 322 2078 effectum
333 2055 340 2083 ;
350 2047 380 2076 et
391 2045 474 2084 quod
485 2053 580 2084 penes
590 2045 775 2083 utrumque,
786 2043 913 2074 videtur
921 2046 932 2061 ²
943 2054 949 2074 ι

174 2100 358 2140 Diliqamus
385 2106 450 2130 non
478 2098 587 2134 verbo,
611 2105 711 2136 neque
736 2096 867 2137 linqua,
897 2097 953 2128 sed

174 2161 263 2193 opere
279 2156 308 2184 et
322 2153 468 2184 veritate.
487 2151 557 2182 Non
571 2153 617 2181 est
631 2159 710 2190 ergo
726 2160 803 2181 vera
814 2151 950 2187 dilectio,

175 2206 236 2237 nisi
246 2206 286 2236 sit
296 2206 329 2236 in
339 2205 432 2236 corde
445 2206 476 2235 et
485 2213 591 2243 opere,
605 2203 639 2234 in
649 2203 766 2233 aflectu
776 2205 806 2234 et
817 2203 932 2234 effectu
943 2214 949 2234 :

175 2268 253 2299 ergo
268 2259 336 2299 pari
359 2258 481 2289 ratione
502 2266 566 2288 non
586 2259 633 2288 est
656 2265 751 2288 verus
777 2256 953 2287 dilectionis

175 2313 265 2349 ordo,
282 2312 343 2342 nisi
371 2320 468 2352 penes
491 2311 621 2341 illorum
649 2312 822 2350 utrumque
850 2312 951 2340 atten-

176 2366 280 2397 datur.

217 2419 296 2450 Item
321 2418 495 2457 Gregorius
526 2417 559 2447 in
593 2417 731 2456 quadam
756 2417 888 2448 homilia
903 2417 912 2434 ⁸
943 2427 951 2448 :

181 2486 196 2503 (ι
212 2473 359 2504 Prohatio
373 2471 547 2503 dilectionis
565 2473 612 2501 est
626 2471 779 2502 exhibitio
801 2471 917 2511 operis.
934 2482 948 2499 »

213 2560 270 2589 ¹Cs.
282 2559 353 2583 Alex.
365 2558 474 2588 Alensis,
483 2558 565 2587 Cant„
574 2565 598 2588 p.
611 2558 654 2587 ΙΙΙ,
665 2558 751 2582 collat.
764 2564 855 2587 vani,
867 2560 913 2582 art.
926 2560 952 2587 6;

178 2595 266 2627 Steph.
290 2594 395 2624 Brulef„
414 2594 445 2617 ΙΙΙ
467 2594 544 2623 Seni„
566 2593 623 2618 dist.
644 2600 715 2624 nix,
737 2601 762 2625 q.
785 2600 814 2624 η
837 2594 952 2618 Guillem.

213 2642 244 2672 (a)
263 2641 334 2672 Vulq.
350 2640 474 2665 amabilis.

1705 166 1759 195 661

991 232 1078 271 Ergo
1093 233 1147 263 ubi
1163 234 1210 263 est
1224 233 1325 271 major
1338 231 1442 271 operis
1453 231 1617 269 exhibitio,
1635 232 1677 261 ibi
1693 240 1764 271 pro-

991 286 1085 316 batur
1099 287 1202 324 major
1215 294 1281 315 esse
1297 285 1436 322 dilectio,
1454 286 1485 314 et
1506 294 1523 314 e
1544 293 1696 314 converso
1714 295 1720 314 :
1738 285 1764 314 si

992 348 1070 378 ergo
1085 339 1220 369 charitas
1238 338 1382 368 ordinata
1400 339 1446 368 est
1469 337 1502 367 in
1521 337 1697 375 diligendo,
1712 337 1764 367 vi-

992 392 1084 421 detur
1112 392 1196 431 quod
1217 391 1356 421 ordinari
1377 391 1487 420 debeat
1507 390 1539 420 in
1560 390 1653 420 corde
1677 391 1707 419 et
1733 389 1764 418 in

992 445 1083 476 facto,

1036 498 1112 528 Item
1128 498 1284 528 ordinatio
1306 497 1338 527 in
1358 497 1471 527 effectu
1490 497 1596 526 ortum
1617 495 1713 525 habet
1727 495 1766 525 ab

994 551 1192 581 ordtnatione
1206 551 1238 580 in
1250 550 1365 580 affectu
1381 550 1425 579 :si
1441 558 1521 587 ergo
1535 548 1671 579 charitas
1686 547 1766 578 ordi-

995 604 1064 634 nari
1080 604 1171 634 debet
1187 604 1221 633 in
1236 603 1360 640 effectu,
1375 612 1501 633 necesse
1517 604 1563 632 est
1581 601 1665 641 quod
1681 601 1767 640 prius

995 658 1160 688 ordinetur
1182 657 1215 687 in
1235 657 1349 686 affectu
1367 666 1374 686 z
1391 657 1445 686 sed
1466 656 1601 686 charitas
1625 655 1767 686 ordinata

996 713 1041 741 est
1056 720 1107 750 qui
1121 713 1211 740 ntum
1228 710 1264 739 ad
1279 710 1438 747 effectum⁷
1455 709 1535 738 sieut
1558 711 1641 747 patet
1657 717 1712 747 per
1727 708 1768 738 il-

996 765 1062 801 lud⁷
1080 764 1164 804 quod
1188 763 1264 793 dicit
1284 762 1453 802 Apostolus
1467 764 1477 780 ⁴
1495 773 1500 792 :
1523 761 1693 800 Operemzcr
1715 761 1769 792 bo-

996 827 1074 849 num
1088 817 1131 848 act
1146 825 1264 854 omnes,
1285 817 1426 847 hlaseime
1441 819 1544 846 <tutem
1560 815 1602 846 ad
1618 815 1769 846 domesti-

997 880 1048 903 cos
1062 883 1072 902 .·
1087 880 1165 910 ergo
1181 880 1307 901 necesse
1321 872 1367 900 cst
1387 869 1574 900 charitatem
1592 868 1770 899 ordinatam

998 935 1065 956 esse
1080 927 1237 965 quantum
1252 925 1291 955 ad
1308 924 1467 954 affectum.

1040 979 1117 1009 Item
1133 978 1236 1017 magis
1252 979 1361 1017 pensat
1382 977 1464 1007 Deus
1483 986 1523 1007 ex
1537 978 1657 1016 quanto
1676 975 1772 1006 homo

999 1033 1086 1070 facit,
1111 1041 1209 1071 quam
1237 1033 1393 1070 quantum
1416 1030 1487 1060 facit
1510 1039 1517 1060 ε
1539 1038 1618 1068 ergo
1643 1029 1668 1058 si
1696 1028 1774 1059 ordo

1001 1085 1164 1116 charitatis
1191 1086 1237 1115 est
1261 1084 1322 1114 Deo
1347 1085 1513 1123 acceptus,
1538 1082 1662 1113 videtur
1688 1078 1774 1121 quod

1001 1148 1067 1169 non
1081 1138 1184 1169 solum
1199 1138 1348 1168 consistat
1366 1137 1398 1166 in
1419 1145 1513 1176 opere
1534 1135 1702 1172 exteriori,
1721 1134 1774 1164 sed

1002 1193 1098 1224 etiam
1113 1193 1146 1222 in
1161 1191 1275 1222 affectu
1292 1190 1446 1221 interiori.

1043 1245 1102 1276 Sed
1118 1247 1226 1275 contra
1244 1255 1250 1274 z
1271 1248 1297 1274 1.
1320 1243 1408 1280 Quod
1428 1251 1493 1272 non
1516 1241 1664 1272 consistat
1683 1241 1716 1270 in
1731 1241 1777 1271 af-

1002 1300 1097 1333 fectu,
1115 1297 1241 1327 videtur
1257 1306 1312 1335 per
1326 1296 1415 1332 illud,
1437 1295 1523 1334 quod
1538 1294 1652 1324 dicitur
1664 1295 1674 1312 ⁵
1692 1303 1699 1324 ε
1721 1293 1780 1325 Vir

1004 1351 1184 1383 amicabilis
1199 1352 1238 1389 (α)
1257 1350 1300 1380 acl
1310 1350 1489 1381 societatem
1501 1349 1604 1388 maqz's
1620 1348 1681 1379 erit
1696 1348 1780 1379 ami-

1004 1413 1170 1444 6118,q1e(mz
1185 1405 1296 1442 frater.
1314 1402 1373 1433 Sed
1383 1404 1504 1432 constat
1514 1401 1597 1441 quod
1610 1401 1663 1431 illa
1673 1400 1780 1431 aniici-

1005 1458 1060 1495 tia,
1077 1458 1114 1488 de
1130 1467 1193 1497 qua
1203 1457 1334 1496 Sapiens
1344 1455 1495 1494 loquitur,
1514 1464 1578 1485 non
1592 1454 1780 1484 adversatur

1005 1512 1062 1549 ipsi
1086 1511 1246 1548 charitati,
1270 1511 1335 1540 imo
1361 1509 1465 1549 potius
1489 1510 1535 1539 est
1555 1508 1584 1538 ei
1604 1516 1743 1538 consona
1771 1516 1779 1537 ι

1006 1567 1057 1597 scd
1072 1566 1247 1596 secundum
1263 1565 1355 1594 istam
1367 1563 1440 1593 dicit
1455 1562 1540 1602 quod
1554 1561 1658 1600 magis
1671 1560 1781 1599 diligi-

1006 1622 1058 1650 tur
1073 1620 1168 1650 homo
1190 1618 1282 1648 honae
1296 1616 1468 1653 societatis,
1491 1624 1589 1655 quam
1608 1615 1704 1644 frater
1729 1623 1782 1643 se-

1007 1674 1148 1703 cundum
1163 1680 1291 1702 carnem
1311 1682 1318 1701 ε
1337 1670 1462 1700 videtur
1477 1677 1554 1708 ergo
1570 1668 1655 1708 quod
1669 1675 1781 1698 seeun-

1007 1727 1084 1757 dum
1107 1725 1352 1765 praeassig-natas
1373 1722 1567 1754 differentias
1589 1730 1655 1751 non
1678 1722 1783 1751 atten-

1007 1780 1100 1810 datur
1113 1779 1190 1809 ordo
1206 1777 1380 1808 dilectionis
1393 1777 1551 1816 quantum
1568 1774 1607 1804 ad
1620 1773 1780 1804 affectum.

1047 1835 1076 1863 ΞΣ.
1094 1833 1171 1863 Item
1187 1831 1310 1862 dilectio
1325 1831 1357 1860 in
1378 1829 1590 1860 familiaritate
1611 1827 1782 1867 consequi-

1007 1889 1059 1917 tur
1074 1886 1112 1917 ad
1122 1885 1321 1917 dilectionem
1332 1886 1362 1913 et
1376 1883 1526 1914 aflectum
1541 1880 1692 1920 diligendi
1705 1891 1712 1910 :
1729 1880 1783 1911 sed

1007 1940 1202 1977 multisunt,
1218 1938 1273 1978 qui
1288 1937 1360 1977 plus
1379 1936 1574 1968 delectantur
1596 1934 1684 1974 loqui
1708 1943 1783 1965 eum

1007 1993 1110 2025 amico
1125 2002 1196 2030 suo,
1213 2000 1311 2031 quam
1326 1999 1382 2030 per
1397 1990 1573 2021 orati0nem
1597 1988 1685 2027 loqui
1709 1996 1783 2018 cum

1008 2047 1069 2077 Deo
1087 2057 1094 2077 z
1111 2054 1188 2084 ergo
1204 2045 1330 2076 videtur
1346 2043 1431 2083 quod
1450 2042 1559 2072 nullus
1583 2041 1653 2071 talis
1677 2040 1781 2071 chari-

1008 2102 1101 2130 talem
1120 2099 1235 2128 habeat
1249 2097 1426 2127 ordinatam
1440 2095 1543 2134 :quod
1559 2094 1650 2125 valde
1664 2093 1782 2124 durum

1008 2153 1134 2184 videtur
1148 2152 1261 2182 dicere.

1049 2209 1078 2237 3.
1095 2206 1184 2243 Item,
1201 2204 1287 2244 quod
1301 2212 1367 2234 non
1381 2202 1562 2233 attendatur
1576 2208 1674 2240 penes
1688 2199 1781 2230 effec-

1008 2263 1089 2298 tum,
1103 2259 1241 2295 videtur,
1257 2257 1331 2297 quia
1344 2256 1437 2287 multi
1452 2257 1526 2286 sunt
1541 2255 1730 2294 impotentes
1743 2253 1783 2283 ad

1008 2312 1220 2354 impendenda
1240 2319 1337 2350 opera
1365 2309 1541 2340 dilectionis
1571 2319 1577 2338 :
1603 2316 1680 2346 ergo
1707 2306 1784 2337 tales

1008 2377 1072 2398 non
1084 2367 1215 2406 possunt
1225 2365 1341 2395 habere
1349 2363 1495 2394 ordinem
1505 2361 1665 2392 charitatis
1677 2371 1683 2390 :
1697 2360 1784 2400 quod

1009 2422 1035 2451 si
1050 2422 1112 2452 hoe
1125 2422 1172 2450 est
1186 2418 1312 2456 falsum,
1330 2419 1436 2454 restat,
1454 2418 1512 2446 ete.

1049 2478 1079 2506 4.
1096 2474 1185 2511 Item,
1202 2473 1228 2503 si
1245 2472 1321 2503 ordo
1347 2469 1508 2501 charitatis
1532 2467 1713 2499 attendatur
1727 2475 1784 2507 pe-

1010 2573 1143 2602 v01*i1.,1l1
1158 2570 1390 2599 Sr›n!.‚dist.xx1x‚
1406 2575 1431 2598 q.
1448 2573 1465 2590 ι.
1481 2579 1504 2583 -
1519 2566 1548 2589 ²1
1563 2566 1643 2594 loon„
1662 2569 1701 2595 111,
1718 2566 1787 2588 18..-

1010 2610 1020 2626 ³
1040 2610 1126 2639 Greg„
1147 2609 1172 2631 ιή
1192 2607 1294 2637 livam„
1316 2605 1386 2628 hom.
1408 2608 1470 2627 xxx.
1487 2615 1510 2620 -
1533 2602 1539 2617 ⁵
1558 2600 1626 2631 Gal„
1652 2606 1684 2628 Vt,
1711 2601 1785 2624 10.—

1012 2641 1022 2657 ³
1034 2641 1117 2669 Pron„
1132 2644 1206 2668 xvui,
1221 2638 1259 2661 24.

1797 1249 1830 1270 Ad
1844 1255 1898 1276 opp.
