2017 2960
70 1921 104 1942 Ad
124 1928 174 1949 opp.

657 172 754 204 DiST.
778 171 913 205 XXVIII.
937 171 1027 204 ΛΒΤ.
1052 173 1075 204 I.
1099 173 1248 211 QUAEST.
1269 174 1320 206 vl.

189 241 236 271 est
250 242 338 271 actus
359 241 507 271 amicitiae
530 249 538 271 :
564 241 743 271 secundum
767 241 855 271 enim
880 240 966 281 quod

190 296 236 323 est
258 296 347 324 actus
370 294 644 334 concupiscentiae,
671 294 805 334 diligere
828 303 894 325 non
918 296 966 325 est

189 347 270 377 velle
284 347 379 377 alicui
401 348 534 386 bonum,
558 348 612 378 sed
637 348 742 387 magis
764 350 811 379 est
833 347 963 387 aliquod

189 400 311 430 honum
330 400 519 437 desiderare,
547 401 597 432 vel
618 401 748 440 aliquod
766 401 889 432 bonum
910 410 966 432 ac-

188 455 324 493 ceptare.
345 454 383 484 Et
403 454 552 494 quamvis
574 463 638 485 non
655 455 695 485 sit
716 454 965 494 concedendum,

189 507 275 547 quod
290 507 426 538 charitas
448 508 542 539 saciat
556 508 615 538 sihi
630 508 712 539 velle
726 508 850 539 bonum
870 519 877 539 τ
894 508 967 540 facit

189 563 297 592 tamen
320 570 352 592 se
374 561 562 600 desiderari,
584 564 614 592 et
637 562 792 601 acceptari
814 564 967 601 tanquam

189 623 304 645 verum
321 616 453 646 honum.

230 671 259 699 3.
276 669 324 700 Ad
337 669 415 700 illud
435 669 521 709 quod
540 668 699 708 objicitur,
717 668 802 708 quod
820 668 900 699 nihil
922 670 969 699 est

189 723 364 754 amandum
377 732 417 754 ex
432 722 596 759 charitate,
613 721 674 752 nisi
689 722 909 760 beatificabile,
924 721 968 753 di-

189 776 326 807 cendum
342 777 428 816 quod
447 776 524 807 illud
539 776 644 815 prima
661 776 764 805 fronte
784 775 879 806 hahet
902 775 969 806 ins-

189 829 322 859 tantiam
348 830 380 860 in
396 829 470 860 Deo.
494 828 666 867 Praeterea,
687 829 744 859 etsi
767 829 800 859 in
817 829 969 860 creaturis

189 883 298 923 aliquo
314 882 409 914 modo
434 883 550 913 habeat
570 882 750 920 veritatem,
774 882 834 912 1100
854 891 969 913 verum

188 937 289 968 estin
311 937 380 975 his,
407 946 480 977 quae
509 936 675 975 diligenda
700 937 776 966 sunt
803 935 970 967 dilectione

189 991 350 1022 amicitiae.

229 1047 259 1075 4,
275 1045 323 1076 Ad
338 1045 462 1084 illudqd
474 1044 515 1074 od
535 1043 660 1074 ultimo
683 1043 843 1083 objicitur,
860 1044 971 1074 dicen-

188 1099 266 1129 dum
281 1099 366 1139 quod
381 1098 586 1137 Augustinus
611 1106 676 1128 non
694 1100 862 1128 enumerat
877 1106 970 1137 quae-

188 1161 326 1192 cumque
347 1152 519 1191 diligenda,
541 1151 595 1182 sed
619 1150 782 1189 diligenda
803 1150 970 1181 dilectione

187 1206 346 1236 amicitiae.
370 1205 408 1236 Et
427 1206 452 1236 si
473 1208 508 1235 tu
526 1213 654 1245 quaeras
678 1204 835 1235 rationem
851 1213 967 1243 quare3

187 1259 358 1290 dicendum
371 1258 458 1298 quod
470 1259 531 1289 hoc
541 1260 598 1295 est,
612 1258 688 1297 quia
702 1259 809 1287 motus
821 1257 970 1288 amicitiae

187 1312 319 1353 majoris
334 1311 532 1343 liberalitatis
546 1313 604 1350 est,
620 1320 720 1351 quam
733 1313 841 1342 motus
856 1319 971 1341 concu-

188 1366 373 1406 piscentiae,
397 1368 428 1397 et
450 1365 628 1396 secundum
653 1364 745 1395 illum
769 1364 971 1404 protenditur

189 1419 328 1450 charitas
342 1419 375 1449 in
386 1419 524 1449 alterum
541 1427 549 1448 :
561 1420 591 1448 et
605 1418 676 1448 ideo
686 1417 866 1448 secundum
878 1417 969 1448 illum

190 1474 324 1504 modum
346 1473 452 1512 magis
474 1471 642 1510 diligibilia
666 1470 925 1509 distinguuntur,
941 1473 972 1501 et

189 1535 262 1567 quae
291 1526 454 1565 diligenda
481 1528 580 1563 sunt,
609 1525 699 1563 diligi
727 1524 969 1564 praecipiuntur.

189 1579 253 1612 Nec
275 1582 324 1611 est
345 1580 536 1617 diminutio,
563 1579 640 1619 quia
660 1579 693 1609 in
712 1579 774 1609 illis
793 1578 970 1610 1513111οΙ11-

190 1634 324 1665 duntur.

454 1732 635 1771 QUAESTIO
652 1733 703 1764 VI.

267 1827 314 1854 Αη
328 1829 445 1861 quatuor
458 1829 513 1853 sint
528 1825 669 1860 diligenda
684 1833 717 1852 ea:
731 1825 865 1852 charitate
879 1824 898 1851 ¹.

232 1910 275 1941 De
299 1909 538 1950 diligendorum
559 1917 696 1938 numero
717 1909 748 1938 et
770 1907 969 1938 sufficientia.

190 1963 270 1994 Dicit
282 1963 369 1994 enim
384 1962 587 2002 Augustinus
602 1964 625 1998 ²,
641 1961 726 2001 quod
741 1963 881 2000 quatuor
895 1962 972 1991 sunt

189 2027 229 2049 ex
242 2017 396 2049 charitate
408 2015 583 2056 diligenda,
599 2015 746 2046 videlicet
761 2014 855 2052 Deus,
869 2016 901 2044 et
912 2022 971 2044 nos

189 2071 262 2112 ipsi,
278 2071 458 2112 proximus,
474 2072 505 2102 et
519 2078 635 2110 corpus
650 2070 809 2099 nostrum.
826 2067 865 2099 Et
880 2067 970 2099 vide-

188 2129 242 2156 tur
257 2126 372 2165 primo,
401 2124 487 2165 quod
509 2124 553 2155 ibi
580 2124 620 2154 sit
647 2122 869 2163 superfluitas,
892 2121 969 2162 quia

188 2188 262 2219 quae
276 2181 350 2210 sunt
364 2178 509 2218 ejusdem
533 2177 659 2217 speciei,
679 2185 744 2207 non
761 2176 969 2215 distinguun-

188 2235 241 2263 tur
255 2231 317 2263 nisi
331 2232 509 2263 seeundum
524 2239 711 2268 numerum,
728 2231 759 2261 et
772 2238 838 2260 non
852 2229 968 2260 debent

187 2288 290 2319 facere
320 2286 446 2318 diversa
470 2285 616 2317 membra
644 2283 854 2316 distinctionis
879 2294 887 2314 ι
913 2283 967 2314 sed

187 2351 264 2380 nos,
290 2343 322 2372 et
344 2339 511 2381 proximus
533 2340 658 2376 noster,
685 2346 799 2369 sumus
822 2337 966 2377 ejusdem

188 2395 302 2436 speciei
318 2405 325 2425 :
341 2403 421 2434 ergo
435 2401 502 2424 non
516 2392 609 2423 debet
618 2391 717 2423 homo
730 2391 852 2422 habens
867 2390 967 2422 chari-

187 2451 286 2480 tatem
300 2457 375 2480 cum
389 2447 539 2488 proximo
553 2454 612 2477 suo
626 2454 684 2485 pro
699 2444 835 2476 diversis
853 2443 965 2484 diligi-

187 2502 306 2533 bilibus
319 2501 495 2534 numerari.

223 2603 230 2619 ¹
247 2602 289 2632 Cf.
304 2600 429 2625 Alexand.
446 2599 568 2628 Mensis,
585 2598 665 2627 Cant„
681 2605 705 2629 p.
724 2598 769 2628 III,
786 2597 869 2622 collat.
885 2604 944 2622 Lxu·
957 2617 964 2628 ,

190 2640 237 2662 art.
249 2639 278 2668 45
295 2638 321 2661 S.
333 2637 454 2665 Thomas,
470 2635 539 2665 11-11,
553 2641 578 2666 q.
601 2639 662 2664 XXV,
674 2636 721 2657 art.
739 2635 785 2664 ¹25
802 2635 827 2657 et
841 2634 870 2658 111
884 2634 943 2657 Seni
956 2652 963 2665 ‚

190 2673 249 2698 dist.
266 2677 348 2697 xxviii
360 2690 368 2702 ,
383 2678 408 2702 q.
419 2677 440 2702 1,
454 2671 522 2694 art.7
533 2677 541 2700 ;
553 2669 614 2694 etde
624 2670 690 2693 Veri!
704 2688 711 2701 ,
722 2676 747 2700 q.
761 2675 790 2699 11,
801 2671 848 2693 art.
858 2670 886 2700 7;
900 2669 963 2694 Gab.

349 2725 412 2748 ‘roffi
417 2740 425 2747 .
447 2724 492 2747 tv.

1741 184 1794 213 641

1064 243 1094 272 2.
1119 241 1196 272 Item
1219 251 1308 273 sacra
1327 242 1491 283 Scriptura
1508 245 1700 278 sufficienter
1718 257 1798 280 enu-

1024 297 1125 325 merat
1138 295 1305 334 diligibilia
1317 295 1351 326 in
1372 297 1548 336 praeceptis,
1565 307 1638 337 quae
1652 300 1705 331 dat
1721 312 1727 331 z
1746 302 1800 333 sed

1024 357 1088 379 non
1103 350 1270 380 enumerat
1282 349 1343 380 nisi
1358 349 1433 388 duo,
1445 344 1561 381 scilicet
1573 351 1674 383 Deum
1685 356 1715 384 et
1730 364 1798 394 pro-

1024 401 1163 439 ximum,
1180 402 1218 433 de
1241 402 1359 442 quibus
1376 403 1429 434 dat
1444 403 1509 434 duo
1528 408 1701 446 praecepta;
1724 417 1802 447 ergo

1025 456 1152 487 videtur
1165 458 1250 497 quod
1264 458 1326 488 alia
1340 459 1486 490 membra
1500 459 1565 491 sint
1579 461 1753 501 superflua.

1065 512 1093 541 3.
1112 509 1190 541 Item
1212 510 1293 541 nihil
1317 512 1474 551 contingit
1497 522 1564 544 esse
1585 513 1715 545 beatum
1742 515 1803 546 nisi

1024 563 1127 594 tribus
1149 564 1263 601 modis,
1290 565 1435 597 videlicet
1457 575 1514 606 per
1536 568 1718 607 essentiam,
1748 578 1804 609 per

1025 616 1163 656 primam
1176 618 1389 657 influentiam,
1402 621 1432 650 et
1446 620 1707 652 redundantiam:
1726 631 1805 662 ergo

1025 670 1051 700 si
1067 670 1206 702 charitas
1221 681 1285 703 non
1310 682 1342 703 se
1364 674 1505 704 extendit
1529 674 1567 705 ad
1591 675 1803 715 diligendum,

1025 724 1087 754 nisi
1111 725 1149 755 ad
1175 725 1205 756 id
1228 726 1314 765 quod
1336 729 1382 757 est
1403 727 1532 758 beatum
1556 728 1589 759 in
1603 731 1688 767 actu,
1704 729 1755 761 vel
1773 729 1805 760 in

1026 779 1178 817 potentia,
1195 779 1322 811 videtur
1337 781 1424 820 quod
1446 790 1512 812 non
1527 782 1589 813 sint
1605 782 1667 813 nisi
1682 783 1744 814 tria
1757 783 1804 814 di-

1026 831 1167 871 ligenda,
1183 833 1329 865 videlicet
1343 834 1437 873 Deus,
1453 835 1592 874 anImus‚
1611 838 1641 867 et
1655 846 1781 878 corpus.

1067 888 1097 917 4.
1114 886 1174 917 Sed
1185 888 1270 927 quod
1285 888 1324 919 sit
1335 888 1516 928 diminutio,
1528 890 1655 922 videtur
1667 899 1724 931 per
1733 892 1809 922 Am—

1027 939 1169 971 brosium
1185 943 1195 960 ³
1207 965 1214 977 ,
1231 941 1302 981 qui,
1319 943 1496 974 secundum
1510 944 1596 983 quod
1613 944 1646 974 in
1663 945 1809 985 sequenti

1027 992 1229 1024 distinctione
1251 994 1399 1033 habetur,
1421 996 1563 1035 assignat
1585 1005 1640 1028 sex
1664 998 1810 1028 membra

1028 1046 1062 1076 in
1072 1055 1209 1078 numero
1221 1047 1477 1087 diIIgendorum:
1490 1059 1569 1090 ergo
1581 1051 1607 1081 si
1619 1050 1810 1082 Ambrosius

1027 1109 1092 1131 non
1107 1100 1167 1131 fuit
1186 1101 1219 1131 in
1235 1103 1447 1134 mumerando
1469 1104 1668 1144 superfluus,
1682 1105 1810 1136 videtur

1027 1154 1111 1193 quod
1129 1154 1333 1193 Augustinus
1348 1156 1409 1186 suit
1423 1156 1612 1188 diminutus.

1068 1209 1095 1237 5.
1121 1207 1211 1244 Item,
1229 1208 1311 1239 sicut
1325 1219 1365 1240 ex
1379 1210 1531 1241 charitate
1543 1211 1745 1250 diligendum
1763 1214 1810 1242 est

1027 1269 1143 1300 corpus
1167 1264 1323 1299 nostrum,
1350 1263 1394 1293 ita
1418 1265 1448 1293 et
1469 1273 1585 1303 corpus
1605 1264 1765 1303 proximi:
1782 1265 1809 1295 si

1027 1323 1105 1354 ergo
1126 1315 1256 1346 animus
1270 1318 1378 1346 noster
1392 1318 1423 1346 et
1437 1317 1564 1348 animus
1582 1318 1720 1357 proximi
1736 1327 1811 1348 con-

1027 1368 1163 1398 stituunt
1175 1368 1238 1399 duo
1252 1369 1397 1400 membra
1406 1369 1658 1408 diligendorum,
1670 1370 1714 1401 ita
1724 1371 1810 1402 vide-

1028 1422 1081 1452 tur
1099 1422 1185 1461 quod
1207 1422 1304 1453 etiam
1325 1431 1441 1463 corpus
1464 1425 1624 1461 nostrum,
1640 1427 1671 1455 et
1694 1433 1810 1465 corpus

1028 1475 1168 1514 proximi
1196 1486 1203 1506 :
1234 1485 1314 1515 ergo
1342 1476 1470 1507 videtur
1491 1477 1578 1517 quod
1600 1477 1745 1518 quinque
1768 1487 1809 1509 ex

1027 1528 1181 1560 charitate
1198 1529 1261 1560 sint
1276 1529 1450 1570 diligenda.

1067 1585 1098 1614 6.
1112 1583 1191 1615 Item
1206 1584 1287 1614 sicut
1304 1592 1344 1615 cx
1360 1583 1514 1615 charitate
1530 1584 1699 1624 diligimus
1721 1586 1808 1625 quod

1028 1639 1075 1667 est
1097 1646 1197 1677 supra
1217 1646 1287 1676 nos,
1314 1640 1345 1669 01
1358 1638 1441 1669 infra
1466 1647 1536 1676 nos,
1560 1641 1591 1669 et
1613 1640 1707 1679 juxta
1736 1649 1805 1677 nos,

1027 1690 1071 1721 sic
1088 1691 1184 1722 etiam
1197 1701 1237 1722 ex
1263 1692 1415 1723 charitate
1430 1692 1631 1732 diligendum
1651 1695 1698 1724 est
1722 1694 1808 1733 quod

1027 1746 1074 1775 est
1082 1747 1192 1776 contra
1201 1754 1271 1784 nos,
1283 1745 1429 1777 videlicet
1444 1746 1604 1785 inimicus⁷
1619 1746 1702 1778 sicut
1712 1756 1809 1787 supra

1027 1801 1192 1831 ostensum
1206 1802 1273 1831 est:
1292 1800 1420 1831 videtur
1439 1809 1519 1840 ergo
1538 1800 1624 1841 quod
1649 1800 1808 1841 praedictis

1028 1852 1182 1882 membris
1192 1852 1315 1884 deficiat
1324 1862 1428 1884 unum
1437 1853 1634 1885 membrum.
1646 1853 1808 1892 Quaeritur

1028 1914 1107 1945 ergo
1119 1915 1219 1945 quare
1240 1908 1286 1937 tot
1309 1915 1350 1938 ex
1373 1907 1527 1938 charitate
1548 1907 1611 1938 sint
1631 1906 1804 1946 diligenda,

1026 1961 1058 1990 et
1072 1968 1137 1991 non
1152 1960 1257 1999 plura,
1274 1969 1380 2000 neque
1395 1961 1557 2001 pauciora.

1299 2077 1526 2109 CONCLUSIO.

1047 2158 1092 2185 Ex
1118 2158 1251 2185 charitate
1271 2161 1388 2193 quatuor
1407 2160 1470 2186 sunt
1490 2159 1648 2194 diltqenda,
1669 2167 1779 2194 quorum

1132 2203 1292 2236 sufficientia
1307 2203 1412 2239 duplici
1425 2205 1473 2231 via
1487 2203 1694 2231 demonstratur.

1064 2282 1155 2323 Resp.
1180 2283 1220 2314 ad
1243 2291 1315 2323 arg.
1338 2282 1514 2315 Dicendum
1535 2283 1621 2324 quod
1644 2293 1801 2315 numerus

1022 2336 1239 2376 diligibilium,
1257 2339 1287 2368 et
1301 2337 1502 2378 sufficientia,
1517 2338 1685 2379 dupliciter
1698 2341 1800 2379 potest

1021 2391 1120 2431 accipi
1144 2402 1151 2422 :
1179 2400 1246 2423 uno
1267 2391 1363 2425 modo
1385 2400 1442 2432 per
1462 2392 1731 2433 comparationem
1760 2392 1799 2424 ad

1021 2445 1123 2486 ipsam
1138 2445 1357 2485 dilectionem3
1373 2446 1435 2478 alio
1448 2447 1543 2478 modo
1559 2455 1616 2487 per
1629 2455 1798 2487 compara-

1021 2499 1141 2532 tionem
1156 2500 1196 2531 ad
1210 2500 1316 2540 ipsum
1331 2500 1531 2540 diligentem.
1548 2499 1734 2532 Secundum
1744 2501 1797 2541 ip-

1022 2599 1093 2627 Biel.,
1111 2599 1142 2623 111
1164 2599 1243 2630 Seni„
1259 2600 1318 2624 dist.
1331 2605 1424 2628 xxvui,
1444 2606 1469 2630 q.
1485 2605 1508 2629 ¹3
1525 2599 1670 2630 Stephanus
1688 2600 1798 2631 Brulef.,

1022 2635 1052 2659 ΗΙ
1064 2635 1145 2665 Seni„
1156 2635 1214 2660 dist.
1224 2641 1318 2665 xxvm,
1327 2642 1352 2666 q.
1365 2635 1409 2660 ult.
1418 2648 1449 2653 —
1460 2635 1471 2651 ²
1480 2636 1554 2667 Aug.,
1567 2635 1597 2659 de
1609 2636 1677 2660 Doct.
1698 2635 1797 2667 christ„

1020 2670 1063 2695 lib.
1077 2671 1096 2701 Ι,
1113 2678 1135 2695 0.
1152 2676 1228 2702 xxiii,
1242 2678 1268 2695 n.
1280 2672 1319 2695 22.
1333 2684 1364 2689 —
1377 2671 1387 2687 ⁸
1400 2671 1482 2696 61055.
1498 2671 1524 2695 in
1539 2671 1624 2701 Cant„
1639 2677 1668 2703 11,
1683 2673 1707 2698 4.

1636 2716 1672 2748 41
