2017 2960
618 219 714 251 DIST.
739 219 872 251 XXVIII.
898 219 988 250 ART.
1014 219 1037 250 1.
1058 218 1210 257 QUAEST.
1235 219 1286 250 ΙΙΙ.

154 297 195 319 ex
210 288 263 318 illa
278 288 400 319 ratione
412 296 478 318 non
495 288 652 328 sequitur,
668 287 752 328 quod
776 286 929 327 diligendi

153 341 215 371 sint
231 350 272 371 ex
286 340 449 372 charitate.

195 398 224 426 2.
242 395 292 425 Ad
306 395 382 426 illud
397 395 482 435 quod
494 395 656 436 objicitur,
671 395 756 435 quod
766 395 875 435 imago
885 397 930 426 est

152 448 233 479 ratio
248 448 401 488 diligendi
416 449 449 479 in
466 451 625 486 creatura,
651 449 821 480 dicendum
844 449 930 489 quod

152 502 263 541 imago
278 511 343 533 non
362 504 408 533 est
423 503 583 533 sufficiens
598 503 678 533 ratio
693 503 855 542 diligendi,
868 503 930 533 nisi

152 555 186 586 in
207 557 364 595 quantum
379 558 426 587 est
440 557 586 587 ordinata
607 557 644 588 ad
662 558 799 597 gratiam
814 560 845 588 et
860 558 929 597 glo-

152 610 246 648 riam,
261 611 300 641 ad
315 620 411 651 qnam
426 611 549 642 ordinat
565 611 711 642 charitas.
727 611 765 642 Et
779 611 854 651 qnia
869 611 930 641 hoc

153 664 247 695 modo
262 674 328 695 non
343 667 390 695 est
408 665 440 695 111
459 665 660 696 daemonibus
673 689 681 703 ,
708 665 772 695 imo
797 666 929 696 omnino

153 717 350 756 inordinata3
367 718 436 750 ideo
452 727 519 749 non
534 719 620 757 cogit
635 719 688 749 illa
704 719 795 749 ratio.

193 774 223 802 3.
239 772 288 802 Ad
310 772 387 803 illud
408 772 492 812 quod
518 772 684 811 objicitur,
701 773 786 812 quod
809 772 927 812 angeli,

152 827 325 864 antequam
340 827 515 864 peccarent,
533 828 623 856 erant
642 835 682 855 ex
698 826 848 856 charitate
862 826 931 856 dili-

153 878 265 917 gendi,
288 879 458 909 (licendum
477 880 562 919 quod
584 880 735 917 hocerat,
754 880 830 920 quia
852 883 929 910 tunc

152 931 350 963 habilitatem
365 935 396 963 et
410 933 615 964 idoneitatem
623 934 784 964 habehant
794 934 833 964 ad
844 943 928 964 asse·

153 986 316 1025 quendam
331 986 484 1025 gloriani:
502 987 554 1017 sed
571 996 636 1017 non
651 987 732 1017 hanc
749 987 931 1018 habuerunt

153 1041 223 1078 post
243 1039 367 1079 lapsum
386 1051 392 1070 :
414 1043 444 1070 et
461 1041 531 1071 ideo
556 1050 621 1071 11011
642 1044 717 1072 511111
731 1051 832 1079 nunc,
850 1043 930 1072 sicut

154 1095 242 1130 tunc,
259 1103 299 1123 cx
314 1094 465 1124 charitate
479 1094 640 1133 diligendi.
655 1094 727 1125 Etsi
743 1097 776 1125 tu
786 1095 928 1135 objicias,

153 1146 239 1185 qnod
258 1147 376 1177 habeut
397 1147 455 1177 sibi
470 1148 542 1178 data
559 1148 686 1187 integra
703 1151 733 1178 et
748 1149 930 1188 splendissi-

155 1210 226 1237 ma,
243 1201 413 1232 dicendum
435 1202 521 1240 quod
543 1202 621 1232 illud
643 1202 758 1232 dicitur
772 1205 930 1242 quantum

154 1254 191 1284 ad
218 1254 374 1293 potentias
393 1257 539 1293 respectu
559 1255 756 1285 naturalium
772 1257 929 1295 operatio-

154 1316 245 1345 num,
275 1316 340 1338 non
370 1310 478 1338 autem
514 1310 672 1348 quantum
693 1309 732 1339 ad
753 1309 931 1339 habilitates

154 1361 340 1392 earumdem
359 1363 504 1401 respectu
528 1362 755 1400 gratuitarum.
774 1362 931 1393 Inhabiles

154 1415 240 1444 enim
262 1414 364 1445 effecti
383 1416 458 1444 sunt
473 1415 512 1445 ad
528 1415 607 1445 bene
628 1415 808 1445 faciendum
829 1426 835 1446 z
853 1416 931 1446 tales

154 1468 242 1499 enim
264 1469 444 1499 habilitates
462 1472 718 1509 corrumpuntur
739 1479 793 1509 per
819 1481 929 1511 pecca·

154 1524 225 1552 tum
239 1546 248 1560 ,
277 1523 454 1553 secundum
478 1523 564 1562 quod
586 1523 655 1554 vult
672 1524 884 1563 Augustinus,
901 1528 932 1556 et

154 1576 186 1606 in
202 1576 342 1607 secundo
355 1576 436 1607 libro
453 1577 514 1607 suit
528 1579 703 1608 ostensum.

194 1630 224 1660 [ι.
239 1631 285 1661 Α(1
302 1630 380 1661 illud
396 1631 480 1669 quod
495 1631 658 1670 objicitur,
677 1632 761 1671 quod
780 1632 932 1672 quidquid

154 1685 226 1715 facit
240 1685 276 1716 ad
293 1685 460 1715 cumulum
472 1685 571 1715 nostri
588 1685 701 1723 meriti,
716 1688 813 1716 estex
827 1686 931 1717 chari-

154 1742 217 1771 tate
230 1740 442 1780 diligendum,
459 1740 630 1771 dicendum
653 1741 739 1780 quod
754 1742 815 1772 hoc
832 1744 933 1781 potest

154 1804 222 1825 esse
241 1794 411 1834 dupliciter
428 1803 436 1824 ε
458 1794 506 1825 vel
525 1794 702 1825 secundum
726 1795 932 1835 principalem

155 1848 384 1886 intentionem,
408 1848 458 1879 vel
480 1857 535 1887 per
553 1848 762 1879 occasionem.
780 1849 933 1885 Quamvis

154 1911 232 1941 ergo
243 1902 392 1942 praedicta
400 1901 571 1941 propositio
587 1902 753 1932 veritatem
770 1903 868 1942 possit
881 1903 934 1933 ha-

154 1956 229 1987 bere
242 1956 279 1986 de
287 1955 428 1995 eo,quod
437 1955 558 1986 facitad
571 1955 740 1986 cumulum
755 1957 854 1987 nostri
870 1966 934 1988 me-

153 2011 204 2041 riti
213 2011 387 2041 secundum
399 2011 605 2050 principalem
617 2011 825 2041 intertionem
834 2012 933 2051 etpri-

154 2064 290 2095 mariam
315 2064 569 2101 ordinati0nem;
591 2064 629 2094 de
654 2073 690 2094 60
714 2067 821 2094 tamen
848 2065 933 2104 quod

153 2118 226 2148 facit
240 2118 278 2148 ad
291 2117 459 2148 cumulum
478 2117 578 2147 nostri
598 2118 701 2148 meriti
724 2127 780 2158 per
795 2119 934 2149 occasio-

154 2181 312 2210 nem‚n0u
323 2174 446 2211 oportet
460 2171 577 2202 habere
594 2172 762 2203 veritatem
781 2183 787 2202 :
805 2172 880 2212 quia
892 2182 933 2203 ex

155 2226 263 2257 multis
288 2225 381 2256 malis
409 2228 440 2256 et
468 2226 602 2266 peccatis
628 2225 710 2256 Deus
738 2226 818 2256 viris
838 2227 933 2266 Justis

153 2280 237 2311 elicit
251 2280 335 2311 bona
364 2289 372 2310 ι
398 2282 429 2310 et
441 2280 502 2310 hoc
522 2280 616 2310 modo
631 2279 794 2310 daemones
815 2279 933 2310 faciunt

153 2334 191 2365 ad
216 2334 317 2365 nostri
341 2334 446 2364 meriti
472 2333 727 2373 promotionem,
753 2333 828 2372 quia
855 2333 932 2363 dum

153 2387 324 2418 intendunt
342 2396 398 2418 nos
416 2388 597 2427 pervertere
617 2387 656 2417 ad
679 2390 853 2426 peccatum,
870 2387 934 2417 vir-

153 2443 220 2472 tute
247 2441 356 2472 divina
385 2450 497 2472 eorum
525 2440 714 2471 exercitium
737 2441 933 2471 convertitur

153 2494 230 2525 viris
235 2494 368 2533 justiset
379 2495 496 2525 sanclis
505 2494 544 2525 ad
553 2494 656 2525 meriti
664 2494 930 2525 additamentum.

195 2551 224 2578 5.
242 2548 289 2578 Ad
312 2548 392 2578 illud
413 2549 498 2588 quod
521 2548 634 2578 ultimo
661 2548 827 2588 objicitur,
846 2549 932 2587 quod

189 2612 246 2641 ¹(j's.
261 2611 330 2635 Mox.
348 2610 454 2639 Alcnsis,
473 2611 554 2639 Cant„
571 2618 595 2641 p.
623 2611 663 2640 ΙΙΙ,
679 2611 736 2634 coil.
753 2616 825 2639 wa,
837 2612 883 2634 art.
901 2612 930 2640 :⁷:;

154 2649 179 2670 S.
190 2647 310 2677 Thomas,
323 2647 390 2676 11-11,
401 2653 426 2677 q.
436 2649 550 2677 xxv,art.
561 2648 588 2676 G;
600 2646 660 2670 etde
677 2647 743 2670 Veii!
757 2665 763 2676 ,
775 2652 835 2678 ι1.11,
845 2647 930 2676 as1.S;

153 2682 281 2712 Richard„
300 2683 330 2706 lli
344 2682 412 2706 Sent.
428 2682 487 2706 dist.
502 2688 594 2711 xxvni,
608 2689 632 2713 q.
649 2689 691 2712 111;
707 2682 799 2707 Τ110111.
813 2684 928 2713 Argeut„

155 2719 185 2742 Ill
208 2720 287 2749 sent„
307 2719 364 2742 dist.
380 2724 472 2749 11111111,
488 2726 512 2749 q,
535 2725 551 2749 1,
569 2720 616 2742 art.
636 2721 662 2748 4;
678 2719 820 2749 Stephanus
836 2719 928 2742 Brules.

1704 224 1763 253 635

986 296 1082 318 omne
1097 287 1182 327 quod
1202 287 1277 317 facit
1295 287 1336 318 ad
1354 287 1408 318 Dei
1430 286 1585 318 honorem
1596 311 1604 325 ,
1621 290 1652 318 et
1665 288 1758 319 deco-

986 350 1055 372 rem
1072 341 1225 381 justitiae,
1241 343 1288 372 est
1308 340 1509 380 diligendum
1524 350 1564 371 ex
1586 341 1737 372 charitate
1748 365 1756 378 ,

985 395 1155 426 dicendum
1174 395 1271 435 qnod,
1288 395 1369 425 sicut
1383 403 1423 425 ex
1441 394 1692 434 praecedentibus
1708 403 1761 433 pa-

985 450 1047 486 tet,
1065 449 1092 479 si
1107 448 1233 488 proprie
1249 448 1422 488 accipiatur
1443 448 1574 487 diligere
1595 457 1635 478 ex
1650 447 1757 477 chari-

985 504 1064 539 tate,
1082 502 1254 542 propositio
1277 511 1341 532 non
1363 502 1458 532 habet
1477 502 1654 532 veritatem.
1674 501 1711 532 Et
1734 500 1760 530 si

985 556 1021 585 tu
1034 555 1162 594 objicias
1179 566 1185 585 :
1208 567 1221 584 «
1238 555 1327 592 Quod
1343 556 1525 586 ordinatum
1540 557 1586 585 est
1601 555 1640 585 ad
1657 554 1764 585 beati-

985 608 1145 647 tudinem,
1163 611 1207 639 est
1222 609 1420 647 diligendum
1437 618 1477 639 ex
1491 609 1664 639 charitate:
1679 617 1761 648 ergo

986 662 1131 692 similiter
1145 663 1184 693 ad
1200 662 1328 693 laudem
1342 662 1543 700 ordinatum3
1560 674 1574 690 n
1590 662 1760 693 (licendum

986 716 1072 755 quod
1094 716 1262 755 dupliciter
1289 718 1335 746 651
1362 716 1483 755 aliquid
1513 716 1697 746 ordinatum
1725 716 1761 744 :vl

987 769 1214 800 beatitudinem
1232 780 1237 800 z
1257 771 1312 799 aut
1327 770 1402 809 quia
1422 770 1530 809 ipsum
1545 769 1582 800 de
1598 769 1703 808 seipso
1719 772 1766 799 est

986 824 1168 854 ordinatum
1182 848 1189 861 ,
1207 826 1242 854 ut
1263 824 1427 864 perveniat
1454 823 1492 854 ad
1515 823 1762 861 beatitudinem;

986 880 1041 908 aut
1055 878 1130 916 quia
1144 878 1250 917 ipsum
1264 878 1303 908 ad
1314 877 1590 908 aliudordinatum
1605 879 1662 914 est,
1675 876 1764 916 quod

986 930 1025 961 ad
1048 931 1275 962 beatitudinem
1303 931 1487 961 ordinatum
1506 933 1553 961 est
1579 930 1617 970 ((ι)
1650 939 1763 970 perve-

986 983 1067 1014 nire.
1087 983 1123 1014 Et
1137 985 1221 1023 quod
1237 984 1339 1024 primo
1356 984 1449 1014 modo
1467 984 1651 1014 ordinatum
1667 986 1712 1013 est
1727 983 1766 1014 ad

987 1036 1235 1075 beatitudinem,
1255 1040 1301 1068 est
1318 1047 1358 1068 ex
1377 1037 1528 1067 charitate
1544 1036 1746 1076 diligendum
1756 1047 1763 1073 3

986 1090 1072 1130 quod
1081 1091 1220 1121 secundo
1233 1091 1325 1122 inodo
1336 1091 1517 1122 ordinatum
1528 1093 1584 1129 est,
1596 1100 1659 1120 non
1669 1100 1760 1130 opor-

986 1145 1029 1173 tet
1045 1143 1133 1182 diligi
1144 1153 1183 1174 ex
1195 1144 1362 1182 charitate,
1376 1144 1558 1184 accipiendo
1567 1143 1693 1183 proprie
1710 1152 1765 1173 or-

986 1196 1142 1227 dinatum.
1160 1197 1310 1227 Similiter
1320 1197 1440 1236 aliquid
1451 1197 1634 1227 ominatum
1649 1196 1688 1227 ad
1699 1197 1767 1227 lau-

987 1250 1059 1280 dem
1071 1250 1125 1280 Dei
1141 1253 1241 1289 potest
1260 1260 1327 1281 esse
1345 1251 1511 1290 dupliciter
1525 1260 1531 1280 :
1550 1253 1604 1280 aut
1620 1250 1697 1289 quia
1712 1251 1767 1290 ip-

988 1312 1059 1333 sum
1075 1303 1183 1332 laudat
1201 1305 1231 1333 et
1246 1303 1431 1342 magnificat
1445 1302 1545 1333 Deum
1556 1327 1565 1340 ‚
1582 1305 1636 1333 aut
1652 1303 1768 1342 gloria-

987 1359 1041 1387 tur
1057 1357 1090 1387 in
1105 1356 1197 1387 laude
1214 1357 1283 1394 Dei,
1297 1359 1353 1387 aut
1367 1357 1442 1396 quia
1454 1360 1500 1387 est
1516 1357 1649 1387 materia
1664 1357 1767 1387 laudis

989 1411 1118 1441 divinae.
1153 1411 1189 1440 Et
1214 1411 1299 1450 quod
1325 1411 1427 1450 primo
1465 1411 1559 1441 modo
1580 1412 1766 1442 ordinatum

988 1467 1034 1495 est
1047 1464 1086 1495 ad
1100 1464 1154 1494 Dei
1175 1464 1301 1494 laudem
1312 1488 1320 1502 ,
1341 1473 1380 1494 ex
1395 1464 1548 1495 charitate
1563 1464 1766 1503 diligendum

989 1520 1034 1548 est
1045 1529 1052 1554 ;
1065 1518 1150 1558 quod
1162 1527 1238 1548 vero
1248 1518 1386 1548 secundo
1399 1518 1493 1548 modo
1504 1518 1686 1548 ordinatum
1699 1521 1764 1556 est,

990 1581 1054 1601 non
1080 1573 1205 1611 oportet
1236 1571 1322 1611 quod
1353 1571 1506 1610 diligatur
1532 1581 1572 1602 ex
1597 1572 1765 1610 charitate,

989 1625 1049 1655 nisi
1073 1625 1196 1655 dicatur
1217 1625 1308 1664 diligi
1331 1634 1371 1655 ex
1395 1625 1546 1655 charitate
1571 1625 1766 1665 imperante.

989 1679 1130 1710 Charitas
1144 1679 1230 1709 6111111
1247 1679 1383 1718 imperat
1398 1679 1519 1709 homini
1530 1703 1539 1716 ,
1555 1682 1590 1709 ut
1605 1679 1681 1709 velit
1696 1688 1766 1710 esse

989 1743 1085 1764 omne
1104 1733 1181 1763 illud
1197 1733 1230 1763 in
1249 1734 1411 1771 universo,
1424 1733 1509 1772 quod
1524 1733 1640 1763 excitat
1657 1733 1770 1764 virum

985 1789 1109 1828 justum
1138 1787 1177 1817 ad
1209 1786 1404 1817 laudandum
1433 1789 1463 1817 et
1491 1787 1769 1825 magnificandum

989 1841 1090 1872 Deum
1105 1850 1213 1871 suum.

1251 1952 1430 1991 QUAESTIO
1454 1953 1510 1984 111.

1025 2040 1070 2065 Αη
1085 2038 1154 2064 mali
1169 2038 1286 2064 homines
1300 2038 1354 2064 sint
1369 2036 1501 2071 diliyendi
1515 2045 1547 2064 επ
1559 2037 1693 2064 charitate
1711 2040 1729 2064 ¹.

1028 2117 1142 2149 Utrum
1156 2126 1196 2148 ex
1208 2117 1359 2148 charitate
1372 2117 1434 2147 sint
1448 2117 1600 2156 diligendi
1614 2118 1689 2148 mali
1705 2118 1763 2148 ho-
1783 2138 1890 2160 fundam·

988 2172 1106 2202 mines:
1125 2173 1155 2202 et
1169 2170 1256 2211 quod
1269 2170 1314 2200 sic
1325 2194 1333 2208 ,
1350 2170 1478 2201 videtur
1491 2171 1502 2187 ’
1517 2182 1523 2200 ;
1546 2170 1680 2211 Diliyz'te
1697 2172 1767 2203 im'-

988 2227 1086 2257 micos
1100 2228 1239 2261 vestros,
1256 2227 1315 2255 etc.
1332 2222 1392 2254 Sed
1406 2224 1461 2264 qui
1477 2224 1542 2255 odit
1555 2225 1658 2264 Justos
1671 2249 1680 2262 ,
1698 2226 1766 2256 sine

989 2279 1085 2310 dubio
1100 2280 1146 2309 est
1160 2278 1292 2317 iniquus
1306 2279 1336 2308 et
1351 2276 1454 2307 malus
1471 2288 1478 2308 ι
1495 2286 1575 2317 ergo
1590 2278 1615 2307 si
1634 2278 1704 2308 talis
1719 2280 1767 2309 est

988 2332 1168 2372 diligendus
1194 2340 1234 2362 ex
1258 2330 1412 2360 charitate
1424 2354 1432 2367 ,
1454 2331 1548 2369 juxta
1577 2331 1766 2362 mandatum

988 2386 1202 2423 dominicum,
1221 2383 1297 2414 mali
1311 2383 1458 2415 homines
1473 2392 1512 2414 ex
1528 2383 1680 2415 charitate
1695 2384 1765 2414 dili-

989 2440 1084 2481 gendi
1101 2442 1185 2470 sunt.

1029 2494 1108 2524 Item
1119 2501 1230 2523 omnes
1241 2491 1456 2532 praedestinati
1472 2490 1625 2530 diligendi
1638 2493 1713 2522 sunt
1727 2501 1766 2522 ex

988 2546 1140 2577 charitate
1163 2556 1170 2576 z
1197 2545 1251 2575 sed
1275 2544 1386 2581 multi,
1403 2544 1457 2583 qni
1486 2546 1559 2574 sunt
1579 2543 1671 2581 mali,
1693 2546 1768 2575 sunt

990 2645 1019 2668 111
1037 2645 1095 2667 Seni
1109 2663 1115 2674 ‚
1138 2643 1194 2667 dist.
1211 2648 1310 2672 xxxin,
1327 2650 1352 2673 «1.
1373 2647 1421 2670 1113
1438 2641 1513 2665 Gabr.
1534 2641 1605 2671 Bieh.
1634 2642 1664 2665 lll
1687 2642 1746 2666 Sene
1760 2662 1767 2673 ,

988 2681 1046 2704 dist.
1057 2685 1148 2704 xxviu,
1165 2686 1189 2709 q.
1206 2685 1225 2708 1,
1240 2679 1300 2701 duh.
1318 2684 1344 2701 11.
1356 2690 1387 2695 —-
1400 2677 1409 2692 ²
1424 2677 1526 2706 Maseli„
1541 2683 1565 2707 v,
1581 2678 1619 2701 44.

1023 2719 1053 2747 (ιι)
1068 2717 1109 2741 ΑΙ.
1129 2717 1212 2747 ipsun]
1227 2716 1294 2740 aliud
1309 2715 1454 2739 ordinatum
1469 2717 1514 2739 est⁴
