2017 2960
87 939 119 958 Ad
130 945 181 965 opp.

718 176 814 208 DlST.
838 175 918 207 Xlll.
944 173 1035 206 ART.
1061 175 1084 205 Ι.
1107 174 1257 211 QUAEST.
1283 176 1305 206 1.

207 256 286 286 ergo
301 246 451 277 meritum
464 253 530 274 non
540 246 586 274 est
594 244 653 274 nisi
663 253 719 284 per
730 244 851 275 donum
865 243 977 282 gratiae

205 301 329 331 creatae.
353 299 411 329 Sed
437 298 588 328 meritum
610 297 670 328 fuit
689 298 723 328 in
738 297 880 328 Christo:
898 306 978 335 ergo

205 352 317 383 hahuit
341 351 480 390 gratiam
497 353 634 382 creatam
650 360 707 390 per
721 360 819 390 quam
834 350 953 381 meruit
970 361 976 381 :

204 408 234 436 et
249 405 302 435 illa
322 406 368 435 est
389 405 494 443 gratia
509 404 684 443 singularis
700 413 844 444 personae
863 413 870 434 z
888 413 977 443 ergo,

204 460 264 488 etc.

245 510 324 541 Item
347 521 353 541 :
376 510 520 541 Christus
544 509 657 540 habuit
680 510 759 540 duas
787 509 978 547 voluntates,

203 564 285 594 sicut
307 564 440 594 inferius
454 567 463 583 ¹
484 563 623 602 patebit,
643 562 761 592 scilicet
787 564 926 592 creatam
950 564 982 593 et

205 617 379 647 increatam
391 627 398 654 ;
414 618 444 647 et
459 618 580 646 constat
594 615 680 655 quod
690 617 828 655 utraque
838 615 898 645 fuit
911 624 981 654 per-

204 671 284 702 fecta
305 681 312 701 ε
337 671 390 701 εθ(1
417 671 566 710 perfectio
591 669 765 701 voluntatis
795 670 908 699 creatae
936 670 982 699 est

205 733 261 764 per
276 724 413 763 gratiam
430 725 580 761 creatam,
597 732 682 762 quae,
699 723 845 762 inquam,
865 722 982 752 dicitur

205 778 309 816 gratia
332 777 503 816 singularis
525 785 669 816 personae
687 786 693 806 ε
719 784 797 814 ergo
813 775 845 805 in
861 774 982 805 Christo

205 839 269 861 nou
291 832 416 860 tantum
436 830 574 869 gratiam
598 827 794 867 increatam,
812 829 865 860 sed
884 829 979 859 etiam

206 883 344 911 creatam
359 889 485 911 necesse
499 882 546 911 est
559 889 687 919 ponere.

247 934 307 965 Sed
321 936 431 965 contra
448 945 455 964 z
473 937 502 964 1.
525 933 631 963 Gratia
656 935 760 963 creata
782 941 847 963 non
862 935 908 962 est
922 933 983 962 uisi

206 988 239 1018 in
260 988 435 1018 substantia
456 989 561 1017 creata
579 997 585 1017 :
604 995 683 1025 ergo
705 995 779 1016 cum
798 986 902 1025 gratia
915 986 982 1016 sin-

207 1041 329 1081 gularis
349 1050 493 1081 personae
519 1041 559 1071 sit
573 1042 689 1077 creata,
706 1049 771 1071 non
785 1042 842 1077 est,
860 1040 910 1071 vel
926 1049 981 1079 po-

206 1097 267 1125 test
290 1104 373 1132 esse,
397 1095 458 1124 nisi
482 1095 516 1124 in
540 1103 674 1134 persona
693 1096 798 1124 creata
816 1108 822 1124 ;
841 1094 893 1124 sed
909 1102 984 1133 per-

207 1159 287 1180 sona
311 1149 425 1180 Christi
452 1159 517 1179 non
538 1151 585 1179 est
609 1151 728 1186 creata,
751 1149 803 1179 sed
819 1149 981 1179 increata:

207 1212 286 1242 ergo
314 1203 347 1233 in
380 1202 502 1233 Christo
530 1212 596 1233 non
617 1205 663 1233 est
682 1203 822 1241 reperire
846 1202 983 1241 gratiam

208 1258 359 1293 creatam,
376 1265 459 1296 quae,
475 1256 622 1296 inquam,
635 1256 675 1286 sit
689 1256 793 1294 gratia
808 1255 984 1294 singularis

207 1319 364 1349 personae.

249 1365 279 1393 2.
300 1363 391 1401 Item,
407 1363 484 1402 quia
499 1362 642 1393 Christus
658 1363 703 1392 est
718 1361 803 1392 filius
818 1362 982 1399 naturalis,

209 1424 275 1446 non
297 1418 399 1455 potest
422 1425 489 1446 esse
511 1416 597 1445 tilius
617 1424 674 1455 per
689 1415 827 1453 gratiam
842 1415 983 1454 acloptio-

211 1468 261 1499 nis
286 1478 326 1499 ex
354 1471 442 1508 parte
471 1470 595 1499 naturae
622 1471 793 1508 assumptae
811 1477 889 1507 ergo
911 1477 985 1498 cum

211 1522 353 1554 Christus
367 1523 406 1552 sit
421 1532 439 1552 a
454 1523 545 1554 Patre
561 1522 693 1552 dilectus
709 1524 745 1552 ut
759 1530 894 1561 persona
907 1530 987 1552 coae-

211 1578 312 1614 terna,
335 1575 462 1606 videtur
482 1575 568 1615 quod
582 1575 671 1605 nulla
682 1575 722 1605 sit
737 1575 883 1614 ponenda
900 1574 933 1604 in
948 1583 985 1605 eo

209 1629 315 1668 gratia
329 1630 443 1665 creata,
460 1638 516 1668 per
528 1637 626 1668 quam
642 1628 697 1658 fiat
712 1630 857 1667 acceptus
872 1630 907 1658 ut
922 1628 985 1658 sin-

209 1682 331 1721 gularis
346 1691 491 1721 persona.

248 1737 277 1766 3.
296 1735 373 1765 Item
390 1735 430 1765 ad
450 1735 511 1765 hoc
534 1734 627 1765 datur
643 1734 736 1764 nobis
752 1734 855 1773 gratia
869 1734 984 1773 singu-

207 1790 283 1821 laris
298 1798 443 1830 personae
452 1813 462 1828 ,
486 1792 523 1820 ut
546 1798 603 1829 per
624 1789 712 1819 illam
731 1788 907 1819 efficiamur
923 1789 984 1819 Deo

207 1843 328 1874 similes
343 1854 348 1872 :
367 1843 421 1873 sed
436 1842 487 1872 ille
503 1851 567 1872 non
582 1844 709 1872 tantum
722 1843 768 1872 est
784 1841 845 1872 Deo
860 1841 982 1880 similis,

207 1897 273 1927 imo
302 1896 398 1926 etiam
426 1895 510 1926 Deus
534 1904 638 1934 :ergo
661 1895 787 1926 videtur
808 1895 893 1935 quod
920 1904 984 1926 non

208 1951 301 1989 egeat
308 1950 391 1980 dono
407 1951 519 1980 creatae
536 1951 660 1988 gratiae.

249 2005 278 2033 4.
296 2002 374 2032 Item
386 2001 528 2033 Verbum
538 2002 716 2032 increatum
726 2002 856 2032 unitum
866 2002 984 2033 animae

210 2056 322 2087 Christi
338 2080 345 2094 ‚
365 2057 395 2086 et
410 2056 480 2095 ejus
498 2055 646 2095 potentiis
658 2078 666 2092 ,
682 2057 784 2094 potest
807 2064 860 2085 eas
878 2055 984 2085 effica-

210 2109 333 2140 cissime
354 2118 482 2148 regere,
509 2110 539 2139 et
553 2109 593 2139 ad
606 2109 690 2139 hona
705 2108 898 2148 perficienda
921 2108 985 2138 ele-

210 2171 285 2194 vare
300 2173 306 2193 ε
324 2162 378 2193 sed
403 2171 468 2193 non
482 2163 606 2201 oportet
621 2161 690 2192 fieri
706 2170 762 2201 per
777 2161 880 2200 plura,
899 2161 985 2201 quod

209 2215 403 2246 sufficienter
418 2218 448 2246 et
462 2215 598 2255 perfecte
622 2217 723 2255 potest
747 2215 816 2245 fieri
832 2224 887 2254 per
901 2224 985 2254 pau-

210 2269 296 2300 ciora
313 2280 319 2300 :
338 2269 465 2300 videtur
481 2277 559 2307 ergo
575 2268 660 2308 quod
676 2268 710 2298 in
730 2268 851 2299 Christo
866 2277 932 2299 non
946 2268 986 2299 sit

212 2322 356 2361 ponenda
370 2322 474 2361 gratia
489 2323 605 2352 creata.

242 2401 323 2460 :Dlish
336 2407 431 2425 xvu.—
441 2401 614 2426 ²Gonnoi-dat.
625 2401 651 2426 S.
667 2401 787 2432 Thomas,
803 2409 828 2432 p.
846 2402 887 2432 111,
899 2409 924 2433 q.
938 2407 985 2431 vu,

212 2441 240 2458 ar
253 2453 259 2460 .
290 2450 299 2460 .

1751 177 1809 205 279

1317 316 1531 347 CONCLUSIO.

1036 404 1134 430 Gratia
1155 411 1212 437 quae
1235 405 1292 436 fuit
1317 405 1347 429 in
1370 404 1484 436 Christo,
1511 403 1567 436 fnit
1589 403 1681 436 qratia
1703 404 1811 434 creata,

1073 449 1195 474 animam
1210 450 1297 482 ipsius
1312 449 1363 474 Deo
1379 449 1544 481 assimilans,
1563 449 1587 474 et
1601 449 1690 481 ipsam
1703 447 1814 473 reddens

1073 493 1108 518 ad
1131 494 1255 519 unionem
1281 493 1421 524 idoneam,
1446 494 1526 526 atque
1546 492 1582 518 ad
1606 492 1731 518 meritum
1749 499 1812 525 per-

1070 538 1177 569 sectam.

1078 615 1171 655 Resp.
1186 616 1225 646 ad
1239 625 1309 655 arg.
1330 616 1503 646 Dicendum
1520 616 1605 655 quod
1620 616 1740 655 absque
1753 616 1813 646 du-

1037 669 1090 700 bio
1112 669 1145 699 in
1169 669 1292 699 Christo
1315 671 1363 699 est
1390 678 1509 709 ponere
1538 669 1659 699 donum
1687 669 1813 707 gratiae,

1039 731 1111 762 quae
1127 722 1257 762 quidem
1272 723 1376 761 gratia
1390 723 1504 753 dicitur
1520 722 1624 761 gratia
1642 722 1817 760 singularis

1039 785 1183 815 personae
1208 786 1214 805 :
1239 777 1270 806 et
1294 775 1363 806 haec
1380 775 1509 814 quidem
1526 775 1647 805 donum
1665 777 1711 805 est
1726 784 1816 805 crea-

1039 831 1109 860 tum
1124 830 1145 859 ².
1163 829 1202 859 Et
1217 830 1297 859 ratio
1318 829 1417 868 hujus
1439 830 1504 866 est,
1521 828 1596 868 quia
1614 828 1676 858 tale
1695 828 1816 858 donum

1039 882 1154 921 gratiae
1178 882 1320 912 animam
1344 882 1406 913 Deo
1421 882 1591 919 assimilat,
1608 884 1640 912 et
1655 882 1695 912 ad
1719 882 1817 913 bonas

1040 936 1249 975 operationes,
1269 937 1299 965 et
1315 935 1503 973 meritorias,
1520 935 1711 965 exercendas
1724 935 1816 965 hahi-

1039 989 1119 1020 litat.
1137 988 1292 1026 Quoniam
1319 998 1397 1027 ergo
1420 989 1527 1018 anima
1547 988 1660 1019 Christi
1678 988 1817 1019 111111161-

1040 1042 1160 1078 formis,
1177 1044 1207 1072 et
1222 1042 1260 1072 ad
1275 1043 1355 1072 hene
1373 1042 1572 1081 operandum
1591 1042 1718 1079 habilis,
1739 1041 1815 1072 alio-

1040 1096 1117 1135 quin
1133 1105 1197 1126 non
1214 1095 1322 1125 suisset
1338 1095 1450 1125 idonea
1465 1096 1503 1126 ad
1518 1096 1689 1133 unionem,
1707 1104 1765 1125 nec
1779 1096 1816 1126 ad

1041 1148 1145 1178 meriti
1168 1149 1418 1187 perfectionem3
1444 1148 1513 1178 ideo
1543 1157 1669 1179 necesse
1698 1148 1758 1178 fuit
1785 1148 1818 1178 iu

1041 1201 1153 1231 Christi
1179 1201 1288 1231 anima
1308 1201 1441 1240 reperiri
1465 1201 1586 1231 donum
1606 1201 1677 1231 talis
1692 1202 1816 1240 gratiae.

1044 1254 1082 1285 Et
1107 1264 1146 1284 ex
1166 1254 1276 1284 eadem
1299 1263 1393 1284 causa
1414 1262 1539 1284 necesse
1559 1254 1618 1283 fuit
1632 1254 1737 1292 ipsum
1752 1263 1819 1285 esse

1045 1310 1198 1346 creatum,
1213 1310 1250 1338 ut
1262 1308 1404 1338 animam
1424 1310 1528 1347 posset
1544 1308 1729 1346 informare,
1746 1309 1818 1338 tan-

1045 1370 1141 1400 quam
1174 1361 1436 1401 perfectissimum
1473 1370 1569 1391 suum
1605 1361 1796 1400 perfectibile
1809 1385 1816 1399 ,

1042 1415 1126 1453 quod
1141 1415 1313 1445 informare
1328 1415 1433 1452 habet,
1450 1416 1479 1444 et
1494 1416 1531 1444 ut
1546 1414 1701 1454 potentias
1716 1417 1819 1454 posset

1041 1468 1220 1503 habilitate,
1247 1467 1329 1497 sicut
1352 1467 1488 1507 qualitas
1516 1476 1611 1497 suun]
1639 1468 1818 1507 subjectum

1042 1521 1137 1551 habet
1152 1521 1346 1560 qualificare.
1364 1520 1401 1551 Et
1415 1521 1485 1551 ideo
1506 1522 1581 1551 sunt
1605 1521 1816 1552 concedendae

1042 1576 1180 1606 rationes
1189 1575 1249 1605 hoc
1262 1575 1474 1605 ostendentes

1084 1631 1111 1658 1.
1129 1628 1175 1658 Ad
1200 1628 1277 1658 illud
1301 1630 1409 1658 autem
1432 1627 1517 1667 quod
1540 1627 1643 1666 primo
1658 1628 1816 1667 objicitur,

1041 1681 1125 1720 quod
1147 1681 1253 1719 gratia
1276 1681 1449 1719 singularis
1473 1689 1617 1719 personae
1642 1683 1746 1712 creata
1772 1683 1818 1712 est

1041 1733 1073 1763 111
1102 1742 1238 1772 persona
1261 1736 1384 1770 creata,
1409 1733 1579 1763 dicendum
1603 1734 1688 1772 quod
1715 1734 1819 1772 gratia

1041 1786 1216 1825 singularis
1239 1795 1384 1826 personae
1408 1795 1473 1816 non
1500 1786 1615 1816 dicitur
1632 1787 1717 1826 quod
1733 1787 1772 1817 sit
1784 1787 1817 1817 in

1041 1849 1106 1870 una
1119 1849 1253 1879 persona
1267 1840 1444 1870 secundum
1467 1840 1622 1870 rationem
1638 1841 1816 1877 personali—

1041 1893 1124 1931 tatis,
1142 1893 1176 1923 in
1190 1896 1349 1933 quantum
1371 1902 1516 1932 persona,
1535 1894 1587 1924 sed
1602 1894 1680 1933 quia
1694 1894 1775 1924 inest
1789 1894 1817 1924 ei

1040 1946 1162 1976 ratione
1177 1946 1312 1986 aliquus
1328 1947 1435 1986 partis,
1452 1947 1496 1977 ita
1510 1950 1618 1977 tamen
1637 1947 1721 1986 quod
1741 1956 1818 1986 gra—

1040 2000 1084 2030 tia
1106 1999 1150 2029 sic
1171 2000 1253 2030 dicta
1277 2000 1404 2039 respicit
1427 2000 1513 2030 illius
1536 2009 1680 2039 personae
1706 2000 1818 2030 merita

1042 2053 1180 2092 propria.
1198 2052 1350 2089 Quamvis
1365 2055 1473 2083 autem
1488 2053 1521 2083 in
1538 2052 1659 2083 Christo
1681 2053 1721 2083 sit
1745 2062 1816 2092 per-

1041 2106 1189 2136 sonalitas
1210 2107 1359 2144 increata,
1375 2108 1482 2136 tamen
1497 2106 1550 2136 illa
1568 2115 1703 2145 persona
1722 2106 1817 2136 habet

1042 2161 1189 2189 naturam
1208 2162 1357 2197 creatam,
1375 2159 1516 2189 animam
1532 2158 1688 2195 videlicet,
1703 2161 1733 2188 et
1748 2167 1815 2188 car-

1041 2221 1115 2242 nem
1132 2221 1140 2243 ε
1157 2214 1188 2243 et
1212 2212 1292 2242 nihil
1319 2212 1452 2251 impedit
1477 2211 1557 2251 quin
1583 2211 1687 2250 gratia
1713 2213 1817 2241 creata

1041 2265 1137 2306 possit
1161 2275 1228 2296 esse
1251 2265 1284 2295 in
1309 2265 1432 2296 Christo
1457 2265 1635 2295 secundum
1657 2264 1726 2303 ejus
1747 2263 1816 2293 aui-

1040 2328 1139 2356 mam,
1162 2327 1235 2358 quae
1252 2320 1356 2349 creata
1377 2319 1441 2356 est,
1460 2319 1491 2348 et
1506 2326 1579 2357 quae
1600 2318 1647 2348 est
1660 2318 1729 2355 ejus
1745 2324 1817 2355 pars

1040 2373 1163 2403 ratIOne
1183 2372 1337 2402 humanae
1360 2373 1495 2401 naturae.
1514 2370 1582 2410 Ipse
1608 2371 1716 2400 autem
1733 2368 1817 2408 obji-

1041 2426 1102 2464 cit,
1125 2435 1161 2456 ac
1185 2425 1210 2455 si
1235 2425 1306 2455 talis
1321 2424 1426 2464 gratia
1440 2425 1520 2454 esset
1540 2423 1574 2453 in
1595 2430 1730 2462 persona
1751 2430 1817 2452 non

1040 2479 1163 2511 ratione
1183 2478 1320 2518 aliquus
1334 2477 1432 2518 partis
1443 2500 1451 2515 ‚
1469 2476 1521 2507 sed
1533 2476 1656 2507 ratione
1671 2483 1817 2515 persona-

1041 2532 1147 2563 litatis.

1080 2586 1110 2616 2.
1138 2584 1186 2616 Ad
1208 2584 1286 2615 illud
1307 2582 1393 2624 quod
1411 2582 1559 2622 objicitur
1572 2605 1580 2618 ,
1596 2581 1683 2621 quod
1703 2581 1814 2612 filiatio

1041 2637 1218 2679 adoptionis
1238 2647 1305 2670 non
1330 2638 1432 2678 potest
1455 2637 1538 2666 stare
1560 2644 1635 2666 cum
1661 2635 1814 2667 filiatione
