1997 2986
252 278 306 299 XV!

251 345 462 384 promulgata.
480 357 493 374 n
516 365 517 368 =
535 346 608 375 Dist.
625 354 700 381 xvn,
717 347 795 384 part.
815 344 851 381 ll,
870 346 928 374 art.
951 347 975 381 ι,
991 353 1021 382 q.
1038 353 1080 380 ni,
1099 344 1131 373 in
1147 345 1243 383 corp.i
1261 361 1299 366 —
1320 356 1333 373 (r
1349 345 1600 375 tloniirniationis
1614 347 1848 376 sacramentum

249 406 392 437 Christus
411 416 475 437 non
489 407 624 437 instituit
642 417 646 436 :
665 407 740 446 quia
759 406 920 436 credentes
941 408 1010 445 post
1024 406 1241 436 ascensionem
1257 407 1326 445 eJus
1345 408 1434 436 erant
1455 408 1676 438 confirmandi.
1698 407 1849 438 Formam

249 468 347 508 hujus
371 469 578 506 sacramenti,
603 468 737 498 dictante
763 467 883 508 Spiritu
907 467 1037 506 Sancto,
1065 468 1206 508 Apostoli
1238 468 1444 500 instituerunt
1466 480 1472 499 ι
1497 470 1691 501 elementum
1714 472 1850 501 rectores

250 530 406 567 Ecclesiae,
424 530 544 570 Spiritu
559 530 674 561 Sancto
688 530 834 561 dictante.
851 542 864 559 »
887 530 976 569 (Dist.
992 539 1046 568 vn,
1061 532 1119 561 art.
1139 533 1167 568 t,
1184 540 1215 570 q.
1234 540 1267 569 ιι,
1282 531 1315 561 in
1333 540 1419 571 corp.
1424 539 1492 571 j—-a
1508 531 1667 563 Extremae
1690 532 1850 564 Unctionis

248 595 481 623 sacramentum
504 593 543 622 ab
566 592 736 632 Apostolis,
761 592 882 632 Spiritu
904 592 1017 622 Sancto
1047 592 1202 631 dictante,
1228 593 1287 624 fuit
1314 594 1517 632 institutum;
1543 595 1596 625 sed
1619 604 1675 635 per
1703 597 1848 625 sanctum

247 655 400 686 Jacobum
428 655 686 695 promulgatum,
726 655 807 685 sicut
849 655 944 685 etiam
983 655 1236 686 confirmationis
1275 658 1306 686 et
1351 656 1556 687 confessionis
1599 658 1845 687 sacramentum.

249 717 387 757 Apostoli
408 717 521 755 etiam,
549 718 594 755 si,
618 717 737 757 Spiritu
760 717 873 748 Sancto
895 717 1050 755 dictante,
1078 718 1213 748 formam
1238 718 1391 758 Baptismi
1415 728 1433 749 a
1455 718 1577 749 Christo
1612 718 1793 748 institutam
1820 720 1851 748 et

248 781 479 816 confirmatam,
496 780 533 810 ad
549 782 675 819 tempus
690 782 908 818 mutaverunt,
926 783 1046 820 quanto
1061 781 1178 820 magis,
1199 781 1284 820 quod
1303 781 1447 812 Christus
1470 781 1664 818 insinuavit,
1686 781 1849 811 instituere

248 844 440 882 potuerunt?
456 855 470 871 ι)
492 842 582 881 tDist.
601 852 690 880 xxm,
707 846 766 874 art.
783 844 812 880 4,
829 851 860 882 q.
878 852 909 880 n,
928 843 961 873 in
977 852 1061 883 corp.
1075 874 1078 881 ¹

288 906 362 937 Haec
386 908 482 944 sunt,
506 915 578 946 quae
602 906 787 945 scrupulum
826 906 954 945 injicere
990 908 1123 945 queunt.
1149 906 1209 937 Sed
1234 907 1267 936 in
1297 906 1438 946 eiusdem
1469 905 1608 936 Doctoris
1638 905 1849 945 Breviloquzb,

247 971 326 1008 part.
344 968 394 1006 Vl,
412 978 480 1008 cap.
495 977 538 1005 ιν,
557 969 645 999 docte
660 968 802 1008 quidem,
828 970 863 998 ut
877 968 996 1005 omnia,
1013 968 1214 1008 explicantur
1236 969 1269 998 in
1293 969 1376 999 hanc
1401 969 1575 999 verborum
1595 969 1733 999 formam
1749 979 1755 998 ε
1779 967 1850 998 «De

247 1030 445 1061 institutione
460 1032 733 1061 sacramentorum
751 1030 813 1061 hoc
836 1031 1012 1061 tenendum
1039 1033 1103 1069 est,
1132 1032 1218 1071 quod
1243 1034 1439 1062 sacramenta
1461 1032 1543 1070 legis
1570 1032 1682 1071 gratiae
1707 1030 1851 1062 Christus

246 1092 394 1130 instituit,
410 1094 563 1132 tanquam
577 1092 653 1123 novi
667 1091 858 1123 Testamenti
882 1093 1048 1130 mediator,
1072 1096 1102 1124 et
1126 1094 1308 1134 praecipuus
1331 1094 1412 1125 lator
1433 1093 1514 1133 legis
1544 1105 1550 1124 z
1575 1094 1608 1124 in
1633 1102 1698 1133 qua
1722 1092 1850 1124 vocavit

247 1154 285 1184 ad
310 1155 466 1193 promissa
489 1156 624 1192 aeterna,
651 1155 735 1185 dedit
760 1156 917 1195 praecepta
936 1155 1108 1194 dirigentia
1121 1180 1128 1193 ‚
1151 1158 1182 1186 et
1203 1155 1343 1186 instituit
1359 1158 1557 1187 sacramenta
1574 1155 1814 1186 sanctificantia.
1831 1166 1845 1183 n

247 1218 283 1249 Et
295 1218 377 1248 infra
389 1217 495 1249 subdit
511 1228 518 1248 1
540 1228 555 1246 α
571 1216 709 1247 Instituit
729 1219 836 1247 autem
854 1217 1004 1257 praedicta
1025 1220 1221 1248 sacramenta
1247 1218 1460 1248 diversimode
1483 1228 1489 1248 x
1507 1217 1656 1257 quaedam
1679 1217 1796 1247 scilicet
1810 1225 1850 1247 ex

245 1281 289 1310 eis
310 1279 549 1316 confirmando,
577 1279 799 1319 approbando,
825 1281 855 1310 et
878 1281 1146 1318 consummando,
1174 1283 1210 1310 ut
1238 1280 1504 1316 matrimonium,
1532 1282 1562 1310 et
1592 1279 1815 1320 poenitentiam
1841 1290 1848 1316 ;

245 1342 392 1382 quaedam
407 1344 514 1372 autem
529 1341 734 1379 insinuando,
761 1344 791 1371 et
810 1341 982 1380 initiando,
1005 1344 1040 1372 ut
1061 1343 1354 1380 confirmationem,
1375 1344 1405 1372 et
1430 1342 1614 1373 unctionem
1640 1344 1818 1372 extremam
1836 1351 1845 1380 ;

247 1404 395 1444 quaedam
409 1413 486 1435 vero
499 1404 664 1441 initiando,
681 1406 711 1434 et
723 1404 993 1442 consummando,
1019 1407 1049 1435 et
1070 1405 1103 1434 in
1124 1405 1292 1445 semetipso
1315 1405 1516 1445 suscipiendo
1528 1427 1537 1442 ‚
1557 1406 1595 1435 ut
1614 1405 1849 1436 sacramentum

248 1466 411 1506 baptismi,
428 1466 648 1504 Eucharistiae,
665 1468 696 1497 et
711 1466 846 1497 Ordinis.
865 1466 940 1496 Haec
954 1466 1040 1497 enim
1055 1466 1115 1497 tria
1129 1469 1160 1498 et
1173 1467 1354 1507 plenissime
1369 1467 1529 1505 instituit,
1555 1468 1585 1497 et
1605 1466 1703 1497 etiam
1727 1466 1851 1506 primus

244 1528 390 1568 suscepit.
414 1540 428 1557 »
457 1529 531 1561 Haec
551 1531 679 1560 sanctus
701 1529 934 1560 Bonaventura.
964 1529 1050 1560 idem
1076 1529 1140 1560 sere
1164 1529 1196 1559 in
1221 1529 1427 1569 Centiloquw,
1454 1531 1534 1569 part.
1556 1528 1610 1565 ΙΙΙ,
1638 1529 1712 1559 sect.
1744 1536 1847 1564 xrvn;

245 1592 277 1622 in
294 1591 484 1632 compendio
499 1593 677 1632 theoloqz'coe
691 1593 853 1631 veritatis,
870 1593 923 1623 lib.
941 1602 985 1631 v1,
1004 1602 1072 1633 cap.
1089 1602 1132 1623 111.

286 1655 333 1686 Ex
356 1655 417 1686 hac
438 1656 640 1687 distinctione
659 1656 871 1687 diversimode
894 1656 1080 1688 instituendi
1103 1657 1323 1693 sacramenta,
1353 1655 1436 1685 clare
1466 1654 1682 1694 dignoscitur,
1707 1662 1849 1694 quonam

246 1717 340 1748 modo
361 1718 443 1748 dicta
463 1718 563 1748 sancti
591 1717 825 1749 Bonaventurae
845 1718 883 1748 de
899 1719 1105 1750 sacramentis
1127 1717 1160 1748 in
1185 1719 1300 1757 quarto
1315 1717 1395 1747 libro
1414 1716 1649 1747 Sententiarum
1662 1739 1669 1753 ,
1695 1715 1849 1755 superiori

244 1779 313 1810 loco
336 1779 514 1819 proposita,
545 1780 682 1820 intelligi
705 1782 737 1811 et
768 1780 918 1820 explicari
949 1783 1077 1820 queant.
1108 1781 1136 1812 Is
1164 1781 1251 1811 enim
1282 1780 1411 1818 Doetor,
1446 1780 1523 1811 dum
1556 1780 1664 1810 omnia
1702 1777 1850 1810 Ecclesiae

245 1845 443 1873 sacramenta
457 1852 476 1873 a
490 1842 565 1874 Jesu
580 1842 701 1874 Christo
714 1842 848 1873 Domino
862 1845 971 1874 nostro
992 1843 1137 1874 instituta
1152 1843 1247 1874 fuisse
1269 1844 1403 1882 fatetur,
1425 1853 1462 1874 ac
1484 1843 1595 1880 docet,
1616 1853 1635 1874 a
1660 1839 1849 1873 sacrosancti

248 1904 371 1936 concilii
390 1904 564 1937 Tridentini
585 1914 705 1937 canone
724 1906 839 1945 primo,
867 1915 942 1937 sess.
969 1916 1024 1945 vn,
1046 1915 1111 1938 non
1135 1908 1182 1937 est
1209 1906 1345 1943 alienus,
1374 1906 1498 1937 etiamsi
1531 1915 1606 1937 eum
1637 1907 1711 1936 ante
1732 1903 1850 1935 dictam

248 1965 408 2005 synodum
421 1968 466 1997 tot
485 1975 644 1998 annorum
661 1966 832 1997 intervallo
846 1967 990 1998 floruisse
1013 1969 1142 1999 constet.
