2017 2960
69 1026 162 1047 Divisio.

801 171 990 203 DISTINCT.
1019 169 1139 202 XXVII.

171 241 358 286 expellere?
374 241 419 275 sic
432 245 465 274 et
478 253 537 275 nos
550 241 691 275 invicem
706 240 897 283 diligamus,
914 243 963 280 ut,
980 242 1143 283 quantum
1159 246 1348 280 possumUS,
1364 234 1505 267 invicem
1525 235 1565 267 ad
1586 235 1773 268 habendum

170 301 205 332 in
221 299 316 332 nobis
329 299 434 332 Deum
450 311 490 332 ex
504 299 677 332 dilectione
692 297 896 331 attrahamus
915 297 971 340 (a).

1715 170 1772 198 595

217 357 280 390 Sed
300 368 374 402 quae
394 357 454 390 hac
477 357 649 390 dilectione
672 355 839 399 diligenda
861 354 943 395 sint,
965 354 1033 397 jan]
1057 352 1276 397 inquiramus
1307 350 1380 384 Non
1403 350 1491 383 enim
1516 349 1644 391 omnia,
1668 352 1704 381 ut
1731 350 1776 382 ait
1826 360 1877 394 013ae

171 415 380 458 Augustinus
394 416 418 458 ¹,
435 416 556 460 quibus
572 414 744 456 utendum,
761 412 928 456 diligenda
942 415 1033 450 sunt;
1051 410 1105 443 scd
1124 422 1159 442 ea
1173 410 1254 450 sola,
1272 420 1344 453 quae
1360 409 1412 442 vel
1433 408 1602 441 nobiscum
1625 407 1775 440 societate
1799 391 1909 449 ‹ciiiigssiiiia

1826 456 1881 473 sunt.

172 473 315 517 quadam
331 474 520 506 referuntur
534 473 569 506 in
584 473 703 514 Deum,
720 472 803 504 sicut
822 474 869 503 est
883 470 981 503 homo
1006 469 1057 501 vel
1083 468 1239 510 angelus;
1256 467 1308 499 vel
1333 467 1372 499 ad
1399 477 1457 499 nos
1476 466 1578 499 relata
1591 491 1599 507 ,
1618 464 1776 498 beneficio

173 531 231 564 Dei
248 542 304 575 per
318 543 378 564 nos
390 531 559 575 indigent,
583 534 621 564 ut
645 541 781 574 corpus,
808 528 897 573 quod
924 532 935 548 ²
958 527 1003 559 ita
1026 525 1282 570 praecipiendum
1311 528 1358 557 est
1379 523 1489 567 diligi,
1516 527 1554 556 ut
1574 523 1604 556 ei
1629 523 1777 556 ordinate

173 588 419 633 prudenterque
432 588 635 622 consulatur.
655 601 672 619 »

337 674 374 713 (b)
400 672 604 704 EXPOSITIO
626 671 792 703 TEXTUS.

175 758 239 781 Cum
250 760 336 782 autem
351 757 464 781 Christus
476 757 551 781 fidem
565 758 591 780 et
605 763 676 787 spem
689 763 742 780 non
757 755 874 779 habuerit
884 773 892 785 ,
905 755 953 778 etc.

217 834 252 864 In
266 833 521 873 praecedentibus
534 832 602 872 egit
615 832 767 872 Magister
779 832 816 862 de
830 831 955 862 duabus

175 886 352 918 virtutibus
374 886 583 925 theologicis,
607 885 754 917 videlicet
780 885 818 915 de
841 884 904 914 fide
925 885 956 914 et

176 949 249 980 spe·,
266 940 318 971 hic
331 939 477 979 sequitur
490 940 583 970 tertia
595 948 680 978 pars,
697 939 731 968 in
745 947 808 978 qua
820 937 956 968 intendit

177 1002 274 1033 agere
284 993 322 1024 de
333 993 497 1024 charitate.
510 992 669 1023 Dividitur
680 993 793 1022 autem
812 991 871 1021 ista
883 1000 956 1030 pars

177 1048 211 1078 in
235 1057 292 1078 sex
312 1049 433 1087 partes,
458 1045 635 1077 secundum
661 1055 718 1076 sex
742 1044 956 1076 distinctiones

179 1111 257 1142 quas
285 1101 443 1138 continet;
471 1101 504 1130 in
529 1109 668 1140 quarum
693 1100 798 1139 prima
824 1099 891 1138 agit
918 1099 956 1129 de

178 1155 331 1186 charitate
347 1156 506 1194 quantum
522 1153 560 1183 ad
577 1154 647 1192 ejus
666 1153 835 1183 essentiam
853 1154 884 1182 et
897 1151 956 1183 dif-

179 1209 376 1245 finitionem3
394 1208 426 1237 in
439 1206 578 1237 secunda
592 1215 669 1237 vero
683 1207 841 1245 quantum
858 1206 897 1236 ad
913 1206 958 1236 di-

178 1261 349 1301 ligibilium
374 1269 547 1292 numerum
571 1261 602 1289 et
626 1259 882 1296 distinctionem,
906 1259 955 1289 in-

179 1315 245 1345 fra³
261 1325 268 1344 τ
284 1314 345 1345 Hic
367 1313 469 1353 qnoerz'
489 1314 598 1352 polest,
616 1315 724 1344 utrum
740 1311 795 1343 illo
818 1312 954 1344 manda-

180 1372 223 1406 to,
240 1369 298 1398 etc.
309 1367 347 1397 In
361 1366 454 1397 tertia
468 1374 556 1403 vero,
574 1367 732 1404 quantum
749 1365 789 1396 ad
804 1365 957 1404 diligendi

180 1420 346 1458 ordinem,
361 1418 464 1450 intrat
479 1429 485 1449 :
503 1419 577 1450 Post
598 1418 758 1458 iamdicta
781 1419 820 1450 (Ie
843 1419 958 1451 ordine

180 1474 352 1506 charitacis
361 1497 370 1512 ,
385 1475 443 1504 etc.
461 1473 497 1503 In
509 1474 624 1512 quarta
638 1482 727 1508 vero,
745 1475 903 1512 quantum
919 1473 958 1504 ad

183 1527 288 1558 meriti
302 1526 541 1567 perfectionem,
560 1525 643 1556 infra
657 1526 667 1543 ⁵
684 1537 690 1556 :
707 1526 769 1557 Hic
785 1527 889 1566 quoerz·
908 1534 959 1558 80-

183 1581 225 1613 let
254 1580 336 1620 quid
360 1581 469 1619 potius
496 1575 560 1616 sii,
584 1579 749 1619 plurisque
772 1580 894 1611 meriti.
924 1579 959 1610 In

183 1635 295 1675 quinta
318 1643 406 1672 vero,
421 1635 578 1673 quantum
603 1633 642 1663 ad
669 1633 769 1673 ipsius
799 1633 960 1664 charitatis

183 1687 400 1725 durationem,
415 1686 498 1717 infra
511 1689 520 1705 ‘⁵
542 1696 548 1716 :
575 1686 662 1717 Illud
682 1695 804 1726 quoque
827 1690 960 1726 proeter-

183 1740 378 1773 mittendum
398 1747 463 1771 non
485 1742 540 1778 esc,
558 1741 616 1770 etc.
644 1739 679 1769 In
705 1742 795 1770 sexta
819 1749 909 1778 vero,
927 1741 961 1771 in

184 1793 420 1834 comparatione
441 1793 481 1824 ad
496 1795 650 1824 aeternam
665 1793 864 1824 dilectionem
877 1818 884 1831 ,
908 1794 961 1824 in-

183 1848 253 1878 fra⁷
268 1859 275 1878 ;
293 1846 462 1879 Proedictis
486 1846 709 1886 adjiciendum
729 1850 775 1879 est
799 1847 838 1879 de
862 1847 962 1879 dilec-

185 1902 270 1933 tione
291 1902 365 1939 Dei,
383 1902 440 1931 etc.
469 1900 577 1931 Prima
605 1909 698 1940 pars,
725 1910 798 1941 quae
822 1901 963 1932 continet

184 1956 375 1995 praesentem
391 1953 643 1992 distinctionem,
661 1954 815 1985 dividitur
829 1955 863 1984 in
883 1955 963 1985 duas

187 2010 306 2048 partes,
323 2008 357 2038 in
371 2017 512 2048 quarum
526 2007 631 2047 prima
645 2007 836 2038 determinat
850 2008 964 2048 Magis-

187 2064 235 2092 ter
247 2062 285 2092 de
299 2062 366 2101 ipsa
382 2061 534 2092 charitate
549 2062 707 2100 quantum
723 2061 763 2091 ad
775 2062 845 2101 ejus
859 2070 964 2092 essen-

189 2115 266 2146 tiam
281 2116 312 2145 et
326 2114 494 2153 unitatem3
508 2114 541 2144 in
556 2114 694 2145 secunda
704 2123 792 2152 vero,
805 2116 963 2154 quantum

188 2168 229 2199 ad
243 2169 313 2208 ejus
327 2170 434 2198 actum
447 2170 477 2198 et
488 2168 622 2198 modum
633 2191 640 2204 ‚
657 2167 701 2197 ibi
715 2179 721 2198 :
737 2168 965 2208 consequenter

188 2221 316 2253 modum
344 2222 511 2261 utriusque
539 2221 723 2253 dilectionis
748 2222 963 2254 advertamus.

189 2275 298 2306 Prima
311 2285 384 2315 pars
400 2275 554 2306 dividitur
576 2275 609 2305 in
633 2277 772 2315 quatuor
792 2278 897 2315 partes
910 2300 918 2315 ,
932 2276 966 2306 in

189 2337 329 2368 quarum
353 2328 458 2368 prima
478 2328 643 2359 continuat
664 2330 787 2368 partem
810 2329 903 2359 istam
927 2329 967 2360 ad

189 2382 397 2421 praecedentis
410 2381 510 2422 partis
524 2381 767 2421 inquisitionem
780 2391 787 2420 ;
804 2382 838 2413 in
852 2392 968 2414 secun-

191 2434 231 2465 da
244 2444 320 2466 vero
335 2437 424 2475 parte
439 2435 529 2475 ponit
549 2434 712 2466 charitatis
726 2435 947 2467 diffinitionem
959 2461 966 2475 ,

224 2504 231 2520 ¹
250 2505 365 2534 Αιιςιιεῒ.1
381 2504 410 2527 de
423 2504 492 2528 Doct.
509 2503 608 2529 christ„
625 2504 669 2528 lib.
689 2504 708 2533 1,
722 2512 744 2528 c.
762 2511 839 2534 xxm,
851 2513 877 2529 n.
889 2507 928 2529 ΕΞ.
940 2519 969 2524 -

193 2539 201 2553 ²
217 2539 290 2567 lbz'tl..
312 2547 334 2563 e.
354 2545 414 2570 xxv,
428 2547 455 2563 n.
466 2542 506 2564 26.
518 2552 547 2557 —
561 2541 569 2554 ³
580 2540 788 2564 Dist.xXV111.—
800 2541 810 2558 δ
821 2541 883 2565 Dist.
895 2547 969 2565 xxix.

225 2587 255 2615 (ιι)
271 2586 332 2610 Coet.
354 2586 415 2610 edit.
435 2586 602 2610 attrahamur.
614 2599 643 2604 -
656 2586 686 2616 (ὁ)
709 2587 770 2610 Caet.
792 2587 852 2611 edit.
871 2590 971 2618 ponunt

191 2622 232 2645 hic
249 2621 272 2645 iu
289 2621 360 2645 titulo
376 2628 381 2645 2
397 2622 432 2644 De
443 2621 567 2646 charitate
577 2623 697 2652 quantum
707 2622 741 2646 αιΙ
752 2623 806 2654 ejus
820 2625 952 2647 essentiam
964 2642 970 2653 ,

191 2659 215 2682 el
222 2657 408 2689 diffinitionem.
418 2671 448 2675 —
460 2656 491 2687 (e)
501 2657 542 2680 Ae.
553 2658 594 2681 ad.

1010 668 1053 699 ihi
1071 678 1078 699 z
1097 668 1244 700 Charitas
1262 668 1308 698 est
1322 666 1469 704 dilectio,
1482 667 1540 696 etc.
1557 666 1592 696 ln
1605 666 1696 697 tertia
1710 675 1787 698 vero

1010 723 1173 761 comparat
1187 730 1258 751 eam
1274 720 1313 751 ad
1328 720 1427 750 divini
1443 720 1583 750 mandati
1599 720 1788 759 duplicatio-

1011 784 1084 806 nem
1097 799 1104 813 ,
1122 774 1166 804 ibi
1182 784 1189 804 ε
1208 774 1283 805 Hcec
1300 776 1405 804 autem
1425 773 1515 804 habet
1536 772 1599 804 duo
1618 773 1785 805 mandata.

1012 829 1047 860 In
1063 830 1176 869 quarta
1191 837 1269 859 vero
1284 828 1428 858 removet
1447 826 1678 857 dubitationem
1692 851 1699 864 ,
1716 826 1760 856 ibi
1779 838 1785 857 2

1012 883 1072 914 Hz‘o
1092 882 1259 922 qtloei'itut',
1276 881 1307 912 si
1326 888 1367 912 θα*
1385 889 1421 912 ea
1432 881 1505 919 ipsa
1525 879 1707 918 dilectione,
1727 883 1786 911 ete.

1012 936 1163 967 Similiter
1186 935 1325 965 secunda
1349 943 1422 974 pars
1446 933 1649 974 principalis,
1668 934 1702 964 in
1725 943 1789 973 qua

1011 990 1200 1021 determinat
1215 990 1253 1020 de
1266 989 1335 1029 ipsa
1349 988 1502 1019 charitate
1517 990 1673 1028 quantum
1687 988 1725 1018 ad
1740 998 1790 1018 ac-

1012 1045 1082 1075 tum
1096 1046 1126 1074 et
1140 1043 1272 1074 niodum
1283 1066 1290 1080 ,
1306 1043 1459 1073 dividitur
1474 1043 1506 1072 in
1521 1044 1625 1081 partes
1638 1045 1787 1082 quatuor,

1012 1097 1046 1127 in
1069 1105 1208 1137 quarum
1235 1096 1343 1136 prima
1369 1095 1559 1126 determinat
1580 1096 1653 1135 quis
1676 1095 1790 1126 modus

1012 1151 1096 1181 circa
1109 1151 1215 1180 actum
1233 1149 1396 1180 charitatis
1414 1149 1610 1188 reperiatur;
1629 1149 1661 1179 in
1678 1158 1790 1179 secun-

1013 1203 1052 1233 da
1067 1212 1144 1233 vero
1158 1203 1311 1240 ostendit,
1328 1203 1385 1233 uhi
1400 1202 1452 1232 ille
1467 1202 1581 1232 modus
1597 1202 1788 1239 insinuetur,

1013 1257 1055 1287 ibi
1072 1267 1078 1286 :
1097 1257 1290 1288 Dilectiom's
1308 1259 1414 1287 autem
1429 1255 1491 1286 Dei
1507 1255 1619 1286 modus
1637 1255 1789 1286 insinua-

1014 1313 1082 1348 tur,
1106 1312 1164 1340 etc.
1181 1309 1217 1340 In
1237 1309 1328 1340 tertia
1350 1318 1426 1339 vero
1442 1308 1591 1348 inquirit,
1610 1311 1721 1338 utrum
1737 1308 1789 1338 iile

1014 1366 1128 1396 modus
1148 1365 1182 1395 in
1199 1365 1253 1395 via
1275 1364 1462 1404 impieatur,
1480 1364 1523 1394 ihi
1542 1374 1549 1394 :
1575 1364 1668 1395 Istud
1687 1367 1791 1395 autem

1014 1420 1207 1459 proeceptum
1227 1419 1358 1457 penitus
1383 1426 1447 1449 non
1473 1417 1645 1457 impletur,
1668 1419 1727 1447 etc.
1756 1417 1790 1447 In

1015 1474 1129 1513 quarta
1154 1481 1248 1510 vero,
1276 1474 1307 1502 et
1329 1472 1467 1509 ultima,
1493 1471 1631 1502 ostendit
1657 1471 1793 1510 qualiter

1014 1535 1120 1557 unum
1135 1527 1332 1565 praeceptum
1346 1524 1511 1555 charitatis
1526 1525 1559 1554 in
1574 1524 1672 1554 altero
1688 1524 1731 1554 im
1738 1524 1793 1563 pli-

1015 1582 1124 1617 catur,
1142 1579 1185 1609 ihi
1203 1589 1210 1610 :
1236 1579 1313 1610 Cum
1333 1582 1438 1610 autem
1461 1578 1525 1609 duo
1547 1578 1614 1609 sinz
1632 1580 1792 1616 praecepta

1015 1635 1198 1666 charitatis.
1223 1632 1463 1664 Suhdivisiones
1479 1632 1586 1662 autem
1606 1631 1743 1671 partium
1761 1632 1793 1661 iu

1015 1687 1120 1718 littera
1134 1687 1208 1717 satis
1223 1688 1300 1717 sunt
1316 1686 1505 1716 manifestae.

1351 1785 1420 1806 DUB.
1443 1785 1465 1805 1.

1033 1847 1148 1871 Charitas
1161 1848 1200 1871 est
1213 1847 1330 1877 dilectio,
1345 1854 1395 1878 qua
1409 1847 1519 1878 diligitur
1535 1848 1602 1871 Deus
1617 1849 1721 1878 propter
1736 1855 1762 1871 se
1773 1867 1779 1878 ‚

1215 1885 1240 1907 et
1253 1883 1385 1914 proximus
1399 1885 1505 1914 propter
1517 1884 1608 1907 Deum.

1059 1956 1220 1993 Quaeritur
1242 1957 1337 1996 juxta
1360 1956 1439 1993 hoc,
1463 1965 1539 1986 cum
1568 1956 1678 1987 multae
1703 1956 1796 1986 inve-

1018 2009 1151 2039 niantur
1175 2009 1381 2040 diffinitiones
1405 2010 1444 2040 de
1468 2009 1639 2046 charitate,
1665 2012 1696 2039 et
1722 2018 1796 2039 cum

1019 2063 1116 2093 unius
1135 2063 1259 2092 reinna
1278 2062 1317 2092 sit
1335 2062 1481 2093 diffinitio
1494 2087 1501 2099 ,
1527 2063 1687 2102 quomodo
1702 2063 1741 2093 ab
1761 2063 1796 2101 (c)

1019 2116 1157 2146 invicem
1172 2115 1425 2155 distinguantur.
1447 2115 1566 2147 Praeter
1581 2116 1665 2146 enim
1681 2116 1796 2146 dictam

1021 2170 1243 2201 diffinitionem
1257 2170 1423 2201 invenitur
1446 2171 1578 2201 diffiniri
1602 2172 1641 2201 ab
1664 2172 1798 2210 Augus-

1020 2223 1087 2254 tino
1104 2247 1111 2260 ,
1136 2224 1170 2253 in
1191 2224 1272 2254 libro
1296 2223 1333 2255 de
1351 2225 1493 2256 Moribus
1516 2224 1685 2263 Ecclesiae,
1711 2225 1796 2255 sicflz

1027 2289 1041 2305 «
1056 2277 1197 2308 Charitas
1211 2280 1257 2308 est
1271 2277 1371 2308 animi
1384 2278 1508 2309 affectio
1521 2278 1710 2317 justissima,
1727 2288 1798 2309 con-

1019 2332 1163 2370 jungens
1177 2340 1235 2361 nos
1248 2340 1321 2362 curn
1335 2331 1433 2362 Deo.»
1452 2331 1530 2362 Item
1542 2332 1753 2370 Augustinus,
1766 2332 1800 2362 in

1022 2385 1105 2415 libro
1123 2384 1370 2425 soliloquiorum
1383 2388 1393 2405 ⁹
1407 2396 1416 2415 .·
1441 2397 1455 2414 α
1469 2386 1610 2416 Charitas
1627 2388 1673 2416 est
1686 2386 1799 2422 virtus,

1024 2447 1089 2478 qua
1108 2438 1207 2468 Deum
1224 2438 1350 2477 videre,
1370 2447 1471 2478 eoque
1495 2439 1615 2478 perfrui
1639 2439 1802 2469 desidera—

1023 2501 1106 2523 mus.
1117 2502 1131 2519 »
1151 2492 1229 2523 Item
1244 2493 1277 2522 in
1293 2492 1374 2523 libro
1389 2492 1427 2523 de
1437 2493 1562 2531 Spiritu
1578 2496 1609 2524 et
1623 2493 1746 2524 Anima
1758 2496 1802 2524 ¹⁰:

1032 2554 1071 2571 —3
1083 2554 1145 2578 Dist.
1159 2560 1256 2577 xxx.—
1267 2555 1277 2570 θ
1294 2554 1347 2577 Dist
1359 2560 1430 2577 xxxv
1442 2567 1470 2571 —-
1481 2554 1564 2577 ⁷Dist.
1579 2555 1803 2586 >1XY11.—⁸A11g.,

1027 2590 1056 2613 de
1073 2591 1162 2614 Morio.
1182 2590 1260 2619 Eccl.,
1277 2597 1298 2613 c.
1319 2596 1353 2619 xi,
1373 2597 1398 2613 n.
1415 2592 1450 2614 18.
1462 2603 1492 2608 —-
1504 2590 1573 2620 ⁹1d.‚
1592 2590 1710 2622 Soliloq„
1725 2592 1769 2614 ld».
1786 2594 1806 2619 1,

1028 2634 1049 2648 c.
1065 2631 1101 2653 vt,
1112 2632 1138 2648 n.
1158 2628 1225 2649 123.—
1237 2626 1256 2642 ¹0
1273 2626 1307 2648 De
1323 2625 1414 2656 Spsrit.
1429 2627 1451 2648 et
1472 2625 1566 2650 Am'm..
1581 2633 1601 2650 c.
1618 2632 1672 2657 xvi,
1689 2628 1806 2658 Append-

1031 2663 1050 2683 t.
1066 2667 1101 2691 vt,
1111 2662 1187 2692 Oper.
1199 2662 1224 2685 S.
1237 2662 1301 2691 Aug.
