2017 2960
184 181 242 209 520

183 245 382 276 adfuturum
398 246 585 285 contingens
601 255 666 276 non
687 248 733 276 est
755 246 932 276 necessaria
943 269 951 283 ,

184 297 237 328 sed
252 298 448 337 contingens.
465 298 524 329 Per
537 299 622 329 bunc
639 298 734 328 etiam
755 298 888 329 modum
903 298 952 329 in-

185 349 389 389 telligendum
408 353 463 385 est,
480 351 563 390 quod
579 350 650 380 licet
664 351 878 381 necessarium
896 351 952 388 sit,

185 406 354 443 postquam
376 403 535 434 Abraham
550 403 689 441 credidit,
711 403 848 434 liberum
871 404 955 434 arbi-

186 457 283 489 trium
303 457 396 486 fuisse
411 458 535 486 motum
559 455 735 486 secundum
754 457 899 495 regulam
925 460 956 488 et

186 510 341 540 dictamen
357 509 439 545 fidei,
455 510 485 539 et
499 509 711 539 necessarium
727 509 765 540 sit
780 509 870 541 illum
886 519 955 540 mo-

186 563 256 593 tum
272 562 365 592 fuisse
380 561 592 598 meritorium3
609 561 764 592 ordinatio
780 564 886 593 tamen
905 563 955 602 ip-

187 615 252 645 sius
278 614 316 645 ad
346 614 493 645 futurum
530 614 733 653 contingens,
767 615 957 654 contingens

186 667 255 705 suit,
272 667 352 698 sicut
365 669 411 698 est
425 667 580 697 ordinatio
599 667 715 697 divinae
729 668 935 707 praescientise
945 692 954 707 ‚

187 720 239 750 cui
253 721 299 750 est
314 719 493 750 conformis.
516 719 553 750 Et
576 720 651 759 quia
674 721 867 751 vocabulum
890 730 956 752 cre-

187 772 279 803 dendi
290 774 320 803 ct
335 772 523 803 assentiendi
538 773 653 803 claudit
671 773 703 802 in
725 782 758 803 se
771 773 857 803 illam
872 774 958 804 ordi-

188 825 348 855 nationem
363 825 537 855 secundum
552 825 802 856 conformitatem
817 826 856 856 ad
877 826 957 856 divi-

189 887 264 909 nam
278 878 517 917 przevisionenn
533 877 608 908 hinc
622 879 778 918 estquod,
794 879 873 909 sicut
889 889 959 910 con-

190 932 317 971 tingens
331 934 376 961 est
396 932 496 962 Deum
518 932 699 971 praevidisse
722 932 849 972 aliquod
873 933 958 963 futu—

189 993 262 1015 rum
279 986 479 1024 contingens,
495 985 538 1015 sic
547 986 734 1024 contingens
744 987 790 1016 est
799 986 961 1016 Abraham

190 1038 355 1068 credidisse
376 1039 520 1069 futurum
543 1039 748 1077 contingens3
775 1040 960 1079 contingens

191 1094 235 1121 est
251 1092 345 1122 etiam
366 1091 474 1131 ipsum
497 1092 682 1130 assensisse;
709 1093 896 1131 contingens
916 1096 962 1124 est

191 1144 285 1174 etiam
309 1144 448 1184 aliquem
471 1145 659 1185 prophetam
687 1146 900 1185 prophetasse.
926 1146 961 1176 ln

192 1197 340 1227 omnibus
360 1198 445 1227 enim
466 1198 515 1228 his
543 1207 608 1229 una
623 1200 669 1229 est
683 1199 862 1238 responsio,
890 1209 962 1239 (111εο

193 1252 344 1281 fundatur
361 1261 455 1291 super
478 1251 554 1289 1100,
571 1252 657 1291 quod
678 1252 749 1283 licet
761 1255 850 1283 actus
864 1255 962 1283 trans-

193 1307 265 1335 eant
288 1305 321 1334 in
342 1305 556 1344 praderitum,
576 1305 685 1335 dicunt
710 1307 813 1335 tamen
834 1306 960 1336 ordina-

192 1357 311 1387 tionem
325 1357 364 1387 ad
379 1358 568 1396 contingens
581 1358 726 1388 futurum
737 1382 746 1395 ‚
767 1361 798 1388 et
820 1359 865 1389 sic
886 1368 962 1390 con—

193 1411 304 1440 notant
326 1411 478 1439 eventum
501 1410 600 1440 futuri
622 1410 836 1449 contingentis
854 1420 862 1441 :
880 1414 962 1442 etex

193 1462 246 1492 illa
267 1461 485 1492 connotatione
508 1471 633 1492 necesse
654 1464 700 1492 est
717 1464 818 1493 totum
844 1463 962 1494 dictum

190 1515 331 1554 judicare
347 1515 534 1554 contingens
547 1539 554 1552 ‚
577 1515 657 1545 sicut
680 1515 713 1545 in
735 1516 837 1556 primo
858 1517 938 1547 libro
954 1522 962 1538 ¹

193 1570 352 1598 ostensum
367 1568 426 1598 suit
440 1577 495 1608 per
510 1570 571 1598 tres
591 1569 720 1607 regulas
739 1569 916 1600 infallibiles
930 1570 963 1600 in

192 1622 368 1660 quaestione
381 1621 419 1652 de
431 1621 650 1652 Proescessentia.

232 1677 261 1704 sl.
280 1674 327 1704 Ad
345 1674 421 1704 illud
437 1675 520 1713 quod
536 1674 693 1713 objicitur,
710 1675 793 1714 quod
810 1676 873 1715 spei
887 1676 962 1706 sub-

191 1730 237 1757 est
256 1727 381 1764 falsum,
398 1727 566 1758 dicendum
585 1727 668 1766 quod
692 1728 769 1767 spei,
787 1729 963 1759 secundum

192 1780 277 1819 qnod
303 1780 424 1816 virtus,
441 1782 471 1810 et
493 1780 633 1810 virtuose
661 1782 819 1819 movetur,
848 1781 962 1812 talsum

192 1842 256 1863 non
272 1833 388 1863 subest.
402 1833 480 1863 Cum
491 1833 576 1863 enim
592 1841 661 1872 spes
672 1833 711 1863 sit
725 1833 879 1864 certitudo
888 1844 960 1873 pro-

191 1885 322 1915 veniens
332 1894 371 1915 ex
389 1885 493 1924 gratia
508 1887 538 1915 et
553 1885 684 1922 meritis,
700 1886 807 1916 nullus
816 1888 920 1926 sperat
930 1897 962 1918 se

192 1938 377 1968 habiturum
404 1938 501 1967 vitam
523 1940 687 1976 aeternam,
704 1938 765 1968 nisi
787 1948 860 1969 cum
877 1948 959 1979 prae-

192 1991 408 2029 suppositione
431 1991 620 2021 meritorum
647 2002 653 2022 z
679 1993 709 2021 et
732 1993 807 2031 quia
822 1994 961 2024 efficacia

192 2044 436 2074 meritiincludit
451 2044 578 2074 finalem
594 2046 871 2084 perseverantiam,
888 2047 962 2077 hine

191 2099 237 2126 est
259 2097 343 2136 quod
363 2097 396 2126 in
423 2100 495 2126 actu
519 2098 583 2136 spei
610 2097 789 2137 implicatur
825 2100 960 2131 conditio

192 2150 434 2189 perseverantiae
449 2149 562 2179 finalis.
581 2150 688 2180 Omnis
708 2151 793 2181 enim
809 2153 862 2191 qni
877 2154 960 2182 recte

191 2204 306 2241 sperat,
332 2203 378 2232 sic
397 2202 497 2232 vitam
521 2204 673 2233 aeternam
693 2207 846 2243 expectat,
865 2205 890 2235 si
905 2215 958 2236 us-

191 2264 254 2294 que
274 2255 306 2285 in
329 2255 427 2285 finem
449 2256 696 2294 perseveraverit
724 2256 757 2287 in
778 2257 881 2295 gratia
906 2269 911 2288 :
931 2260 961 2288 et

191 2308 250 2337 hoc
262 2308 391 2347 quidem
404 2317 516 2339 verum
531 2311 586 2345 est,
604 2311 633 2339 et
647 2309 724 2339 fides
734 2312 840 2340 nostra
853 2310 957 2341 dictat.

191 2360 228 2391 Et
244 2361 286 2391 ita
301 2361 556 2401 respondendum
576 2364 622 2393 est
643 2363 681 2393 ad
704 2363 789 2393 illam
804 2364 959 2395 rationem

191 2423 246 2452 per
259 2414 535 2454 interemptionem
550 2414 693 2453 minoris,
707 2415 781 2455 quia
796 2417 960 2456 praescitus

223 2477 229 2492 ¹
248 2476 309 2499 nist.
325 2483 433 2500 xxxviii.

740 179 1051 212 SENTENTIARUM
1075 181 1149 213 LlB.
1173 181 1226 213 lll.

1010 255 1076 278 non
1089 250 1232 288 expectat
1242 249 1340 280 vitam
1355 252 1505 283 aeternam
1520 253 1714 293 simpliciter,
1723 254 1776 284 sed

1010 300 1069 330 sub
1085 301 1272 332 conditione.
1286 301 1374 338 Quod
1397 303 1422 333 si
1437 304 1550 345 aliquis
1565 308 1680 345 praeter
1694 305 1775 336 divi-

1010 362 1084 383 nam
1103 353 1326 384 revelationem
1353 355 1472 395 absque
1498 358 1585 388 omni
1600 357 1777 389 conditione

1011 407 1115 444 sperat
1127 415 1158 436 se
1173 406 1289 437 habere
1303 407 1403 438 vitam
1417 412 1580 448 aeternam,
1594 411 1645 441 hic
1659 421 1723 441 non
1731 413 1779 441 est

1012 460 1117 489 motus
1138 459 1296 498 pertinens
1316 461 1353 491 ad
1377 461 1473 492 fidem
1501 464 1532 492 et
1554 472 1653 502 spem,
1670 465 1722 494 sed
1739 464 1778 494 ad

1012 512 1121 542 salsam
1135 513 1386 546 aestimationem.

1053 567 1081 596 5.
1094 566 1141 596 Ad
1158 566 1235 597 illud
1250 568 1333 607 quod
1348 569 1507 607 objicitur,
1519 569 1602 608 quod
1614 572 1701 600 actus
1710 570 1779 600 cha-

1013 618 1112 649 ritatis
1134 622 1350 660 praesnpponit
1368 623 1475 654 actum
1502 622 1584 660 fidei,
1612 622 1781 653 dicendum

1013 672 1097 710 quod
1119 681 1233 703 verum
1259 676 1306 705 est
1329 675 1413 714 quod
1435 675 1651 715 praesupponit
1671 676 1778 705 actum

1013 724 1085 754 fidei
1101 727 1136 755 ut
1150 726 1323 764 regulantis
1338 730 1368 758 et
1383 728 1546 767 dirigentis
1560 729 1629 766 ejus
1652 728 1758 757 actum
1772 737 1780 765 ;

1014 777 1067 807 sed
1079 787 1144 808 non
1158 781 1279 818 oportet
1293 781 1378 819 quod
1393 783 1616 820 praesupponat
1626 781 1734 810 actum
1743 780 1780 810 fi-

1014 830 1062 860 dei
1090 833 1124 861 ut
1142 833 1357 863 concurrentis
1384 843 1479 872 super
1502 833 1580 864 illud
1611 833 1780 871 obiectum.

1016 883 1115 914 Omne
1140 885 1224 914 enim
1237 886 1321 924 quod
1341 886 1477 916 charitas
1490 886 1617 925 appetit,
1632 886 1709 916 fides
1723 885 1782 916 dic-

1016 937 1060 965 tat
1077 937 1290 975 appetendum
1311 947 1389 974 esse,
1405 940 1436 968 et
1455 938 1498 968 ita
1523 938 1631 977 dirigit
1654 939 1723 976 ejus
1736 947 1783 967 ac-

1016 990 1097 1019 tum.
1114 988 1182 1019 Non
1196 991 1301 1019 tamen
1318 999 1412 1020 omne
1427 991 1510 1029 quod
1535 991 1671 1020 charitas
1686 999 1781 1030 appe-

1016 1041 1065 1079 tit,
1089 1041 1164 1071 fides
1186 1042 1293 1080 credit,
1313 1043 1388 1082 quia
1410 1043 1447 1073 de
1469 1043 1615 1082 pluribus
1631 1042 1784 1081 contingit

1017 1095 1130 1133 dicere,
1152 1096 1236 1135 quod
1262 1098 1335 1127 sunt
1360 1097 1458 1134 bona;
1480 1097 1594 1127 salsum
1609 1098 1715 1126 tamen
1739 1098 1785 1127 est

1017 1147 1130 1186 dicere,
1162 1149 1246 1188 quod
1264 1151 1337 1180 sunt
1356 1158 1442 1180 vera.
1464 1150 1587 1180 Bonum
1612 1149 1697 1179 enim
1711 1149 1785 1180 dicit

1017 1201 1223 1239 aptitudinem
1246 1204 1276 1232 et
1298 1202 1527 1232 ordinationem
1553 1202 1749 1233 habitualem
1774 1212 1780 1232 :

1017 1253 1070 1283 sed
1085 1263 1199 1284 verum
1216 1255 1291 1284 dicit
1303 1255 1522 1286 inbaerentiam
1541 1257 1571 1285 et
1581 1254 1785 1293 ‚exigentiam

1017 1307 1183 1337 actualem.
1204 1306 1291 1338 Unde
1313 1308 1435 1338 honum
1451 1310 1518 1338 erat
1531 1307 1717 1347 Apostolum
1740 1307 1785 1338 ire

1017 1359 1057 1389 ad
1072 1359 1236 1398 Hispanos,
1253 1360 1399 1399 quamvis
1414 1369 1478 1391 11011
1503 1363 1582 1390 esset
1602 1369 1716 1390 verum
1732 1371 1739 1390 z
1755 1361 1786 1390 et

1018 1411 1087 1441 ideo
1103 1414 1169 1442 erat
1183 1413 1361 1452 appetibile,
1385 1413 1532 1452 quamvis
1546 1421 1611 1443 non
1628 1414 1708 1443 esset
1721 1421 1786 1442 cre-

1018 1463 1122 1495 dibile.
1151 1464 1301 1501 Quamvis
1330 1465 1415 1495 enim
1443 1465 1558 1495 falsitas
1585 1465 1682 1504 possit
1703 1466 1786 1495 stare

1019 1525 1091 1546 cum
1105 1516 1226 1556 objecto
1247 1518 1421 1555 charitatis,
1437 1517 1522 1557 quod
1542 1517 1660 1557 aliquid
1685 1518 1786 1556 potest

1018 1577 1084 1599 esse
1112 1570 1225 1600 falsum
1249 1572 1280 1601 et
1297 1571 1418 1601 bonum
1443 1579 1451 1600 z
1476 1579 1540 1600 non
1556 1572 1663 1600 tamen
1686 1571 1787 1609 potest

1019 1623 1099 1653 stare
1115 1632 1188 1653 cum
1201 1624 1323 1663 objecto
1334 1624 1416 1662 fidei,
1427 1624 1503 1663 quia
1513 1632 1577 1654 non
1589 1625 1688 1662 potest
1700 1623 1784 1653 idem

1018 1676 1113 1706 simul
1126 1685 1191 1707 esse
1205 1677 1330 1714 salsum,
1348 1678 1378 1707 et
1393 1686 1516 1707 verum.

1058 1731 1087 1759 (3.
1104 1730 1151 1760 Ad
1168 1730 1244 1760 illud
1270 1730 1355 1769 quod
1374 1729 1539 1769 objicitur,
1568 1729 1652 1768 quod
1676 1728 1786 1758 adora-

1018 1780 1095 1810 tioni
1110 1782 1210 1820 potest
1227 1781 1353 1811 subesse
1369 1781 1494 1817 salsum,
1515 1779 1685 1810 dicendum
1701 1778 1786 1818 quod

1017 1833 1191 1863 adorationi
1214 1833 1302 1863 sactae
1325 1832 1501 1863 seeundum
1531 1832 1733 1863 directionem
1754 1833 1786 1861 et

1017 1886 1163 1924 regulam
1182 1886 1265 1922 fidei,
1280 1895 1445 1925 nunquam
1458 1886 1563 1916 subest
1581 1885 1711 1922 falsum,
1728 1893 1784 1923 pro

1017 1947 1054 1968 00
1070 1939 1153 1978 quod
1164 1939 1241 1969 fides
1253 1939 1327 1969 dicit
1340 1939 1420 1969 nihil
1435 1938 1631 1969 adorandum
1650 1946 1715 1968 esse
1728 1946 1785 1977 pro

1018 1993 1113 2029 certo,
1131 1992 1190 2021 nisi
1209 1991 1246 2021 de
1266 2001 1330 2031 quo
1352 1992 1488 2022 hahetur
1512 1993 1596 2022 certa
1618 1991 1757 2030 cognitio
1776 1999 1785 2020 ε

1016 2044 1053 2074 (10
1067 2053 1103 2074 00
1123 2045 1227 2074 autem
1248 2044 1285 2074 de
1301 2053 1365 2083 quo
1388 2054 1453 2075 non
1473 2044 1606 2074 habetur
1620 2043 1784 2081 certitudo,

1017 2097 1089 2127 dicit
1114 2097 1309 2127 adorandum
1336 2106 1402 2128 esse
1426 2097 1655 2137 pra·supp0sita
1678 2096 1786 2127 condi-

1016 2150 1112 2181 tione.
1134 2150 1221 2181 Unde
1236 2151 1338 2180 omnis
1354 2150 1452 2181 fidelis
1468 2152 1551 2181 recte
1566 2150 1701 2181 adorans
1714 2150 1787 2181 hos-

1016 2203 1091 2233 tiam
1107 2205 1330 2241 consecratam,
1348 2204 1457 2234 adorat
1474 2204 1533 2234 sub
1545 2213 1582 2234 ea
1596 2203 1783 2241 conditione,

1016 2256 1042 2286 si
1062 2256 1198 2295 perfecta
1212 2258 1287 2286 sunt
1301 2256 1382 2286 circa
1398 2257 1498 2296 ipsam
1514 2266 1562 2295 ea,
1577 2265 1649 2296 quae
1660 2256 1698 2286 ad
1714 2265 1785 2286 con-

1016 2309 1221 2339 secrationem
1235 2311 1309 2339 sunt
1320 2310 1494 2340 necessaria
1508 2309 1684 2340 secundum
1699 2308 1784 2338 insti-

1016 2363 1170 2392 tutionem
1185 2362 1327 2393 divinam
1356 2373 1363 2393 :
1380 2364 1410 2393 et
1424 2363 1468 2393 sic
1484 2371 1649 2402 nunquam
1666 2361 1783 2402 decipi-

1014 2417 1078 2452 tur,
1093 2423 1150 2445 nec
1162 2417 1256 2446 errat.
