2017 2960
252 207 309 236 5348

252 273 386 303 aliorum
403 274 637 312 symbolorum,
657 272 824 303 dicendum
847 274 932 312 quod
956 273 1017 304 alia

186 315 236 334 '‘¹¹¹''
250 326 392 366 symbola
409 327 486 365 duo,
503 326 645 357 videlicet
661 325 837 363 Athanasii,
853 329 881 357 et
899 326 1017 357 Nicaeni

182 380 233 393 ”³⁶¹¹
249 382 386 420 concilii,
402 382 505 412 addita
514 383 588 410 sunt
603 381 640 410 ad
658 381 729 410 fidei
746 383 899 421 maj0rem
910 382 1016 422 expla-

249 435 425 471 nationem,
451 436 481 463 et
505 433 543 463 ad
569 433 730 464 haeresum
756 435 1013 466 consulationem.

246 487 324 524 Quia
350 486 529 526 symbolum
550 487 714 517 Athanasii
742 488 876 518 doctoris
903 489 1015 528 prasci-

246 541 299 579 pui
316 540 453 570 maxime
470 539 650 570 ordinatum
672 541 730 570 suit
752 544 858 571 contra
874 551 1015 572 errorem

246 593 348 623 Arrii:
367 595 396 623 et
420 592 489 623 ideo
508 593 550 622 ibi
571 594 712 624 maxime
737 594 887 633 exprimit
909 595 1016 625 unita—

244 649 307 677 tem
323 647 466 677 essentiae
479 671 486 685 ,
498 649 528 677 et
542 646 777 678 distinctionem
791 657 1013 688 personarum,

244 700 404 739 quomodo
419 699 560 731 Christus
576 702 623 732 est
635 702 769 739 (equalis
788 701 882 733 Pam·
900 710 1013 733 secun-

138 784 151 802 s
168 783 214 802 mh
244 751 321 782 dum
344 751 572 789 ditittthutem
597 753 702 783 intuor
727 753 819 784 Patre
840 753 1015 785 seczmdmn

124 814 151 833 lui

160 814 198 833 1⁴.-

153 820 214 863 011111,ι

131 875 210 895 Nicatui

128 2634 233 2678 q⁰⁴''⁵:“⁵s“
250 2676 325 2705 tiam
341 2677 371 2705 et
386 2675 686 2715 frequentationem,
699 2675 768 2713 jam
784 2675 867 2713 patet
886 2682 1020 2712 respon-

150 2563 236 2590 51111110-

172 2596 234 2635 midi

210 805 486 837 ιιΙιιιηιαηῖῐαῖεηι.
504 805 545 844 S3
550 805 693 836 mbolum
710 815 786 836 vero
802 806 922 836 Nicaeni
938 816 1016 837 con—

246 858 309 888 ‹ilii
326 858 488 889 conditum
506 859 565 888 suit
583 859 621 889 ad
637 860 884 890 confutationem
903 859 1015 890 multi-

246 911 412 942 modarum
428 911 588 943 haeresum
601 912 842 951 pullulantium.
859 912 946 943 Unde
960 913 1015 944 ad-

245 965 365 996 duntur
387 966 494 1005 aliqua
517 966 556 996 azl
579 967 732 1005 maiorem
758 967 991 1005 expressionem
1005 990 1013 1005 ,

243 1028 300 1058 per
313 1028 386 1059 quae
403 1019 522 1058 possint
535 1019 674 1050 haereses
689 1020 844 1050 confutari
857 1029 865 1050 :
878 1022 908 1050 et
922 1029 1014 1059 prop-

244 1075 327 1103 terea
343 1073 381 1103 ad
398 1073 573 1105 elidendam
592 1075 739 1105 haeresim
764 1075 928 1106 Manichaei
949 1084 1014 1105 non

244 1129 366 1157 tantum
381 1127 496 1158 dicitur
514 1138 520 1158 :
538 1128 634 1160 Credo
649 1129 684 1159 2'72
702 1128 898 1166 Dcum‚sed:
917 1128 1013 1160 Credo

244 1181 279 1210 in
295 1188 391 1211 etnam
407 1180 526 1219 Dcum;
540 1190 596 1211 nec
610 1183 734 1211 tantum
752 1181 928 1213 Creatorem
944 1181 1015 1213 coelc‘

243 1238 272 1265 ec
295 1238 406 1272 terrae,
423 1235 586 1265 sedetiam
609 1235 785 1266 visibilium
808 1238 837 1266 et
861 1235 1012 1266 invisibi-

243 1287 334 1320 lium.
354 1289 402 1318 Ad
423 1288 669 1319 confutationem
684 1297 760 1318 vero
783 1288 913 1319 hoercsis
926 1288 1015 1319 Aria-

243 1350 294 1372 nae
322 1351 387 1372 non
409 1344 532 1372 tantum
556 1342 697 1373 dicitur:
726 1341 823 1374 Credo
849 1343 883 1373 ῖη
908 1342 1015 1374 Jesztm

246 1395 406 1427 Christum
421 1395 590 1426 Dominum
604 1399 745 1426 nosti-nm
760 1404 769 1429 ‚·
784 1395 838 1425 sod
853 1394 948 1425 etiam
962 1395 1016 1425 ad-

243 1447 349 1479 ditur:
367 1449 409 1480 Et
430 1449 466 1480 in
485 1456 584 1480 rmum
600 1448 769 1480 Dominum
788 1448 895 1479 Jeszon
913 1448 1016 1480 Chris-

244 1506 309 1535 tum
336 1505 459 1536 Filium
492 1505 550 1536 Del*
576 1505 799 1544 (ιηίρθηίτανη,
823 1514 923 1544 usque
944 1504 1012 1536 ibi:

244 1558 303 1589 Per
317 1566 409 1597 quem
423 1558 532 1590 onznia
551 1558 639 1597 facta
655 1561 740 1589 sunt.
762 1557 810 1588 Ad
828 1558 1016 1588 confutatio-

244 1620 318 1641 nem
333 1620 409 1642 vero
425 1611 554 1641 haeresis
570 1611 722 1651 EutychiS
743 1613 773 1641 et
795 1610 944 1649 Nestorii,
961 1611 1016 1650 qui

244 1664 393 1694 dixerunt
405 1663 560 1704 Spiritum
576 1667 720 1694 sanctum
737 1673 867 1694 servum
882 1672 949 1694 esse
961 1663 1017 1694 Pa-

244 1718 300 1748 tris
314 1720 345 1748 et
363 1717 448 1756 Filii,
470 1727 534 1748 non
554 1718 670 1749 dicitur
692 1720 840 1748 tantum:
861 1717 957 1749 Credo
981 1719 1016 1749 in

245 1770 407 1810 Spiritum
420 1775 585 1808 sanctum,
599 1771 651 1801 sed
666 1771 792 1802 additur
809 1782 816 1802 z
832 1772 1015 1809 Dominum,

244 1828 273 1856 et
296 1825 531 1864 vivificantem,
554 1826 610 1864 qui
635 1832 676 1856 αι·
697 1826 788 1856 Patre
809 1824 974 1864 proceclit;
988 1826 1018 1855 et

245 1876 345 1907 Latini
369 1878 577 1914 addiderunt,
598 1878 744 1916 Filioque
757 1901 764 1913 ‚
783 1880 911 1917 propter
927 1886 1017 1907 erro-

245 1939 313 1960 rem
334 1931 528 1961 Graecorum.
546 1930 606 1965 Qui
622 1922 696 1961 'cum
712 1931 806 1962 Patre
824 1934 852 1961 et
866 1930 948 1962 Filio
969 1931 1016 1962 Si-

245 1984 312 2015 mul
324 1983 491 2021 adoratur,
507 1986 566 2014 etc.
589 1983 625 2014 Et
649 1983 775 2014 additur
793 1994 799 2013 z
819 1984 879 2018 Qui
895 1984 1015 2016 locutus

247 2041 293 2069 est
308 2045 363 2076 per
376 2036 561 2076 prophetas,
579 2036 618 2066 ad
633 2036 879 2066 destructionem
900 2037 1016 2067 erroris

247 2090 462 2129 quorumdam
475 2113 482 2126 ‚
499 2089 554 2129 qui
576 2089 728 2119 dixerunt
749 2089 834 2128 quod
855 2089 1018 2129 prophetae

247 2143 343 2174 locuti
359 2143 421 2173 sint
436 2143 516 2173 sieut
532 2142 701 2182 phanatici.
719 2141 757 2172 Et
772 2142 815 2172 sic
834 2144 919 2182 patet
933 2143 1018 2182 quod

247 2196 307 2226 ista
331 2194 477 2235 symbola
502 2204 566 2225 non
588 2195 810 2234 superfluunt,
830 2204 888 2226 nee
912 2197 1019 2226 tamen

248 2248 439 2288 Symbolum
477 2248 700 2287 Apostolorum
733 2248 792 2278 suit
824 2248 1017 2279 diminutum

248 2302 334 2341 quia,
345 2301 492 2341 quamvis
506 2301 537 2331 in
554 2300 607 2331 illo
622 2301 698 2331 fides
714 2301 905 2332 sufficienter
919 2302 1018 2332 conti-

248 2357 361 2385 neatur
382 2355 539 2394 quantum
560 2353 597 2384 ad
618 2355 778 2394 propriam
799 2356 829 2385 et
845 2354 1019 2394 simplicem

250 2409 320 2440 fidei
341 2408 584 2446 consessionem,
599 2410 704 2438 tamen
728 2410 943 2447 opportunum
961 2408 1020 2439 fuit

249 2462 368 2501 aliquid
384 2461 455 2492 addi
471 2461 511 2491 ad
525 2460 792 2499 explanationem,
805 2463 933 2500 propter
944 2470 1018 2491 con-

250 2515 413 2547 futandam
428 2515 587 2546 haeresum
602 2522 680 2554 piax
683 2514 802 2545 itatem

289 2571 319 2599 6.
335 2568 383 2600 Ad
398 2568 475 2599 illud
486 2567 570 2607 quod
586 2567 743 2607 quaeritur
758 2566 869 2598 ultimo
883 2567 922 2598 de
937 2576 972 2607 s3
976 2576 1021 2598 m-

218 2622 397 2653 bolorum
419 2621 598 2652 diversitate
613 2613 769 2660 quantum
791 2619 829 2650 ad
853 2620 1020 2651 continen-

815 206 1128 238 SENTENTIARUM
1149 207 1222 238 LlB.
1248 208 1299 239 111.

1072 275 1119 305 sio
1135 284 1192 315 pro
1206 283 1326 314 magna
1340 277 1427 315 parte
1444 285 1484 307 ex
1498 277 1548 307 his
1562 286 1635 317 quae
1657 277 1738 309 dicta
1753 281 1837 310 sunt.
1868 292 1947 312 imein-

1072 327 1151 358 Nam
1163 328 1350 368 Symbolum
1366 329 1587 368 Apostolorum
1602 331 1751 370 pauciora
1763 340 1838 362 con·
1868 323 1947 349 ζωὴ·

1072 381 1166 418 tinet,
1193 390 1290 420 quam
1314 382 1420 419 aliud,
1446 382 1523 421 quia
1545 385 1591 413 est
1613 384 1651 415 ad
1676 384 1840 424 praecisam

1074 434 1281 465 articulorum
1303 435 1548 474 expressionem.
1574 436 1645 467 Alia
1672 446 1748 468 vero
1777 438 1840 468 duo

1073 487 1215 526 symbola
1244 491 1317 518 sunt
1341 488 1379 518 ad
1404 488 1628 519 haereticorum
1651 491 1841 522 confutatio-

1072 548 1157 570 nem.
1174 540 1262 571 Unde
1277 541 1333 571 etsi
1350 541 1381 570 in
1396 541 1464 571 aliis
1479 542 1613 572 addatur
1632 545 1789 581 quantum
1803 544 1842 575 ad

1071 594 1306 633 expressionem
1318 594 1531 633 quorumdam
1545 595 1766 633 articulorum,
1778 606 1842 628 non

1070 646 1177 675 tamen
1201 645 1326 676 articuli
1351 646 1578 686 exprimuntur
1600 647 1705 686 magis
1729 647 1820 687 plene
1834 671 1842 685 ,

1071 697 1135 727 imo
1151 700 1181 728 et
1195 698 1229 728 iu
1245 698 1396 738 Symbolo
1412 698 1529 729 Nicaeni
1547 699 1675 730 Concilii
1689 700 1846 731 omittitur

1070 751 1221 781 articulus
1236 752 1273 781 de
1295 751 1446 782 descensu
1470 752 1507 781 ad
1533 752 1650 783 inferos
1664 776 1671 790 ‚
1690 753 1756 785 sive
1770 753 1846 793 quia

1070 804 1152 834 circa
1165 804 1251 835 hunc
1265 805 1374 844 pauci,
1388 804 1439 836 vel
1453 805 1535 835 nulli
1553 808 1758 844 erraverunt3
1776 806 1843 838 sive

1069 857 1145 896 quia
1158 858 1191 888 in
1206 858 1273 897 ipsa
1287 858 1483 889 confessione
1495 858 1664 889 descensus
1677 858 1789 890 Christi
1802 859 1842 890 ad

1069 910 1186 941 inferos
1208 911 1306 950 possit
1329 911 1406 941 oriri
1431 920 1543 941 error:
1567 911 1636 942 ideo
1659 912 1844 943 maluerunt

1069 964 1162 995 illum
1184 965 1357 1002 subticere,
1382 967 1414 996 et
1437 965 1588 1004 implicite
1610 965 1702 996 illum
1727 965 1843 996 intelli-

1070 1029 1147 1059 gere
1162 1020 1195 1050 in
1208 1020 1474 1051 resurrectione.
1458 1019 1495 1050 Et
1510 1019 1582 1050 inde
1595 1022 1641 1050 est
1655 1020 1739 1060 quod
1750 1020 1842 1060 Sym-
1877 1044 1963 1070 Smbo,

1069 1073 1179 1104 bolum
1194 1073 1417 1113 Apostolorum
1432 1073 1548 1104 dicitui
1562 1082 1630 1104 esse
1644 1074 1760 1112 majus,
1777 1082 1841 1104 non
1856 1074 1963 1127 ffloffm

1070 1130 1227 1168 quantum
1251 1128 1290 1158 ad
1313 1128 1541 1158 continentiam
1564 1127 1760 1165 verborum,
1787 1127 1841 1158 sed
1866 1137 1953 1158 curne-

1069 1183 1224 1220 quantum
1250 1181 1289 1212 ad
1313 1181 1539 1211 continentiam
1562 1171 1961 1219 (111101110111111,(11,(ἷ“““’”’“’”5

1869 1200 1951 1220 etsub-

1069 1236 1225 1273 quantum
1250 1234 1289 1265 ad
1314 1234 1535 1265 auctotitatem
1567 1234 1838 1273 componentium.
1856 1237 1932 1251 ¹⁷¹¹⁵⁵⁸
1932 1237 1961 1251 “⁰

1069 1286 1194 1325 Maioris
1217 1287 1303 1318 enim
1327 1287 1523 1317 auctoritatis
1546 1289 1592 1318 est
1614 1286 1693 1318 illud
1715 1286 1841 1326 symbo-
1856 1267 1888 1312 caen
1893 1263 1962 1319 nocti&

1069 1340 1154 1378 lum,
1171 1349 1269 1379 quam
1293 1340 1355 1370 alia
1377 1340 1460 1371 duo:
1478 1340 1552 1371 111110
1575 1342 1622 1370 est
1642 1340 1728 1379 quod
1743 1339 1840 1370 etiam
1855 1324 1957 1375 ’ξῇἓᾞζ

1070 1393 1113 1432 S3
1117 1394 1259 1423 mbolum
1279 1394 1519 1433 Apostolorum,
1538 1393 1623 1432 quod
1638 1392 1798 1423 continet
1791 1401 1839 1432 ip
1856 1386 1963 1439 ζέφῖζὲζ

1070 1455 1141 1476 sum
1156 1446 1229 1477 fidei
1250 1446 1514 1484 fundamentum,
1531 1445 1671 1486 quotidie
1693 1445 1843 1476 recitatur

1070 1499 1103 1529 in
1118 1499 1270 1538 Ecclesia,
1288 1501 1317 1530 et
1331 1500 1551 1540 frequentatur
1566 1507 1575 1530 :
1590 1499 1652 1530 alia
1665 1507 1741 1530 vero
1759 1498 1840 1537 duo,

1070 1562 1143 1592 quae
1159 1553 1285 1584 suntad
1308 1553 1470 1584 haeresum
1491 1552 1739 1583 confutationem
1750 1575 1760 1590 ‚
1777 1560 1843 1582 non

1070 1606 1245 1636 recitantur
1256 1606 1315 1636 nisi
1328 1606 1361 1636 in
1372 1605 1483 1636 diebus
1497 1605 1702 1643 solemnibuS,
1714 1604 1842 1644 quando

1071 1661 1109 1692 ad
1120 1661 1266 1692 ecclesias
1281 1661 1430 1692 convenit
1438 1661 1586 1701 populus.
1600 1660 1680 1691 Hinc
1690 1662 1738 1691 est
1747 1660 1844 1692 etiam

1071 1715 1156 1754 quod
1181 1714 1370 1755 Symbolum
1391 1715 1616 1754 Apostolorum
1638 1713 1753 1744 dieitur
1774 1714 1846 1744 sub-

1072 1768 1260 1807 misse,quia
1271 1770 1318 1799 est
1327 1768 1366 1798 ad
1383 1768 1520 1807 propriae
1538 1767 1740 1798 conscientiae
1750 1776 1843 1798 secu-

1071 1822 1197 1852 ritatem
1208 1832 1215 1858 ;
1228 1821 1289 1852 alia
1299 1829 1376 1852 vero
1386 1821 1537 1851 dicuntur
1551 1820 1624 1858 alte,
1634 1820 1710 1860 quia
1717 1822 1793 1851 sunt
1806 1819 1845 1850 ad

1072 1874 1333 1914 compescendam
1356 1874 1582 1905 haereticorum
1607 1873 1840 1912 garrulitatem.

1072 1928 1152 1959 Hinc
1164 1931 1210 1959 est
1222 1929 1317 1958 etiam
1325 1928 1411 1968 quod
1420 1927 1610 1967 Symbolum
1621 1926 1845 1966 Apostolorum

1071 1981 1186 2012 dicitur
1207 1982 1255 2012 bis
1278 1982 1311 2011 in
1331 1981 1399 2020 die,
1416 1990 1509 2011 mane
1530 1980 1692 2018 videlicet,
1709 1981 1740 2010 et
1754 1987 1843 2017 sero;

1072 2035 1147 2074 quia
1162 2035 1240 2065 fides
1255 2036 1300 2065 est
1314 2035 1473 2065 bonarum
1493 2033 1717 2073 operationum
1730 2032 1846 2072 princi-

1072 2088 1178 2128 pium,
1194 2090 1224 2118 et
1240 2089 1365 2118 scutum
1379 2086 1419 2117 ad
1434 2086 1601 2118 victoriam
1613 2085 1842 2123 tentationum,

1073 2143 1104 2172 et
1117 2141 1313 2180 operationes
1328 2140 1421 2171 bonae
1440 2139 1603 2179 potissime
1618 2138 1700 2169 fiunt
1713 2138 1750 2169 in
1772 2137 1841 2176 die,

1073 2196 1104 2225 et
1117 2194 1305 2224 tentationes
1318 2193 1357 2224 de
1376 2195 1467 2223 nocte
1481 2192 1666 2231 insurgunt.
1682 2191 1752 2222 Alia
1765 2199 1842 2224 vero
1864 2208 1964 2234 symm.

1073 2245 1137 2276 duo
1152 2244 1296 2285 symbola
1310 2243 1458 2275 dicuntur
1473 2243 1510 2274 de
1525 2243 1575 2273 die
1591 2242 1707 2280 solum,
1723 2243 1753 2272 et
1765 2250 1842 2282 prae-
1859 2239 1928 2259 A¹h²¹¹¹
1917 2246 1956 2260 ¹¹³·

1074 2299 1210 2329 mittItur
1236 2297 1425 2337 Symbolum
1457 2295 1645 2333 Athanasii,
1669 2297 1700 2326 et
1726 2294 1842 2326 dicitm
1868 2270 1957 2321 εἶιιιεειῖιῑ

1871 2331 1957 2352 Niceni.

1074 2353 1154 2383 h01a
1169 2351 1279 2391 prima.
1304 2351 1347 2390 S3
1349 2350 1492 2381 mbolum
1516 2351 1696 2380 sanctorum
1716 2350 1842 2388 patrum

1052 2424 1055 2427 >
1075 2406 1191 2437 dicitur
1205 2405 1237 2435 in
1252 2404 1363 2442 Missa,
1377 2412 1434 2443 pro
1451 2412 1488 2434 eo
1505 2402 1589 2442 quod
1604 2402 1711 2442 plures
1724 2401 1770 2432 ibi
1781 2401 1845 2433 hae-

1076 2468 1159 2490 reses
1173 2458 1348 2495 eliduntur,
1365 2459 1396 2488 et
1410 2455 1540 2495 maioris
1554 2455 1614 2486 fuit
1637 2455 1843 2486 auctoritatis.

1076 2512 1293 2552 Compositum
1312 2510 1398 2541 enim
1420 2509 1479 2541 fuit
1503 2518 1522 2539 a
1544 2509 1720 2539 tercentum
1743 2509 1774 2539 et
1789 2508 1845 2539 de-

1076 2574 1144 2596 cem
1158 2567 1189 2595 et
1208 2566 1278 2595 octo
1295 2563 1456 2603 patribus,
1474 2561 1529 2602 qui
1552 2561 1750 2601 praefigurati
1770 2562 1846 2592 sunt

1075 2627 1132 2658 per
1153 2619 1328 2649 tercentum
1350 2618 1380 2647 et
1395 2616 1503 2647 decem
1521 2617 1552 2646 et
1568 2617 1637 2646 octo
1658 2614 1845 2647 vernaculos

1075 2671 1234 2710 Abrahae,
1250 2679 1330 2711 quos
1350 2669 1530 2701 numeravit
1551 2669 1678 2709 quando
1692 2668 1845 2709 postravit
