2017 2960
186 154 243 182 334

184 218 327 249 videlicet
354 222 480 259 propter
515 221 652 260 pretium
687 224 802 250 nostrae
832 220 951 257 salutis,

183 274 310 311 propter
324 273 505 312 exemplum
523 273 659 309 virtutis,
675 275 705 303 et
721 275 847 312 propter
860 273 952 303 fulci-

183 327 328 355 mentum
343 328 455 355 nostra¹
472 326 660 362 fragilitatis.
676 325 804 365 Propter
815 325 951 365 pretium

182 381 297 408 nostroe
320 379 447 416 salutis,
472 379 545 417 quia
571 380 775 417 proposuerat
796 388 854 408 nos
870 379 952 409 redi-

182 436 285 461 ιιιοιᾪ1
303 441 363 463 mm
388 432 647 471 corruptihilihzzs
666 440 744 463 (utro
766 436 792 463 rt
810 435 951 471 amento,

180 485 234 515 sed
249 486 479 524 pm‘liusz'ssimo
490 486 646 523 xanquz'nc
662 494 731 516 5110.
743 488 770 516 ct
786 488 795 503 ²
809 485 950 516 animiam

180 547 270 567 suain
286 546 397 577 ponere
411 547 465 577 pro
481 538 650 568 animabus
674 539 799 568 nostris.
821 539 867 568 Ad
892 539 950 568 boc

179 594 285 621 autem
308 601 370 621 non
396 595 473 622 esset
490 591 633 627 idoneus,
653 591 712 621 nisi
729 594 873 621 naturam
895 592 949 622 de-

178 646 333 677 ficientem
346 650 375 677 et
392 647 572 686 passibilem
582 647 801 686 assumpsisset
814 655 820 676 τ
835 649 865 676 et
876 656 948 686 pro—

177 702 282 739 pterea
298 700 435 731 desectus
449 703 573 730 nostros
588 703 618 730 et
632 699 827 740 poenalitates
843 699 950 729 debuit

177 754 207 783 in
229 754 331 793 seipso
347 755 473 784 habere.
493 754 562 783 Alia
580 754 674 783 etiam
697 762 737 783 ex
758 762 853 782 causa
874 762 947 782 con-

175 816 295 845 gruum
323 808 379 837 t'uit
410 808 468 837 hoc
495 807 617 845 ipsum,
649 806 794 836 videlicet
821 808 949 845 propter

175 860 359 899 exemplum
376 860 511 897 virtutis⁷
527 859 702 899 specialiter
717 861 824 889 autem
840 859 949 889 humi-

174 913 278 949 litatis,
297 914 454 953 patientia·
470 916 500 943 et
516 913 648 952 pietatis,
670 913 787 952 quibus
802 913 946 943 median-

175 967 258 997 tibus
279 967 463 1006 pervenitur
486 967 525 997 ad
552 966 679 1004 crelum,
709 968 739 996 et
766 966 799 996 in
825 966 944 1005 quibus

174 1020 314 1050 Christus
337 1021 435 1051 voluit
465 1030 522 1050 nos
544 1020 659 1050 imitari
688 1020 811 1059 ipsum,
835 1029 946 1050 secun—

173 1074 250 1103 dum
277 1074 353 1104 illud
369 1077 379 1092 ³
397 1085 402 1103 :
422 1074 540 1105 Discite
554 1083 572 1104 ιι
588 1082 634 1105 τηε
646 1098 655 1111 ,
677 1074 755 1112 quia
774 1074 861 1104 initis
876 1081 947 1103 sum

173 1130 199 1158 ct
210 1126 341 1158 humilis
358 1127 461 1165 corde,
477 1130 534 1157 etc.
551 1126 654 1157 Tertia
666 1126 746 1156 ratio
758 1128 804 1156 est
819 1128 947 1165 propter

174 1180 393 1210 fulcimentum
418 1182 534 1209 nostra}
558 1179 759 1218 fragilitatis,
785 1179 824 1209 ob
849 1188 946 1218 quam

177 1235 291 1263 natura
308 1233 469 1263 rationalis
493 1233 585 1263 habet
614 1232 646 1262 in
670 1242 702 1261 se
729 1232 943 1262 difficultatem

173 1286 212 1315 ad
237 1285 429 1316 credendum
452 1295 524 1316 vera
540 1310 545 1321 ‚
563 1288 591 1315 et
618 1285 782 1315 irascibilis
808 1285 847 1314 ad
874 1295 945 1324 spe-

174 1338 308 1368 iandum
332 1339 450 1376 ardua,
469 1342 497 1368 et
513 1338 764 1377 concupiscibilis
781 1338 818 1367 ad
834 1347 943 1367 aman-

173 1391 248 1422 dum
264 1393 355 1422 bona.
374 1392 410 1422 Et
426 1393 494 1422 ideo
512 1392 610 1421 voluit
627 1391 768 1421 Christus
787 1400 849 1421 non
874 1394 944 1420 tan—

173 1448 240 1475 tum
267 1446 357 1476 nobis
383 1446 512 1476 simil-tui
534 1446 566 1475 in
590 1448 715 1482 natura,
733 1444 785 1474 sed
799 1444 895 1474 etiam
911 1444 943 1473 in

171 1499 341 1529 defectibus
357 1502 385 1529 et
402 1499 647 1539 poenalitatibus,
664 1501 699 1528 ut
715 1497 943 1527 manifestando

171 1553 203 1582 in
219 1563 251 1583 se
270 1553 431 1583 vcriiatem
454 1553 606 1583 humanae
631 1554 767 1588 naturae,
788 1551 942 1590 praeheret

170 1606 390 1637 fulcimentum
424 1610 539 1638 nostra}
570 1605 714 1636 rationali
742 1605 780 1635 ad
810 1604 942 1634 creden-

171 1659 266 1697 dum3
291 1660 483 1691 ostendendo
507 1659 715 1690 nihilominus
743 1658 941 1688 immensita-

172 1715 233 1743 tem
268 1723 334 1744 sure
369 1713 593 1743 misericordiae
624 1722 679 1752 per
707 1711 939 1750 susceptionem

169 1769 286 1797 nostra:
312 1767 461 1804 miseriae,
494 1766 647 1805 praeberet
678 1764 825 1794 irascibili
852 1764 940 1794 fulci-

170 1822 312 1849 mentum
344 1820 381 1849 ad
412 1819 625 1859 sperandum3
655 1818 847 1848 ostendendo
868 1826 939 1847 ma-

170 1872 369 1910 gnitudinem
399 1881 466 1902 suae
498 1871 725 1902 benevolentiae
745 1894 754 1908 ,
783 1870 939 1910 praeberet

168 1925 401 1964 concupiscibili
432 1925 672 1954 incitamentum
701 1923 739 1953 ad
764 1932 796 1953 se
824 1932 938 1953 aman-

171 1978 258 2008 dum.
287 1978 323 2008 Et
345 1978 432 2015 ideo,
455 1978 526 2007 licet
549 1978 764 2016 incongruum
793 1976 938 2007 videatur

167 2030 354 2070 hujusmodi
376 2031 514 2061 defectus
536 2030 665 2070 reperiri
689 2030 720 2060 in
751 2030 890 2067 Christo,
911 2029 937 2059 si

168 2094 222 2123 per
231 2094 263 2115 se
275 2085 529 2121 considerentur3
545 2087 661 2121 tamen,
679 2083 703 2114 si
720 2083 759 2113 ad
776 2084 871 2113 finem
886 2091 937 2113 re-

165 2138 318 2175 ferantur,
338 2147 457 2177 magua
469 2138 626 2177 reperitur
640 2136 849 2176 congruitatis
865 2145 936 2166 con-

165 2191 316 2221 decentia.
335 2191 371 2221 Et
389 2191 457 2222 ideo
472 2190 677 2221 concedendae
698 2191 773 2220 sunt
786 2189 933 2227 rationes,

165 2253 237 2283 quae
252 2246 325 2274 sunt
339 2244 378 2273 ad
394 2246 515 2283 partem
532 2244 636 2273 istam.

205 2300 232 2327 1.
259 2297 307 2328 Ad
332 2297 408 2327 illud
424 2306 501 2336 ergo
516 2296 599 2336 quod
621 2296 722 2335 primo
737 2295 885 2334 objicitur
900 2295 933 2325 in

163 2350 370 2388 contrarium,
388 2350 471 2390 quod
492 2350 572 2379 sicut
596 2358 756 2379 summani
774 2349 932 2387 justitiam

162 2404 287 2434 dedecet
302 2403 514 2443 iniquitatem,
529 2403 572 2432 sic
585 2411 745 2432 summam
759 2402 931 2440 potentiam

161 2456 287 2486 dedecet
309 2457 543 2493 infirmitatem,
567 2455 736 2486 dicendum
761 2454 844 2493 quod
867 2455 931 2485 hu-

158 2509 298 2548 jusmodi
321 2509 493 2540 similitudo
508 2510 603 2546 tenet,
619 2508 644 2537 si
662 2510 863 2547 comparetur
877 2508 929 2538 in-

163 2562 294 2592 firmitas
318 2564 349 2593 et
371 2563 463 2602 culpa
485 2562 523 2592 ad
545 2563 693 2592 naturam
715 2560 855 2591 divinam
873 2561 928 2591 :in

196 2623 203 2640 ί
217 2623 315 2654 111eer.,
332 2624 462 2654 i‚18.—¹
474 2624 553 2654 λοαη.,.
570 2629 595 2654 x,
615 2622 707 2647 lin—⁸
722 2622 822 2652 Manu„
838 2628 875 2653 xi,
888 2623 928 2649 29.

732 153 1041 185 SENTENTIARUM
1064 154 1136 186 LIB.
1162 155 1215 186 ΙΙΙ.

1010 224 1125 252 natura
1148 222 1234 252 enim
1257 222 1365 254 divina
1378 247 1385 261 ,
1401 224 1481 255 sicut
1495 224 1582 255 nulla
1596 225 1697 264 potest
1713 233 1780 256 esse

1010 274 1181 313 injustitia,
1197 276 1241 306 sic
1261 275 1349 306 nulla
1373 279 1473 316 potest
1493 287 1559 309 esse
1582 278 1777 318 impotentia.

1010 327 1040 356 Si
1068 331 1174 358 aulem
1198 331 1475 368 ‹·0mparent111·ad
1491 334 1638 362 naturam
1658 341 1779 362 assum-

1009 383 1106 419 ptam,
1127 381 1169 411 sic
1184 391 1247 411 non
1264 381 1359 413 habet
1373 383 1552 422 veritatem,
1571 394 1626 424 pro
1641 394 1678 415 eo
1693 385 1778 424 quod

1009 433 1075 472 ipsa
1090 434 1259 464 infirmitas
1281 437 1380 474 potest
1396 444 1462 466 esse
1478 437 1611 467 materia
1627 447 1776 467 exercen-

1008 487 1056 516 da!
1070 487 1207 517 virtutis.
1224 487 1330 518 Virtus
1346 488 1431 518 enim
1446 489 1641 519 fortitudinis
1655 499 1778 521 exerce-

1008 542 1061 571 tur
1093 541 1252 580 potissime
1281 542 1314 571 in
1342 542 1539 582 perpessione
1578 543 1775 582 terribilium,

1007 602 1118 623 eorum
1135 595 1274 624 maxime
1287 604 1359 634 quae
1376 598 1511 626 mortem
1524 596 1689 626 inducunt.
1703 596 1777 627 Cul-

1007 656 1046 685 pa
1059 656 1134 677 vero
1150 649 1180 677 et
1196 647 1346 687 iniquitas
1363 649 1494 679 omnino
1509 649 1693 679 adversatur
1707 650 1776 689 jus-

1006 700 1082 730 titiae
1099 724 1106 738 ‚
1132 702 1162 730 et
1184 701 1391 740 vituperabile
1416 701 1517 732 reddit
1537 702 1715 741 subiectum
1743 704 1777 733 in

1005 762 1069 792 quo
1083 756 1127 784 est
1140 765 1146 791 ;
1165 754 1333 785 infirmitas
1347 763 1423 785 vero
1436 755 1535 785 reddit
1551 755 1655 794 magis
1671 755 1777 786 lauda-

1006 806 1078 844 hile,
1104 807 1231 846 quando
1252 809 1421 847 conjuncta
1438 809 1483 838 est
1498 808 1641 839 inferiori
1666 809 1775 840 virtuti

1005 859 1103 889 animi
1118 861 1294 891 secundum
1310 863 1427 891 statum
1443 861 1545 892 meriti
1561 872 1568 892 ε
1583 863 1613 892 et
1628 862 1697 893 ideo
1710 871 1773 893 non

1005 915 1051 942 est
1065 913 1167 943 simile
1181 913 1267 951 hinc,
1284 916 1315 944 et
1330 914 1413 944 inde.

1045 968 1071 996 ΕΞ.
1091 966 1137 996 Ad
1152 966 1229 996 illud
1245 967 1329 1006 quod
1337 967 1497 1006 objicitur,
1510 967 1595 1006 quod
1606 976 1700 1007 poena
1707 968 1774 998 sine

1004 1019 1097 1059 culpa
1124 1022 1170 1050 est
1195 1019 1370 1050 inordinate
1385 1044 1393 1057 ‚
1418 1020 1587 1050 dicendum
1613 1020 1699 1060 quod
1727 1022 1774 1051 est

1003 1083 1098 1114 poena
1109 1074 1291 1104 necessitate
1305 1073 1434 1110 inflicta,
1451 1076 1482 1104 et
1497 1075 1543 1104 est
1552 1083 1646 1114 poena
1661 1073 1773 1105 volun-

1002 1129 1064 1157 tate
1083 1128 1254 1166 assumpta.
1274 1126 1380 1157 Prima
1394 1136 1471 1166 ergo
1486 1135 1580 1166 poena
1594 1127 1773 1158 inordinata

1002 1182 1058 1216 est,
1072 1180 1133 1210 nisi
1143 1180 1235 1219 culpa
1248 1179 1441 1219 prees-asserit
1457 1180 1488 1210 in
1505 1189 1541 1210 eo
1551 1180 1607 1219 qui
1624 1180 1768 1219 punitum

1001 1232 1140 1263 secunda
1162 1241 1238 1263 vero
1270 1232 1413 1263 ordinem
1439 1232 1533 1263 habet
1547 1256 1554 1269 ‚
1586 1233 1652 1264 sive
1678 1233 1771 1272 culpa

1001 1285 1235 1324 praecesseritin
1249 1294 1285 1316 eo
1301 1285 1356 1324 qui
1371 1285 1516 1325 punitur,
1530 1285 1597 1316 sive
1612 1285 1645 1315 in
1661 1294 1698 1316 eo
1713 1294 1770 1324 pro

1000 1348 1063 1377 quo
1089 1339 1154 1378 ipse
1178 1339 1253 1369 velit
1275 1339 1404 1378 puniri:
1423 1341 1453 1369 et
1476 1339 1519 1369 sic
1545 1340 1591 1369 est
1606 1339 1637 1368 in
1654 1347 1770 1378 propo-

1000 1392 1059 1422 sito
1083 1403 1089 1422 :
1113 1401 1186 1422 nam
1213 1392 1354 1422 Christus
1379 1391 1480 1422 voluit
1503 1391 1691 1430 hujusmodi
1711 1391 1768 1421 (le-

999 1446 1098 1476 fectus
1113 1448 1143 1476 et
1155 1445 1352 1485 poenalitates
1372 1445 1403 1475 in
1420 1454 1453 1475 se
1471 1444 1586 1476 habere
1602 1453 1659 1484 pro
1675 1453 1768 1484 repa-

998 1500 1097 1530 randa
1109 1500 1253 1530 humana
1267 1501 1391 1529 natura.

1039 1554 1067 1582 3.
1086 1553 1133 1583 Ad
1154 1552 1231 1582 illud
1251 1552 1337 1592 quod
1351 1551 1509 1591 objicitur,
1526 1550 1610 1591 quod
1625 1550 1768 1581 Christus

997 1606 1130 1645 sumpsit
1144 1606 1321 1636 humanam
1336 1606 1484 1635 naturam
1499 1606 1534 1635 ut
1547 1613 1619 1635 eam
1629 1605 1765 1641 curaret,

997 1659 1164 1689 dicendum
1189 1659 1272 1698 quod
1304 1667 1415 1689 verum
1439 1660 1494 1688 est.
1526 1657 1613 1692 Quod
1645 1657 1764 1696 objicit,

996 1712 1080 1751 quod
1102 1712 1259 1742 contraria
1279 1711 1443 1742 contrariis
1464 1713 1638 1748 curantur,
1658 1710 1765 1741 (licen-

995 1765 1073 1795 dum
1087 1765 1171 1804 quod
1186 1765 1264 1796 illud
1283 1765 1445 1795 veritatem
1458 1764 1564 1802 habet,
1577 1763 1601 1794 si
1612 1764 1667 1794 fiat
1681 1772 1764 1794 com-

995 1818 1114 1857 paratio
1134 1819 1297 1849 medicinae
1317 1818 1356 1848 ad
1378 1826 1506 1848 causam
1524 1819 1554 1848 et
1569 1816 1762 1856 principium

995 1872 1197 1911 aegritudinis
1211 1883 1217 1903 t
1235 1874 1266 1903 et
1281 1872 1324 1901 sic
1338 1880 1402 1902 non
1418 1871 1512 1901 habet
1528 1870 1711 1901 instantiam
1729 1869 1764 1900 in

993 1925 1164 1964 proposito,
1184 1925 1258 1965 quia
1274 1924 1469 1965 principium
1484 1922 1697 1963 corruptionis
1712 1924 1762 1953 to-

993 1978 1055 2008 tius
1081 1978 1233 2008 humanae
1252 1980 1375 2008 naturae
1391 1977 1451 2007 fuit
1465 1977 1628 2007 delectatio
1643 1975 1762 2007 inordi-

992 2034 1067 2062 nata
1082 2031 1116 2061 in
1133 2041 1190 2062 esu
1208 2031 1289 2071 ligni
1312 2030 1411 2061 vetiti.
1432 2029 1469 2060 Et
1487 2030 1556 2061 ideo
1579 2029 1718 2061 defectus
1732 2031 1763 2060 et

992 2084 1186 2124 poenalitates
1199 2086 1316 2115 nostrae
1331 2083 1517 2123 aegritudini
1527 2083 1762 2114 contrariantur

991 2140 1021 2168 et
1048 2138 1272 2176 adversantur,
1301 2140 1430 2178 pensata
1452 2138 1521 2177 ers
1537 2146 1631 2168 causa
1645 2138 1676 2168 et
1696 2136 1761 2167 ori-

990 2191 1076 2230 gine.
1100 2191 1198 2222 Aliter
1219 2193 1319 2231 potest
1334 2191 1405 2229 dici,
1425 2190 1510 2230 quod
1530 2199 1602 2220 cum
1623 2188 1756 2220 dicitur:

994 2255 1008 2272 α
1017 2243 1177 2275 Contraria
1190 2244 1354 2275 contrariis
1369 2244 1532 2281 curantur,
1545 2253 1559 2271 »
1569 2242 1630 2273 hoc
1639 2240 1756 2272 intelli-

990 2297 1078 2335 gitur
1092 2300 1248 2337 quantum
1259 2297 1297 2327 ad
1312 2296 1432 2336 praevia
1447 2295 1599 2332 curantia,
1616 2294 1696 2325 sicut
1710 2295 1757 2324 est

988 2350 1091 2389 gratia
1113 2359 1187 2390 quae
1211 2351 1301 2380 curat
1322 2348 1468 2389 culpam;
1495 2349 1651 2388 quantum
1678 2354 1754 2377 vero

987 2402 1025 2432 ad
1039 2403 1186 2442 proxima
1198 2426 1205 2440 ,
1222 2403 1387 2433 veritatem
1403 2410 1467 2432 non
1481 2400 1590 2438 hahet,
1605 2399 1681 2439 quia
1693 2399 1754 2430 do-

985 2454 1034 2485 lor
1047 2458 1092 2486 est
1105 2456 1260 2487 medicina
1274 2455 1389 2487 doloris
1405 2465 1412 2485 z
1430 2454 1474 2484 sic
1493 2455 1525 2484 et
1546 2453 1580 2483 in
1594 2451 1753 2492 proposito

985 2510 1031 2539 est
1044 2509 1300 2548 intelligendum.

1024 2564 1053 2591 4.
1069 2561 1118 2592 Ad
1136 2562 1214 2592 illud
1228 2561 1312 2601 quod
1328 2559 1492 2600 objicitur,
1509 2558 1595 2598 quod
1615 2558 1753 2589 defectus

983 2613 1054 2654 plus
1068 2614 1173 2645 valent
1180 2613 1219 2645 ad
1233 2612 1443 2644 deficiendum
1458 2620 1556 2651 quarn
1568 2610 1607 2642 ad
1621 2611 1751 2643 vincen-

1790 2381 1876 2403 Catonis

1788 2418 1855 2433 rume-

1792 2442 1848 2463 dium

1785 2475 1858 2494 contra

1771 2503 1874 2528 dolorem.
