2017 2960
684 204 782 236 DIST.
806 204 857 236 IX.
881 204 971 236 ART.
995 204 1034 235 11.
1059 203 1211 241 QUAEST.
1233 203 1272 234 ΙΙ.

169 275 277 304 autem
292 274 339 304 est
351 271 452 312 ipsius
465 272 583 310 latriae,
605 272 721 303 offerre
737 281 744 303 :
762 281 840 311 ergo
856 271 944 302 vide-

169 329 222 357 tur
235 326 320 366 quod
333 334 429 355 omne
442 334 524 364 opus
539 325 661 356 honum
676 326 716 356 sit
730 325 832 356 latriae
846 334 853 356 :
867 334 947 364 ergo

169 379 259 410 latria
272 381 318 409 est
334 378 436 408 virtus
451 379 622 417 generalis.

209 435 237 463 3.
272 432 350 462 Item
381 432 579 473 quicumque
607 433 712 464 obedit
737 433 799 463 Deo
812 456 821 469 ,
852 432 949 462 servit

167 486 230 516 Deo
247 496 253 516 :
271 485 325 515 sed
337 485 475 516 servitus
488 487 545 516 soli
560 486 621 516 Deo
637 485 751 523 debita,
769 488 815 515 est
830 485 922 515 latria
938 495 944 514 :

167 548 246 578 ergo
267 539 372 569 omnis
396 541 484 570 actus
514 548 578 579 quo
602 539 664 569 Deo
692 538 878 574 obedimus,
902 540 949 568 est

166 594 255 622 actus
276 592 378 622 latriae
402 603 408 623 t
425 602 503 632 ergo
519 592 611 622 latria
626 601 659 622 se
674 591 815 622 extendit
837 590 877 620 ad
900 599 949 620 ac-

166 647 237 675 tum
256 645 361 675 omnis
382 645 510 675 virtutis
533 647 563 675 et
585 644 736 684 praecepti
754 653 762 674 ε
780 652 858 682 ergo
883 652 948 673 non

166 700 213 728 est
228 698 332 728 virtus
346 698 504 737 specialis,
523 698 578 728 sed
593 697 763 736 generalis.

206 753 236 781 4.
255 750 334 781 Item
350 759 564 790 quaecumque
578 750 650 780 facit
666 750 737 790 quis
752 749 791 780 ad
807 749 947 788 gloriam

165 804 236 841 Dei,
261 804 334 835 facit
357 804 396 834 ad
419 804 542 835 cultum
562 804 615 835 Dei
633 816 639 835 :
660 805 714 835 sed
736 804 845 835 omnia
858 812 947 843 quae—

165 867 302 898 cumque
323 858 403 888 bene
420 858 570 895 facimus,
593 858 728 888 facimus
751 858 790 888 ad
811 857 947 896 gloriam

165 911 230 949 Dei,
249 913 285 942 ut
300 911 376 942 dicit
391 911 579 951 Apostolus¹
598 922 604 942 :
626 912 744 943 Omnia
763 912 799 942 z'n
812 911 949 951 ylorz'am

166 964 223 996 Dei
243 965 339 1003 facile
357 974 369 993 .·
391 973 470 1003 ergo
493 973 589 995 omne
612 974 692 1005 opus
716 964 877 996 laudabile
901 966 950 995 est

167 1026 247 1057 opus
261 1017 363 1048 latriae
380 1026 388 1047 :
408 1026 488 1056 ergo
507 1017 599 1048 latria
617 1017 745 1048 videtur
765 1027 832 1048 esse
848 1026 948 1057 gene-

167 1070 243 1101 ralis
258 1071 386 1102 habitus
400 1070 439 1101 ad
454 1080 565 1102 omnes
579 1071 724 1102 virtutes.

443 1187 671 1219 CONCLUSIO.

167 1278 282 1308 Latria,
306 1279 335 1303 ut
356 1278 466 1312 respicit
485 1278 566 1304 Deum
596 1285 648 1304 non
681 1277 755 1304 modo
776 1277 824 1304 sub
844 1278 950 1304 ratione

202 1323 265 1356 finis
279 1324 304 1348 et
319 1322 429 1357 obJ'ecti‚
445 1322 490 1349 sed
509 1322 557 1349 sub
578 1323 684 1349 ratione
703 1322 872 1349 honorabilis
884 1342 891 1354 ‚
912 1325 949 1348 est

203 1367 291 1393 virtus
305 1367 441 1401 specialis.

209 1447 300 1487 Resp.
327 1448 366 1478 ad
383 1457 452 1487 arg.
478 1448 651 1478 Dicendum
675 1447 761 1487 quod
781 1447 874 1477 latria
890 1456 949 1478 no-

168 1500 269 1531 minat
285 1501 448 1538 habitum3
465 1501 612 1532 nominat
626 1501 721 1531 etiam
736 1500 859 1530 cultum
881 1499 946 1538 Dei,

168 1554 207 1584 ad
224 1563 321 1593 quem
335 1554 388 1585 ille
410 1554 538 1585 habitus
559 1554 736 1584 ordinatur.
763 1552 875 1584 Cultus
894 1562 950 1583 au-

168 1609 232 1638 tem
258 1608 315 1639 Dei
337 1610 438 1647 potest
459 1607 557 1647 accipi
580 1607 745 1646 tripliciter
763 1618 769 1637 :
788 1606 948 1645 generali-

167 1663 231 1697 ter,
256 1661 399 1700 proprie,
418 1663 449 1691 et
472 1660 579 1699 magis
596 1659 735 1699 proprie.
763 1659 832 1690 Uno
855 1659 949 1690 modo

167 1713 284 1745 dicitur
304 1714 409 1746 cultus
435 1716 525 1744 actus
545 1713 684 1744 directus
706 1713 737 1743 in
763 1713 864 1743 Deum
888 1713 948 1743 sub

167 1767 289 1797 ratione
303 1767 376 1797 finis
395 1778 402 1798 z
419 1769 449 1797 et
467 1767 512 1797 sic
533 1770 580 1797 est
600 1766 704 1797 omnis
725 1765 863 1796 virtutis
879 1765 949 1796 Alio

167 1820 263 1850 modo
282 1820 400 1851 dicitur
420 1821 525 1852 cultus
545 1821 604 1851 Det·
624 1821 712 1850 actus
732 1819 767 1849 in
784 1819 885 1849 Deum
901 1819 948 1849 di-

167 1876 272 1905 rectus
298 1883 364 1904 non
387 1874 493 1904 solum
514 1874 636 1904 ratione
660 1873 751 1909 finis,
775 1872 827 1903 sed
852 1873 948 1903 etiam

167 1927 282 1967 objecti
302 1938 308 1957 :
327 1929 357 1957 et
377 1926 421 1957 sic
439 1929 485 1957 est
500 1926 659 1957 virtutum
681 1925 947 1965 theologicarum.

168 1980 275 2011 Tertio
297 1980 392 2010 modo
407 1980 510 2012 cultus
534 1980 594 2012 Dei
614 1979 730 2010 dicitur
752 1980 859 2019 magis
875 1989 947 2020 pro-

168 2033 236 2073 prie
251 2035 340 2064 actus
355 2033 493 2064 directus
508 2033 543 2063 in
560 2033 660 2064 Deum
676 2042 741 2064 non
769 2033 873 2064 solum
890 2034 949 2064 sub

168 2087 292 2118 ratione
307 2087 381 2117 finis
393 2089 423 2117 et
436 2087 564 2127 objecti,
579 2087 632 2117 sed
644 2087 740 2117 etiam
754 2087 814 2118 sub
828 2087 950 2118 ratione

168 2140 364 2171 honorabilis
381 2151 388 2171 :
405 2143 435 2171 et
455 2141 528 2171 talis
548 2143 637 2171 actus
658 2143 705 2171 est
725 2142 815 2171 actus
837 2140 950 2171 adora-

168 2195 274 2233 tioniS,
301 2197 332 2226 et
353 2195 396 2226 sic
421 2197 467 2226 est
493 2195 623 2226 virtutis
647 2194 790 2234 specialis
810 2205 816 2225 ε
838 2197 869 2225 et
890 2195 951 2225 hoc

169 2249 264 2280 modo
279 2251 326 2280 est
342 2249 442 2289 ipsius
462 2249 575 2280 latriae.
600 2248 689 2279 Sicut
711 2249 797 2279 enim
823 2248 952 2279 idolola-

169 2303 231 2333 tria
245 2312 309 2333 non
323 2303 439 2334 dicitur
452 2302 678 2342 quodcumque
694 2304 874 2342 peccatum,
897 2302 951 2332 scd

171 2355 250 2386 inud
269 2365 333 2395 quo
350 2358 495 2387 creatura
514 2356 683 2394 adoratur;
701 2356 746 2386 sic
769 2355 862 2386 latria
886 2364 951 2385 non

172 2407 287 2440 dicitur
308 2409 505 2449 quicumque
525 2409 669 2447 habitus,
687 2409 740 2440 sed
763 2408 815 2439 ille
836 2417 951 2439 secun-

208 2501 215 2517 ¹
230 2501 235 2523 1
253 2501 320 2532 Cor.y
334 2509 359 2532 x,
371 2503 442 2527 31.-
453 2503 462 2519 ³
475 2503 550 2534 Aug.‚
563 2502 592 2526 <Ie
609 2502 685 2526 civit.
703 2503 756 2531 Dei,
773 2502 816 2527 lib.
833 2503 863 2532 X,
880 2509 902 2525 c.
914 2504 950 2529 lv,

177 2532 260 2563 quoad
274 2539 386 2558 sensum.

1727 207 1786 235 215

1003 271 1082 302 dum
1103 280 1199 311 quem
1221 270 1326 301 cultus
1349 271 1542 302 adorationis
1566 272 1629 303 Deo
1651 273 1786 303 exhibe-

1006 327 1069 355 tur.
1098 324 1135 355 Et
1159 324 1229 355 ideo
1254 324 1490 355 concedendum
1515 327 1561 356 est
1587 326 1672 366 quod
1694 325 1787 356 latria

1004 380 1051 408 est
1075 377 1216 417 specialis
1241 377 1352 414 virtus,
1378 380 1507 418 propter
1532 378 1612 416 hoc,
1637 378 1724 418 quod
1746 379 1786 409 ad

1003 430 1106 469 ipsam
1142 432 1260 469 spectat
1285 430 1390 461 cultus
1414 431 1468 462 Dei
1497 431 1674 462 secundum
1701 431 1786 471 quod

1003 483 1119 513 dicitur
1128 483 1232 521 magis
1246 484 1383 523 proprie,
1398 485 1544 516 videlicet
1559 494 1616 525 pro
1629 485 1698 525 ipsa
1713 485 1786 515 ado-

1003 535 1137 566 ratione.
1175 535 1213 565 Et
1240 537 1450 568 concedendae
1478 540 1553 568 sunt
1580 538 1721 569 rationes
1747 538 1787 568 ad

1004 588 1064 618 hoc
1081 587 1231 618 inductae.

1049 644 1074 671 l.
1092 640 1139 671 Ad
1156 641 1235 671 illud
1251 642 1337 681 quod
1356 642 1520 682 objicitur,
1537 644 1622 683 quod
1637 643 1719 674 Deus
1733 653 1788 674 co-

1003 694 1079 725 litur
1093 694 1173 732 fide,
1190 704 1245 734 spe
1267 697 1298 725 et
1321 695 1490 734 charitate,
1510 696 1680 727 dicendum
1701 697 1787 736 quod

1004 748 1109 779 cultus
1131 748 1186 778 Dei
1210 757 1276 778 non
1297 748 1452 788 accipitur
1473 749 1519 779 ibi
1543 750 1582 779 ab
1604 749 1787 788 Augustino

1003 803 1047 833 ita
1071 802 1196 840 stricte,
1222 803 1305 833 sicut
1331 803 1365 833 in
1389 803 1578 834 diffinitione
1602 804 1724 842 latriae,
1752 806 1788 835 ut

1004 859 1192 896 praetactum
1214 859 1261 887 est
1285 866 1292 887 ε
1310 859 1340 888 et
1361 857 1431 888 ideo
1449 867 1514 888 non
1535 857 1682 897 sequitur
1701 858 1787 897 quod

1003 910 1095 940 latria
1118 910 1158 940 sit
1184 910 1344 950 generalis
1368 911 1472 942 virtus
1498 911 1537 942 ad
1561 914 1626 942 tres
1650 911 1787 942 virtutes

1004 964 1210 1003 theologicas.

1045 1021 1075 1049 Ξ.
1092 1018 1139 1048 Ad
1155 1018 1233 1049 iliud
1249 1019 1334 1058 quod
1349 1019 1498 1059 objicitur
1516 1019 1551 1050 in
1565 1020 1761 1051 contrarium
1775 1045 1783 1059 ,

1004 1071 1090 1111 quod
1117 1072 1309 1103 sacrificium
1337 1073 1473 1104 offertur
1500 1073 1563 1104 Deo
1588 1074 1620 1105 in
1645 1074 1787 1114 quolibet

1005 1125 1089 1156 bono
1104 1134 1209 1165 opere,
1227 1125 1399 1157 dicendum
1414 1127 1500 1166 quod
1516 1127 1597 1158 sicut
1611 1127 1718 1158 cultus
1731 1128 1787 1159 Dei

1005 1179 1223 1218 multipliciter
1240 1179 1371 1216 dicitur,
1390 1180 1436 1209 sic
1453 1183 1483 1210 et
1505 1180 1709 1211 sacrificium.
1732 1181 1786 1212 Est

1004 1232 1090 1262 enim
1107 1232 1299 1262 sacrificium
1315 1232 1407 1263 bonae
1422 1234 1625 1272 operationis,
1644 1236 1674 1264 et
1689 1234 1784 1264 sacri-

1004 1285 1114 1315 ficium
1132 1285 1254 1316 devotae
1275 1286 1443 1321 orationis,
1465 1289 1495 1316 et
1510 1287 1703 1317 sacrificium
1720 1287 1785 1317 im-

1005 1339 1184 1369 molationis
1203 1350 1208 1369 :
1226 1339 1370 1379 primum
1385 1342 1432 1370 est
1446 1341 1605 1371 virtutum
1619 1341 1782 1379 omnium3

1004 1392 1183 1423 secundum
1197 1395 1244 1423 est
1258 1393 1415 1423 virtutum
1427 1393 1701 1433 theologicarum;
1719 1397 1786 1425 ter-

1004 1446 1087 1477 tium
1103 1448 1222 1486 spectat
1241 1446 1280 1476 ad
1294 1447 1396 1486 ipsam
1413 1447 1552 1478 latriam.
1580 1447 1683 1487 Ipsius
1698 1448 1785 1479 enim

1003 1500 1104 1530 latriae
1126 1502 1172 1529 est
1193 1499 1385 1530 sacrificium
1411 1500 1525 1531 offerre
1549 1500 1612 1531 Deo
1638 1512 1645 1531 ι
1671 1503 1701 1531 et
1725 1501 1785 1532 hoc

1004 1553 1195 1583 sacrificium
1212 1553 1270 1583 soli
1286 1552 1348 1583 Deo
1363 1553 1512 1590 debetur,
1528 1554 1610 1584 sicut
1623 1554 1698 1585 dicit
1714 1555 1785 1585 Au-

1004 1606 1191 1644 gustiuu52,
1217 1608 1247 1637 et
1271 1605 1371 1638 latria
1393 1606 1467 1637 dicit
1491 1607 1615 1637 cultum
1637 1607 1695 1638 soli
1721 1608 1785 1639 Deo

1004 1660 1160 1690 debitum.

1046 1716 1074 1744 3.
1101 1713 1148 1743 Ad
1171 1713 1250 1743 illud
1276 1713 1361 1753 quod
1382 1713 1547 1753 objicitur,
1571 1714 1656 1753 quod
1680 1714 1786 1744 omnis

1004 1767 1060 1806 qui
1076 1767 1181 1797 obedit
1197 1766 1276 1803 Deo,
1295 1767 1393 1797 servit
1412 1767 1491 1803 Deo,
1514 1767 1685 1798 dicendum
1700 1768 1785 1807 quod

1004 1829 1119 1851 verum
1132 1822 1195 1858 est,
1208 1829 1247 1850 ex
1258 1820 1319 1850 hoc
1333 1821 1441 1850 tamen
1457 1829 1522 1850 non
1538 1820 1683 1860 sequitur
1699 1821 1785 1860 quod

1004 1874 1110 1904 omnis
1124 1873 1303 1904 obedientia
1321 1873 1360 1903 sit
1380 1873 1473 1904 latria
1491 1885 1496 1904 :
1519 1874 1595 1913 quia
1609 1874 1786 1905 obedientia

1005 1936 1070 1958 non
1093 1927 1199 1958 solum
1221 1927 1296 1958 dicit
1315 1927 1503 1958 servitutem
1526 1928 1586 1968 ipsi
1605 1928 1668 1959 Deo
1694 1928 1785 1959 debi-

1005 1985 1070 2013 tam
1082 2007 1090 2021 ,
1108 1982 1162 2013 sed
1177 1982 1273 2012 etiam
1290 1981 1479 2012 servitutem
1491 1982 1542 2012 his
1557 1981 1613 2021 qui
1629 1981 1786 2012 suntiono

1005 2036 1072 2074 Dei,
1088 2038 1124 2066 ut
1139 2035 1289 2076 praelatis.
1307 2034 1412 2065 Latria
1428 2037 1537 2065 autem
1557 2035 1631 2066 dicit
1646 2035 1784 2066 servitu—

1005 2091 1069 2120 tem
1086 2089 1143 2120 soli
1157 2089 1220 2119 Deo
1237 2088 1378 2119 debitam
1397 2099 1403 2119 :
1422 2091 1452 2118 et
1466 2088 1537 2119 ideo
1555 2088 1636 2119 ratio
1652 2088 1707 2119 illa
1722 2097 1785 2119 non

1005 2143 1100 2181 valet,
1117 2143 1170 2173 sed
1186 2144 1293 2182 peccat
1307 2141 1486 2172 secundum
1500 2151 1709 2181 consequens,

1046 2200 1076 2228 4.
1093 2197 1140 2227 Ad
1156 2196 1234 2227 illud
1248 2196 1334 2236 quod
1349 2195 1511 2235 objicitur,
1523 2196 1609 2236 quod
1622 2204 1786 2236 quaecum-

1006 2260 1068 2291 que
1085 2251 1166 2281 fiunt
1187 2250 1225 2280 ad
1249 2250 1385 2289 gloriam
1401 2249 1475 2288 Dei,
1498 2250 1582 2280 fiunt
1602 2249 1642 2280 ad
1662 2249 1785 2280 cultum

1006 2304 1072 2341 Dei,
1089 2306 1175 2344 patet
1188 2303 1350 2343 responsio
1362 2312 1419 2343 per
1429 2304 1499 2343 jam
1511 2303 1593 2334 dicta
1607 2313 1614 2333 ε
1631 2302 1785 2342 quoniam

1006 2358 1111 2389 cultus
1129 2357 1284 2397 accipitur
1306 2357 1350 2387 ibi
1366 2356 1558 2396 generaliter
1573 2365 1628 2395 pro
1643 2357 1716 2386 actu
1731 2363 1785 2385 or-

1006 2412 1114 2443 dinato
1132 2411 1166 2442 in
1182 2411 1284 2442 Deum
1307 2413 1461 2450 tanquam
1488 2410 1521 2441 in
1536 2410 1653 2447 finem3
1671 2409 1705 2440 in
1723 2408 1784 2440 dif-

1006 2465 1151 2496 finitione
1165 2466 1275 2495 autem
1296 2464 1397 2495 latriae
1417 2463 1571 2504 accipitur
1585 2462 1690 2502 magis
1710 2470 1784 2502 pro-

1006 2520 1085 2560 prie,
1101 2518 1278 2550 secundum
1292 2517 1377 2558 quod
1391 2517 1512 2549 dictum
1527 2518 1582 2548 est.
