2017 2960
622 136 719 168 DIST.
741 136 847 169 XXIV.
871 136 961 169 ΛΒΤ.
987 137 1010 168 1.
1034 137 1183 175 QUAEST.
1207 140 1260 172 ΙΙΙ.
1704 148 1763 178 525

154 200 214 234 fuit
227 205 406 241 ostensum3
425 202 569 234 similiter
582 212 640 235 nec
654 205 736 236 alius
751 204 867 236 modus
884 204 928 235 di-

155 254 244 285 cendi
257 254 384 291 sufficit,
398 253 483 294 quod
497 254 537 285 ad
550 255 841 287 immutabilitatem
854 255 927 286 fidei

154 308 290 338 sufficiat
311 307 551 338 immutabilitas
573 309 705 339 rationis
720 309 876 340 credendi.
895 308 927 339 Si

155 360 240 390 enim
255 360 381 390 articuli
396 362 471 390 sunt
486 362 710 400 enuntiabilia,
726 365 756 393 et
777 362 928 392 dicuntur

155 413 368 444 immutabiles
389 416 518 453 propter
532 415 688 446 rationem
705 415 852 446 credendi
869 415 930 444 im-

156 465 352 504 mutabilem,
374 466 443 505 pari
466 467 587 498 ratione
613 468 794 498 dicerentur
819 477 929 498 omnes

155 527 240 549 unus
268 518 421 549 articulus
451 522 578 559 propter
609 521 738 551 unicam
772 522 928 551 rationem

156 572 323 610 credendi,
339 582 413 612 quae
436 575 483 603 est
507 573 540 603 in
562 573 638 604 eis¹.
655 573 726 604 ldeo
749 576 794 604 est
818 573 930 604 tertius

156 627 270 658 modus
285 628 424 666 dicendi,
441 629 527 668 quod
550 638 624 659 cum
642 629 715 659 fidei
735 629 862 660 habitus
882 629 931 659 fa—

156 680 216 710 ciat
239 683 380 712 mentem
402 682 555 712 assentire
583 681 743 718 credibili,
767 682 833 712 sive
861 690 929 711 cre-

155 734 232 770 dito;
247 736 277 765 et
285 744 431 765 assensus
444 744 509 764 non
520 735 640 765 feratur
655 743 749 774 super
761 736 797 773 (at
809 734 932 764 incom-

155 786 298 825 plexum,
324 787 377 817 sed
392 796 486 826 super
503 788 541 825 (a)
561 787 785 826 complexum,
814 795 932 826 ponere

156 842 279 879 oportet
298 839 383 879 quod
405 840 510 879 ipsum
536 840 695 879 objectum
710 840 797 877 fidei,
815 849 932 870 secun-

156 892 234 923 dum
242 893 326 932 quod
335 902 429 933 super
444 893 522 923 illud
532 893 566 932 rb]
576 894 675 923 tertur
680 893 770 931 fides,
780 893 874 923 habet
881 902 933 923 ra-

156 945 277 976 tionem
291 946 460 986 complexi.
478 946 515 976 Et
535 946 609 986 quia
625 946 792 985 dupliciter
807 947 933 977 contin—

157 998 205 1038 git
220 999 316 1029 fidem
340 999 415 1029 ferri
440 999 473 1029 in
497 999 657 1038 obiectum
681 1009 792 1038 suum,
818 1000 934 1030 scilicet

159 1053 214 1082 aut
227 1052 392 1092 implicite,
410 1055 465 1083 aut
479 1053 642 1092 explicite,
667 1053 736 1083 ideo
758 1053 933 1084 secundum

159 1105 316 1146 duplicem
343 1107 477 1138 modum
499 1107 614 1137 dicitur
637 1107 841 1146 complexum
867 1116 933 1137 esse

159 1159 320 1199 obJectum
342 1160 434 1198 fidei,
459 1160 526 1190 sive
554 1160 632 1191 fides
657 1160 827 1191 consistere
851 1161 934 1191 circa

159 1213 372 1252 complexum.
394 1212 474 1243 Nam
498 1213 576 1243 fides
597 1215 755 1252 quantum
780 1213 819 1243 ad
841 1222 933 1244 suam

158 1266 366 1297 substantiam
380 1266 506 1306 respicit
521 1266 738 1306 complexum,
752 1266 819 1297 sive
832 1275 934 1297 enun-

159 1318 269 1350 ciabile
283 1343 292 1358 ,
328 1329 393 1350 non
432 1320 650 1351 concernendo
688 1320 932 1351 determinatam

158 1373 310 1412 temporis
324 1373 554 1412 differentiam,
576 1374 640 1404 imo
662 1374 790 1414 aliquod
813 1374 933 1405 dictum

158 1425 243 1465 quod
263 1428 309 1456 est
327 1435 498 1457 commune
522 1429 552 1457 et
575 1427 759 1457 indifferens
777 1427 816 1457 ad
839 1436 934 1458 omne

159 1481 304 1519 tempus,
329 1479 410 1510 sicut
440 1479 600 1510 Christum
622 1480 718 1511 fuisse
747 1489 930 1520 passurum.

158 1531 250 1563 Fides
274 1534 383 1563 autem
404 1532 554 1572 explicita
578 1533 704 1573 respicit
728 1533 934 1573 complexum

158 1586 217 1616 sub
248 1586 427 1618 differentia
461 1587 612 1626 temporis
643 1587 868 1625 determinata,
892 1588 935 1617 si-

159 1641 212 1670 cut
244 1649 331 1671 nunc
368 1641 491 1679 oportet
527 1639 654 1670 credere
682 1640 935 1671 incarnationem

158 1692 256 1724 fuisse
267 1716 274 1730 ‚
291 1695 322 1724 et
344 1693 609 1724 resurrectionem
623 1694 768 1724 futuram
790 1703 869 1725 esse.
888 1694 935 1725 Si-

159 1749 212 1777 eut
230 1755 308 1785 ergo
329 1746 494 1786 explicatio
513 1746 625 1776 accidit
645 1746 734 1785 fidei,
757 1756 815 1778 nec
830 1750 934 1778 mutat

160 1800 329 1831 essentiam
343 1800 432 1838 fidei,
450 1800 493 1830 sic
506 1802 536 1830 et
559 1800 691 1830 variatio
705 1801 857 1841 temporis
878 1802 932 1833 de-

159 1853 320 1884 terminati
333 1862 399 1884 non
411 1853 513 1884 variat
527 1853 637 1891 fidem,
647 1856 683 1884 ut
691 1854 731 1884 sit
741 1854 813 1893 alia,
829 1856 860 1885 et
873 1855 934 1886 alia

160 1907 337 1937 secundum
359 1906 509 1946 speciem.
533 1905 571 1936 Et
595 1906 647 1936 1116
669 1907 798 1946 quidem
821 1908 936 1939 modus

161 1959 286 1990 dicendi
304 1959 379 1990 satis
397 1962 442 1990 est
462 1958 644 1998 probabilis.
662 1959 754 1991 Hunc
774 1970 852 2000 ergo
866 1971 937 1992 sus-

161 2012 291 2043 tinendo
305 2012 408 2043 dicere
422 2021 604 2052 possumus,
619 2013 705 2052 quod
721 2013 798 2044 fides
809 2015 937 2054 proprie

162 2066 312 2097 consistat
331 2066 414 2097 circa
436 2075 553 2098 verum
569 2066 786 2105 complexum,
811 2070 841 2098 et
857 2077 937 2099 6011-

163 2119 311 2151 cedendae
326 2122 402 2150 sunt
416 2119 564 2157 rationes,
586 2127 660 2158 quae
678 2119 738 2150 hoc
754 2121 936 2152 ostendunt.

204 2176 232 2204 1.
249 2173 298 2204 Ad
312 2173 390 2204 illud
403 2173 489 2213 quod
503 2172 608 2213 primo
624 2173 773 2212 objicitur
787 2174 825 2205 de
839 2183 939 2205 enun-

163 2226 324 2257 ciabilium
344 2226 531 2265 mutatione,
554 2227 620 2266 jam
640 2229 726 2267 patet
748 2229 936 2268 responsio:

163 2279 240 2319 quia
253 2280 452 2311 enunciabile
466 2280 553 2320 quod
567 2289 632 2311 non
653 2281 813 2312 concernit
832 2282 940 2313 deter-

164 2333 319 2364 minatam
339 2333 493 2373 temporis
515 2333 730 2364 differentiam
754 2334 790 2365 in
806 2335 940 2366 diversis

163 2387 371 2426 temporibus,
386 2395 452 2418 non
469 2389 616 2418 mutatur
630 2398 637 2418 z
655 2389 686 2418 et
698 2387 760 2418 hoc
777 2390 840 2427 est,
858 2389 941 2420 circa

163 2440 249 2479 quod
262 2440 340 2472 fides
359 2440 454 2472 habet
474 2441 644 2473 consistere
659 2441 838 2473 secundum
853 2440 939 2482 quod

164 2494 260 2533 fides3
275 2494 330 2525 sed
342 2494 396 2526 illa
409 2494 624 2527 enunciabilia
638 2495 743 2527 solum
756 2495 935 2534 variantur,

198 2570 206 2586 ¹
217 2571 244 2594 S.
259 2570 380 2600 Thomas,
390 2571 454 2600 11-11,
464 2577 489 2602 q.
505 2576 522 2594 1.
536 2573 584 2595 art.
596 2572 620 2600 2,
630 2572 701 2595 tenet
714 2570 784 2602 quod
799 2571 942 2596 6511116011]-

197 2611 228 2641 (a)
245 2610 288 2635 Al.
304 2617 390 2641 supra.
402 2623 431 2629 -
443 2610 479 2641 (b)
492 2617 568 2641 supra
585 2611 639 2635 illa.

983 213 1057 244 quae
1071 209 1267 238 concernunt
1281 207 1524 239 determinatam
1538 211 1690 250 temporis
1705 212 1762 243 dif-

982 258 1147 289 ferentiam
1164 270 1169 290 :
1187 262 1218 290 et
1232 260 1313 291 circa
1322 261 1381 292 hoc
1391 262 1531 292 consistit
1547 262 1635 299 111165,
1648 273 1764 297 5661111-

983 310 1060 341 1111111
1084 312 1168 350 quod
1193 314 1340 353 explicita
1357 324 1364 345 :
1381 317 1411 345 et
1434 324 1474 345 ex
1489 314 1549 345 hoc
1570 324 1636 346 non
1660 320 1764 356 potest

983 364 1125 394 concludi
1143 366 1229 404 quod
1241 367 1318 397 fides
1333 368 1373 398 sit
1388 368 1461 406 alia,
1479 370 1509 398 et
1524 368 1596 407 alia,
1611 369 1665 400 sed
1677 371 1762 409 quod

982 416 1055 447 fidei
1069 417 1237 457 explicatio
1251 421 1290 451 sit
1305 422 1428 452 variata
1443 422 1478 452 111
1493 422 1626 453 diversis
1642 425 1761 464 tempo-

984 470 1085 500 ribus.

1025 525 1053 553 2.
1072 523 1119 554 Ad
1134 524 1212 555 illud
1227 526 1312 565 quod
1328 527 1479 566 objicitur
1491 553 1499 567 ,
1526 529 1611 569 quod
1626 532 1672 560 est
1685 531 1764 562 fides

985 575 1067 606 circa
1082 586 1197 608 verum
1218 578 1406 617 increatum,
1420 581 1502 612 circa
1518 583 1603 621 quod
1618 583 1708 614 nulla
1720 587 1766 615 est

986 629 1178 669 complexio,
1198 631 1367 662 dicendum
1383 634 1479 672 quod,
1500 635 1581 665 sicut
1604 635 1636 666 in
1661 637 1765 676 primo

985 681 1065 713 libro
1083 684 1093 699 ²
1111 683 1232 714 dictum
1255 685 1331 723 fuit,
1354 687 1502 726 quamvis
1523 688 1605 719 Deus
1624 690 1664 720 sit
1686 691 1766 721 sim-

986 735 1190 775 plicissimus,
1207 739 1315 768 tamen
1332 739 1416 770 circa
1431 740 1537 779 ipsum
1552 750 1627 772 vere
1646 743 1767 774 contin-

985 788 1033 827 git
1048 790 1219 821 enunciare
1236 790 1296 821 hoc
1310 791 1348 822 de
1364 792 1423 822 1106
1446 802 1502 833 per
1525 794 1657 825 modum
1675 804 1766 826 com-

986 841 1157 881 plexionis,
1176 852 1234 883 pro
1250 853 1287 874 eo
1304 845 1390 884 quod
1409 846 1496 876 illam
1513 847 1766 887 complexionem

986 903 1051 924 non
1076 896 1165 934 ponit
1191 896 1369 928 intellectus
1392 898 1474 929 circa
1498 909 1579 938 rem,
1605 901 1658 931 sed
1683 902 1766 933 61163

987 948 1127 988 seipsum
1155 950 1386 990 intelligentem
1410 963 1416 990 ;
1445 962 1502 983 nec
1527 955 1635 984 tamen
1659 957 1764 993 errat,

987 1001 1063 1040 quia
1090 1011 1156 1032 non
1184 1005 1285 1042 potest
1310 1005 1542 1044 simplicitatem
1575 1007 1674 1039 divini
1699 1017 1766 1039 esse

989 1053 1049 1083 nisi
1070 1055 1129 1085 sub
1152 1056 1207 1086 tali
1230 1058 1457 1097 compositione
1473 1062 1503 1090 et
1527 1060 1691 1091 collatione
1714 1070 1768 1092 ca-

988 1119 1061 1149 pere
1083 1119 1090 1141 :
1116 1112 1146 1140 61
1170 1120 1226 1150 per
1252 1111 1340 1142 hunc
1363 1112 1496 1142 modum
1521 1113 1767 1152 intelligendum

989 1163 1081 1193 estin
1096 1164 1168 1194 fide.
1196 1164 1352 1195 Praeterea
1379 1165 1456 1195 fides
1479 1175 1545 1196 non
1570 1169 1695 1197 tantum
1722 1170 1768 1198 est

989 1215 1027 1245 de
1045 1225 1121 1246 vero
1136 1216 1275 1247 increato
1289 1217 1322 1246 in
1336 1226 1380 1255 se,
1397 1218 1449 1247 sed
1465 1218 1561 1248 etiam
1576 1222 1671 1258 prout
1683 1229 1767 1250 com-

989 1270 1120 1307 paratur
1134 1268 1173 1298 ad
1188 1269 1356 1300 veritatem
1376 1273 1526 1308 creatam,
1544 1271 1626 1302 sicut
1647 1272 1767 1303 dictum

989 1324 1036 1351 est
1058 1322 1205 1361 superius
1223 1333 1229 1353 z
1247 1325 1278 1353 et
1302 1323 1360 1354 ista
1384 1325 1578 1364 comparatio
1601 1325 1660 1355 sub
1685 1335 1767 1365 qua-

989 1374 1062 1404 dam
1077 1375 1296 1415 complexione
1311 1379 1373 1415 est,
1394 1379 1424 1407 et
1439 1380 1606 1418 propterea
1620 1379 1674 1410 1113
1687 1379 1768 1410 13110

990 1437 1055 1458 11011
1068 1429 1164 1467 cogit.

1031 1484 1059 1511 3.
1079 1481 1127 1512 Ad
1142 1482 1219 1512 illud
1234 1491 1311 1513 vero
1332 1484 1418 1523 quod
1437 1484 1587 1524 objicitur
1600 1509 1607 1522 ,
1630 1486 1715 1525 quod
1730 1487 1768 1518 de

990 1534 1100 1565 eodem
1115 1537 1161 1565 est
1176 1536 1254 1566 fides
1263 1536 1297 1566 in
1307 1537 1372 1575 via,
1382 1537 1455 1568 etin
1468 1539 1581 1578 patria,
1599 1539 1769 1571 dicendum

991 1588 1076 1627 quod
1096 1597 1202 1619 unum
1223 1591 1254 1619 et
1276 1589 1362 1620 idem
1385 1593 1487 1630 potest
1503 1592 1719 1632 apprehendi,
1737 1596 1768 1624 et

991 1651 1047 1681 per
1060 1642 1192 1673 modum
1208 1643 1411 1684 incomplexi,
1422 1647 1453 1675 et
1468 1655 1524 1685 per
1540 1646 1673 1676 modum
1685 1656 1769 1677 com-

991 1694 1087 1734 plexi,
1104 1695 1184 1726 sicut
1206 1697 1292 1735 patet
1315 1697 1348 1726 in
1370 1697 1622 1737 apprehensione
1645 1707 1767 1738 sensus,

991 1751 1022 1778 et
1035 1748 1224 1780 intellectus.
1241 1748 1359 1780 Sensus
1374 1751 1477 1788 enim,
1495 1751 1573 1782 dum
1587 1752 1769 1792 apprehen-

992 1801 1037 1831 dit
1050 1811 1119 1832 rem
1134 1802 1252 1841 albam,
1269 1803 1477 1843 apprehendit
1491 1813 1548 1844 per
1563 1805 1697 1836 modum
1712 1814 1771 1837 cu-

989 1855 1118 1894 jusdam
1154 1855 1418 1896 incomplexionis
1429 1880 1436 1894 ‚
1472 1858 1548 1897 quia
1582 1868 1647 1889 non
1680 1859 1770 1890 novit

992 1917 1102 1939 seusus
1126 1909 1265 1940 exterior
1291 1919 1492 1950 componere,
1516 1921 1574 1942 nec
1597 1912 1739 1943 dividere
1761 1921 1769 1942 :

992 1961 1045 1992 sed
1061 1962 1251 2001 intellectus,
1268 1963 1346 1994 dum
1361 1963 1439 1994 illud
1454 1964 1539 1994 idem
1550 1965 1769 2004 apprehendit,

992 2015 1078 2054 quod
1093 2024 1203 2046 sensus
1216 2016 1485 2055 apprehendebat,
1504 2017 1562 2048 sub
1577 2018 1671 2048 modo
1688 2027 1772 2049 com-

993 2067 1149 2107 plexionis
1174 2068 1306 2108 accipit,
1332 2069 1509 2108 praedicans
1535 2070 1595 2101 1106
1625 2071 1663 2101 116
1687 2071 1769 2110 1106,

994 2129 1188 2160 componens
1221 2121 1282 2152 hoc
1308 2122 1374 2160 illi,
1410 2124 1442 2153 et
1470 2123 1578 2154 dicens
1606 2124 1668 2155 1106
1703 2134 1771 2156 6556

993 2174 1127 2205 album:
1143 2177 1172 2205 61
1190 2175 1235 2205 113
1254 2175 1458 2215 complexum
1480 2179 1510 2207 et
1531 2177 1771 2217 incomplexum

993 2236 1058 2257 non
1072 2227 1192 2258 faciunt
1203 2228 1421 2260 diversitatem
1435 2239 1454 2260 a
1467 2232 1556 2270 parte
1570 2231 1617 2261 rei
1631 2240 1773 2271 compre-

994 2279 1118 2318 hensae,
1134 2281 1188 2312 sed
1203 2291 1221 2312 a
1235 2284 1325 2321 parte
1346 2283 1433 2314 modi
1453 2284 1742 2324 comprehendendi
1760 2295 1767 2315 ε

995 2335 1071 2374 quia
1084 2344 1199 2373 uuum,
1216 2337 1248 2365 et
1261 2335 1345 2366 idem
1364 2338 1467 2376 potest
1490 2338 1686 2377 apprehendi
1710 2338 1771 2369 sub

995 2387 1090 2418 modo
1115 2388 1354 2428 complexionis,
1379 2392 1410 2420 et
1433 2390 1708 2430 incomplexionis.
1732 2390 1772 2422 Et

995 2442 1163 2481 propterea
1177 2450 1244 2473 non
1264 2442 1412 2483 sequitur
1428 2443 1513 2483 quod
1531 2443 1558 2473 si
1571 2443 1654 2475 visio
1670 2446 1717 2474 est
1732 2444 1771 2476 de

995 2493 1118 2533 eodem,
1131 2494 1170 2526 de
1183 2504 1249 2535 quo
1263 2497 1311 2527 651
1325 2495 1416 2534 fides,
1430 2498 1462 2527 et
1473 2496 1555 2528 visio
1568 2505 1635 2528 non
1648 2499 1696 2528 est
1710 2497 1771 2529 sub

996 2574 1101 2606 plexum
1114 2574 1147 2599 oh
1165 2581 1220 2599 rem
1235 2576 1373 2606 creditam3
1389 2576 1553 2607 complexum
1566 2579 1652 2601 autem
1671 2577 1704 2602 ob
1719 2584 1773 2603 cre-

997 2610 1110 2635 dentem.
1122 2611 1171 2628 —2
1182 2611 1237 2635 Dist
1252 2617 1290 2642 111,
1306 2613 1354 2636 art.
1369 2614 1395 2643 ¹3
1410 2611 1468 2637 dist.
1487 2617 1545 2641 vni,
1557 2614 1605 2636 art.
1617 2614 1642 2637 2.
