2017 2960
234 207 290 236 562
790 197 1098 232 SENTENTIARUM
1121 196 1194 228 LlB.
1220 196 1271 227 111.

232 273 363 317 species,
381 277 413 305 et
426 272 520 305 desiit
534 282 615 315 spes.
634 270 681 302 lta
695 273 725 301 et
737 267 898 308 Christus,
915 266 949 298 in
974 275 1040 309 quo
1059 264 1194 297 fuerunt
1216 263 1303 296 bona
1326 263 1455 307 patriae,
1481 263 1616 297 credidit
1638 263 1771 307 quidem
1795 268 1825 295 et

232 330 373 374 speravit
389 328 656 363 resurrectionem
672 325 765 358 tertia
778 324 830 357 (110
845 324 1005 364 futuram,
1021 332 1079 366 pro
1095 332 1161 366 qua
1175 325 1206 353 et
1220 320 1351 353 Patrem
1366 320 1472 353 oravit
1486 320 1494 335 ¹
1507 334 1514 362 3
1529 332 1588 353 nee
1605 326 1712 354 tamen
1727 319 1825 354 fidem

233 388 400 427 virtutem,
416 387 466 420 vel
483 396 572 429 spem
588 383 715 423 habuit,
732 382 811 426 quia
831 392 897 414 non
918 379 1156 422 aenigmaticam
1181 382 1211 411 et
1233 378 1445 422 specularem,
1471 377 1525 410 sed
1548 378 1762 411 clarissimam
1786 376 1825 409 de

233 456 269 477 ea
282 445 498 487 cognitionem
516 441 644 481 liabuit.;
662 441 741 484 quia
762 450 827 471 non
855 438 1028 482 perfectius
1051 448 1121 469 eam
1144 435 1296 478 cognovit
1315 435 1509 479 praeteritam
1521 461 1530 474 ,
1548 447 1645 478 quain
1668 434 1829 468 intellexit

234 503 389 535 futuram.
408 499 555 544 Spu-iuvit
573 504 678 531 tamen
692 497 856 536 Christus,
879 496 961 527 sicut
978 495 1009 526 in
1025 493 1163 526 Psalmis
1182 493 1227 525 ait
1240 496 1249 511 ²
1270 505 1275 525 :
1300 494 1341 525 In
1363 499 1404 531 te,
1424 493 1574 533 Domine,
1591 493 1743 536 speravi,·
1767 503 1825 524 nec

235 564 340 591 tamen
364 557 472 598 tidem,
492 556 542 589 vel
562 567 650 600 speni
673 555 828 587 virtutem
850 553 982 592 habuit,
1002 551 1080 595 quia
1102 561 1159 594 per
1179 550 1317 594 speeiem
1341 550 1471 582 videbat
1495 561 1544 590 ea,
1569 560 1643 593 quae
1666 549 1826 581 credebat.

235 617 279 648 De
308 615 451 659 antiquis
479 625 555 646 vero
590 612 750 657 patribus,
778 611 835 655 qui
852 610 939 654 apud
971 608 1090 641 inferos
1115 618 1219 651 usque
1247 607 1287 639 ad
1322 607 1504 651 passionem
1527 607 1733 647 tenebantur,
1763 617 1828 638 non

236 674 414 715 incongrue
441 671 504 703 (1101
527 674 642 716 potest,
669 670 757 714 quod
782 668 880 701 fidem
906 671 937 699 et
959 677 1049 710 spem
1076 665 1231 698 virtutem
1258 664 1465 705 habuerunt,
1497 664 1575 709 quia
1598 663 1772 697 credebant
1799 667 1830 696 et

235 730 407 774 sperabant
429 740 461 761 se
486 728 613 761 visuros
634 727 738 760 Deum
762 737 818 770 per
838 725 997 769 speciem;
1024 723 1167 768 qualiter
1188 732 1264 754 eum
1285 727 1361 755 tune
1385 733 1451 755 non
1472 721 1645 763 videbant,
1663 721 1742 766 quia
1763 731 1829 753 non

236 788 341 833 patuit
361 787 405 819 eis
431 786 573 829 cognitio
597 784 653 817 Dei
678 794 734 828 per
754 783 892 827 speciem
917 786 992 815 ante
1014 781 1196 825 passionem
1217 779 1348 821 Christi,
1376 790 1442 824 qua
1463 782 1701 820 consummata,
1725 790 1744 812 a
1765 777 1830 811 fide

238 845 438 879 transierunt
453 843 492 876 ad
506 843 656 887 speeiem.

428 954 632 987 EXPOSITIO
653 952 817 984 TEXTUS.

409 1041 452 1065 Est
477 1042 561 1064 aulem
586 1046 643 1071 spes
669 1038 767 1068 virtus,
794 1038 842 1062 etc.

282 1118 318 1149 111
342 1115 593 1157 praecedentibus
616 1113 839 1145 determinavit
864 1111 1014 1151 Magister

241 1172 278 1202 de
294 1171 397 1211 prima
413 1170 571 1201 virtutum
586 1167 852 1206 theologicarum,
870 1164 1014 1196 videlicet

242 1225 279 1255 de
293 1223 372 1261 fide;
399 1223 430 1253 in
452 1223 510 1252 hac
526 1223 613 1261 parte
637 1219 771 1250 intendit
797 1227 894 1257 agere
908 1218 946 1249 de
971 1226 1015 1248 se-

243 1276 356 1314 cunda,
372 1275 513 1306 videlicet
528 1275 565 1305 de
577 1283 642 1314 spe.
656 1273 812 1304 Dividitur
825 1273 933 1302 autem
942 1279 1015 1311 pars

244 1331 301 1361 ista
324 1330 357 1360 in
380 1330 483 1369 partes
498 1328 594 1364 duas,
611 1327 644 1357 in
671 1335 809 1366 quarum
825 1325 928 1366 prima
949 1324 1015 1355 Ma—

244 1385 342 1423 gister
364 1382 588 1413 determinavit
611 1381 649 1412 de
671 1380 738 1420 ipsa
759 1389 812 1419 spe
838 1378 1015 1409 seeundum

244 1435 527 1467 considerationem
546 1434 737 1470 absolutam,
753 1430 921 1463 ostendens
939 1429 1013 1470 quid

244 1490 311 1529 ipsa
325 1489 363 1519 sit
376 1498 382 1526 ;
401 1489 433 1519 in
448 1487 587 1518 secunda
603 1495 679 1518 vero
695 1485 883 1516 determinat
897 1483 935 1514 de
950 1483 1017 1522 ipsa

244 1543 419 1574 secundum
433 1540 715 1572 considerationem
730 1539 874 1575 relatam,
892 1536 937 1567 ibi
950 1547 956 1567 ε
972 1537 1002 1567 E
1004 1539 1017 1568 t

245 1598 328 1629 sicut
343 1596 433 1636 fides,
450 1597 498 1628 ita
514 1598 542 1626 et
560 1602 640 1634 spes,
657 1595 715 1624 etc.
732 1592 839 1623 Prima
854 1599 927 1631 pars
950 1599 1018 1630 pos-

246 1654 292 1681 set
313 1649 410 1681 dividi
434 1650 468 1679 in
489 1649 584 1685 duas,
612 1646 788 1678 secundum
811 1645 889 1675 duas
911 1643 1017 1674 notifi-

247 1703 384 1734 cationes
407 1711 486 1742 quas
515 1701 614 1741 ponit.
652 1699 757 1730 Prima
784 1698 916 1738 ponitur
938 1697 981 1727 ibi
1008 1706 1015 1727 :

248 1758 303 1788 Est
327 1759 432 1788 autem
456 1762 525 1794 spes
545 1755 648 1786 virtus
661 1764 672 1788 ;
697 1751 850 1788 secunda,
875 1751 918 1781 ibi
936 1761 942 1782 :
962 1751 1020 1782 Est

248 1811 345 1842 etiam
367 1817 438 1848 spes
463 1810 547 1839 certa
569 1806 762 1846 expectatio,
789 1806 847 1835 etc.
876 1804 1019 1835 Secunda

248 1872 324 1894 vero
356 1870 429 1902 pars
462 1860 643 1901 principalis
668 1858 820 1890 dividitur
849 1857 884 1887 in
916 1859 1020 1897 partes

248 1917 344 1953 duas,
361 1915 395 1945 in
410 1922 547 1954 quarum
570 1913 673 1952 prima
694 1911 882 1942 determinat
900 1910 938 1941 de
953 1910 1021 1950 ipsa

248 1978 303 2008 spe
319 1977 374 2008 per
391 1966 658 2006 comparationem
679 1964 717 1995 ad
741 1963 870 1994 alterius
893 1962 1020 1994 virtutis

249 2021 392 2052 habitum
407 2031 414 2057 ;
431 2019 464 2049 111
488 2018 625 2049 secunda
643 2017 835 2049 determinat
853 2016 891 2047 de
905 2016 973 2056 ipsa
986 2015 1020 2046 in

249 2072 482 2113 comparatione
496 2072 535 2103 ad
549 2071 715 2111 proprium
730 2070 927 2110 subiectum,
943 2069 989 2099 ibi
1012 2080 1018 2100 :

251 2129 326 2159 Post
356 2127 412 2159 Ιιοο
441 2128 581 2166 superest
615 2125 820 2164 z‘rzvestiqare.
856 2122 892 2154 111
919 2122 1022 2162 prima

250 2182 339 2221 parte
355 2180 434 2211 duos
455 2179 527 2210 facit
543 2188 551 2210 ς
574 2179 678 2219 primo
701 2178 862 2218 comparat
879 2186 968 2217 spem
982 2175 1021 2207 ad

250 2234 351 2274 ipsam
365 2233 461 2264 fidem
482 2232 658 2263 secundum
676 2231 950 2267 convenientiam;
970 2238 1020 2260 se-

251 2287 354 2318 eundo
376 2294 469 2323 vere,
500 2285 676 2315 secundum
701 2284 929 2320 differentiam,
951 2282 994 2312 ibi
1012 2293 1018 2313 z

252 2341 472 2379 Distinssuitur
488 2342 592 2371 lamen
608 2338 687 2377 fides
702 2347 722 2370 (ι
740 2346 805 2377 spe.
829 2337 978 2368 Similiter
993 2338 1023 2367 et

252 2394 286 2424 in
305 2396 394 2433 parte
415 2393 537 2432 reliqua
555 2392 618 2422 duo
641 2392 713 2421 facit
735 2401 741 2422 :
768 2391 870 2430 primo
891 2390 1024 2429 inquirit

254 2450 364 2477 utrum
377 2455 448 2485 spes
461 2448 492 2476 et
508 2445 585 2475 sides
597 2445 710 2474 suerint
726 2447 762 2481 ((1)
777 2444 809 2473 111
821 2443 960 2480 Christo;
975 2452 1023 2474 50-

256 2500 359 2530 01111(10
370 2499 502 2538 inquirit
514 2500 621 2529 utrum
632 2497 749 2527 suerint
762 2501 799 2536 la,
812 2497 844 2527 in
858 2496 919 2526 illis
930 2497 1025 2536 patri-

255 2553 326 2591 bus,
342 2552 398 2592 qui
412 2553 540 2583 suerunt.
556 2551 589 2581 in
602 2550 716 2587 limbo,
734 2550 778 2580 ibi
797 2560 804 2581 :
821 2550 864 2581 De
880 2550 1026 2589 antiquis

256 2613 329 2637 vero
344 2605 502 2645 patritus,
520 2605 577 2644 qut·
592 2603 635 2635 ad
650 2604 780 2642 inferos,
796 2605 854 2634 etc.

290 2670 379 2698 Uvam,
389 2675 452 2698 ¹xvii,
461 2671 515 2692 5.—
524 2669 533 2684 ²
543 2668 610 2691 Psal.
623 2666 1027 2696 Ἀκμὴ-(α)[ἐά((.1’011.1ὐ011ι.

1394 956 1462 979 DUB.
1485 955 1506 976 1.

1260 1043 1302 1066 Est
1316 1043 1401 1066 autem
1416 1047 1474 1073 spes
1488 1041 1582 1071 virtus,
1598 1042 1646 1065 etc.

1108 1118 1260 1158 Objicitur
1276 1128 1283 1149 ς
1302 1117 1335 1149 Si
1355 1117 1478 1148 bonum
1492 1118 1649 1148 aeternum
1671 1117 1717 1146 est
1737 1123 1840 1146 unum

1069 1171 1190 1210 solum,
1207 1171 1333 1203 videtur
1347 1170 1432 1210 quod
1453 1170 1534 1200 male
1548 1169 1631 1200 dieat
1655 1167 1837 1209 pluraliter:

1071 1225 1137 1260 Qua
1156 1226 1275 1256 aeterna
1301 1223 1381 1255 bona
1403 1225 1586 1262 sperantur.
1614 1221 1693 1252 Item
1714 1220 1840 1252 nullum

1069 1279 1226 1308 aeternum
1240 1278 1287 1307 est
1299 1274 1492 1315 temporale:
1504 1283 1583 1314 ergo
1596 1282 1670 1305 eum
1680 1282 1737 1313 per
1752 1281 1841 1313 spem

1069 1330 1274 1370 expectantur
1299 1329 1408 1359 futura
1438 1327 1520 1357 bona
1534 1350 1543 1365 ,
1564 1326 1646 1357 sicut
1670 1326 1784 1357 dieitur
1807 1325 1843 1356 in

1069 1383 1131 1414 alia
1154 1381 1361 1417 diffinitione,
1390 1379 1515 1412 videtur
1540 1379 1626 1419 quod
1657 1387 1714 1419 per
1739 1379 1842 1419 ipsam

1070 1444 1134 1466 non
1150 1435 1358 1474 expectantur
1380 1434 1500 1464 aeterna
1522 1432 1617 1463 bona.
1640 1431 1770 1471 Propter
1785 1431 1845 1462 1100

1072 1490 1227 1531 quaeritur
1245 1497 1318 1529 quae
1340 1488 1381 1519 sit
1404 1487 1581 1519 differentia
1604 1487 1686 1518 inter
1709 1486 1763 1517 illa
1781 1486 1844 1518 duo

1073 1543 1232 1579 membra,
1246 1541 1393 1574 videlicet
1414 1541 1496 1572 inter
1509 1539 1688 1580 spiritualia
1706 1539 1800 1578 hona,
1815 1541 1847 1571 et

1072 1599 1201 1629 aeterna.

1115 1650 1209 1689 Resp.
1226 1649 1397 1680 Dicendum
1417 1648 1502 1688 quod
1523 1655 1594 1687 spes
1617 1646 1775 1677 diffinitur
1796 1646 1849 1677 hic

1074 1713 1130 1745 per
1145 1703 1416 1743 comparationem
1431 1701 1471 1732 ad
1485 1701 1646 1741 objectum
1669 1700 1847 1741 proprium.

1074 1757 1238 1797 ObJectum
1253 1758 1360 1786 autem
1384 1754 1484 1794 ipsius
1502 1753 1568 1794 spei
1592 1755 1639 1784 est
1659 1753 1766 1793 ipsum
1789 1752 1850 1783 bo-

1073 1820 1153 1842 num
1169 1811 1325 1842 aeternum
1339 1811 1370 1840 et
1385 1808 1573 1848 gloriosum.
1590 1806 1656 1839 Hoc
1675 1808 1783 1838 autem
1801 1807 1848 1838 est

1074 1864 1193 1904 duplex
1204 1888 1211 1901 ,
1229 1863 1345 1894 seilicet
1368 1863 1530 1899 creatum,
1545 1862 1576 1891 et
1594 1861 1791 1898 increatum3
1816 1861 1848 1891 et

1075 1918 1220 1957 respectu
1231 1916 1398 1955 utriusque
1413 1915 1460 1944 est
1475 1922 1555 1954 spesi,
1572 1912 1788 1953 principaliter
1799 1913 1849 1943 ta-

1075 1978 1150 2000 men
1175 1970 1318 2008 respectu
1341 1967 1417 1998 boni
1441 1966 1584 1997 increati.
1610 1964 1650 1996 Et
1673 1964 1848 1996 secundum

1075 2022 1135 2053 hoc
1149 2021 1317 2061 dupliciter
1334 2021 1435 2060 potest
1448 2018 1591 2059 intelligi
1600 2017 1750 2058 praedicta
1763 2017 1845 2049 diffi-

1075 2076 1165 2107 nitio.
1191 2074 1229 2106 Et
1250 2075 1276 2105 si
1300 2072 1498 2112 intelligatur
1521 2071 1560 2103 de
1582 2071 1665 2102 bono
1687 2070 1847 2109 increato,

1076 2131 1151 2160 tunc
1175 2136 1246 2168 spes
1270 2126 1384 2158 dicitur
1407 2126 1572 2165 expectare
1600 2126 1720 2155 aeterna
1745 2124 1848 2163 bona,

1076 2190 1149 2222 quae
1171 2180 1313 2221 quidem,
1338 2180 1496 2219 quantum
1520 2179 1566 2209 est
1587 2177 1622 2208 in
1646 2186 1696 2216 se,
1718 2179 1853 2209 currunt

1075 2235 1143 2266 sine
1156 2232 1312 2274 principio
1331 2233 1362 2263 et
1376 2232 1452 2262 fine.
1471 2230 1504 2262 Si
1525 2232 1634 2261 autem
1655 2229 1852 2269 intelligatur

1079 2289 1116 2320 de
1130 2288 1213 2319 110110
1229 2287 1333 2317 creato
1345 2309 1353 2324 ,
1370 2287 1446 2316 tune
1459 2284 1573 2315 dicitur
1588 2284 1754 2323 expectare
1768 2282 1852 2313 bona

1082 2343 1219 2379 aeterna,
1244 2339 1276 2370 id
1302 2340 1350 2369 est
1386 2339 1549 2378 perpetua.
1584 2335 1724 2377 Utroque
1747 2336 1854 2366 tamen

1083 2391 1176 2423 modo
1210 2389 1374 2430 pluraliter
1418 2388 1532 2419 dieitur
1567 2387 1732 2427 expectare
1771 2385 1856 2417 bona

1082 2448 1215 2482 aeterna,
1233 2453 1297 2474 non
1321 2443 1397 2482 quia
1416 2442 1508 2482 plura
1522 2442 1596 2472 sunt
1610 2440 1692 2471 bona
1716 2448 1854 2477 summa,

1083 2498 1135 2529 sed
1161 2497 1236 2537 quia
1260 2497 1381 2526 bonum
1407 2497 1584 2531 aeternum,
1607 2492 1694 2532 quod
1719 2493 1765 2523 est
1786 2491 1855 2532 ipsa

1083 2552 1239 2582 immensa
1260 2549 1399 2586 bonitas,
1415 2546 1525 2578 omnia
1546 2546 1629 2577 bona
1651 2545 1775 2577 excellit
1799 2553 1856 2585 per

1085 2604 1134 2636 sui
1165 2601 1371 2634 eminentiam
1395 2609 1403 2631 ε
1429 2601 1460 2631 et
1492 2600 1614 2631 bonum
1643 2599 1855 2639 perpetuum,

1086 2657 1169 2697 quod
1186 2659 1232 2687 est
1245 2655 1406 2687 beatitudo
1420 2656 1534 2690 creata,
1549 2652 1657 2684 omnia
1670 2652 1755 2683 bona
1768 2660 1856 2682 com-
