2017 2960
234 254 270 281 78
795 249 1104 282 SENTENTIARUM
1127 251 1199 282 Llss.
1225 252 1276 282 lll.

233 321 333 356 cante,
344 326 408 347 non
421 317 534 348 dicitur
546 317 685 347 Christus
696 327 837 357 peccasse
847 319 877 347 iu
888 318 1004 348 Adam:

232 381 310 411 ergo
326 371 392 410 pari
407 370 568 400 rationein
582 370 743 400 Abraham
757 371 849 401 dante
869 370 1007 400 decimas

233 435 297 456 non
309 426 457 464 arguitur
471 425 657 454 ‹tm-imatus.

267 480 343 510 item
358 480 523 509 decimatio
539 479 586 509 vel
603 481 666 508 crat
685 478 806 508 curatio
818 502 825 516 ,
851 478 901 508 vel
917 487 1006 508 cura-

232 533 325 563 tionis
340 533 557 572 priests-*urium
575 543 581 561 z
597 531 649 561 sed
666 531 805 561 Christus
822 540 879 561 nec
895 531 936 561 ibi
953 541 1006 561 cu-

232 587 372 623 rabatur,
397 595 453 615 nec
481 585 585 615 ‹i·urari
612 585 881 624 przetigurnlmtur
902 595 909 615 :
927 593 1006 623 ergo

231 638 357 669 videtur
373 637 455 677 quod
473 637 516 667 ibi
533 637 707 667 decimatus
722 647 785 668 non
803 637 906 674 t'uerit,
923 637 1005 667 scili—

231 694 276 721 cet
294 692 325 721 in
341 692 460 722 lumbis
474 691 622 728 Abrnliw,
640 691 722 721 sicut
738 693 767 720 et
784 690 869 722 Levi.

274 744 363 781 Item,
381 745 407 775 si
423 744 563 775 Christus
577 744 750 775 decimatus
766 744 823 774 suit
840 744 872 774 in
889 743 1006 774 lumbis

230 798 368 828 Abrahae
385 798 465 828 sieut
479 800 509 827 et
523 797 596 827 Levi
608 821 615 835 ‚
632 806 710 836 ergo
724 797 813 827 nulla
837 799 883 826 est
907 806 1006 835 argu-

232 851 382 881 mentatio
410 851 549 890 Apostoli
570 854 576 869 ¹
592 875 599 887 ,
624 860 687 889 qua
719 850 874 889 probatur
902 851 1007 889 majus

231 913 296 934 esse
328 904 537 934 sacerdotium
574 903 800 934 Melchisedech
833 903 1006 933 sacerdotio

231 957 374 995 levitico,
392 967 448 997 per
469 958 529 988 hoc
551 957 634 996 quod
656 957 728 987 Levi
751 957 925 987 decimatus
948 956 1006 987 suit

231 1010 263 1040 in
287 1010 458 1040 Abraham.
481 1010 569 1047 Quod
593 1010 616 1039 si
644 1010 841 1040 ratiocinatio
867 1009 1007 1049 Apostoli

231 1065 315 1093 recta
331 1066 375 1093 est
388 1087 395 1101 ,
411 1066 506 1093 restat
524 1072 601 1101 ergo
618 1062 702 1102 quod
718 1062 859 1092 Christus
873 1071 937 1092 non
952 1062 1006 1092 de-

234 1116 371 1146 cimatus
392 1116 451 1146 fnit
467 1116 500 1146 in
523 1116 695 1146 Abraham.

275 1169 325 1199 list
336 1179 414 1208 ergo
425 1170 558 1209 quaestio
567 1170 661 1213 justa
673 1169 745 1205 hoc,
758 1169 843 1199 unde
856 1170 942 1199 tenet
956 1168 1007 1198 illa

234 1223 476 1262 consequentia,
494 1231 557 1261 qua
581 1223 693 1262 probat
714 1221 881 1261 Apostolus
902 1222 1007 1260 majus

232 1285 299 1306 esse
310 1276 519 1306 sacerdotium
536 1275 763 1305 Melchisedech
779 1274 952 1304 sacerdotio
967 1274 1007 1304 te-

237 1329 329 1359 vitico
344 1353 351 1366 ,
378 1338 435 1368 pro
459 1338 496 1359 eo
517 1328 601 1368 quod
628 1328 701 1358 Levi
730 1328 844 1358 obtulit
871 1328 1007 1357 decimas

237 1381 462 1412 Melchisedech
477 1393 482 1412 :
497 1382 624 1412 videtur
637 1381 719 1421 quod
738 1390 800 1410 non
816 1382 919 1419 cogat,
932 1380 1007 1419 quia

236 1435 410 1466 secundum
422 1435 508 1465 illam
526 1436 678 1465 rationem
691 1436 793 1474 posset
807 1434 912 1472 argui,
923 1433 1007 1473 quod

237 1490 338 1528 major
349 1492 395 1519 est
410 1489 549 1527 dignitas
562 1489 659 1519 unius
669 1487 838 1518 sacerdotis
847 1487 1005 1526 pauperis,

235 1551 331 1581 quam
348 1541 440 1582 Papae
452 1567 459 1580 ,
483 1545 549 1572 esto
571 1542 655 1582 quod
673 1545 761 1581 pater
778 1540 871 1580 Papae
889 1539 1008 1570 dederit

235 1595 371 1626 decimas
386 1596 522 1635 simplici
537 1595 700 1626 sacerdoti.

507 1715 731 1747 CONCLUSIO.

236 1802 354 1829 Christus
365 1809 417 1827 non
431 1802 488 1834 fuit
497 1801 649 1832 decimatus,
663 1809 720 1827 cum
733 1800 874 1826 decimatio
885 1800 1007 1832 futuram

271 1847 435 1871 curationem
451 1848 580 1879 figuraret
597 1855 604 1871 .-
621 1846 740 1871 Christus
755 1847 843 1871 autem
863 1845 893 1870 in
912 1844 1008 1870 lumbis

271 1892 294 1916 Λ
301 1891 389 1917 brana»
403 1892 458 1924 fuit
472 1891 513 1917 ibi
527 1893 595 1917 sicut
609 1891 751 1917 medis-ina.

276 1970 367 2010 Resp.
387 1971 424 2001 ad
441 1980 509 2009 arg.
529 1970 702 2001 Dicendum
720 1970 822 2010 quod,
841 1969 922 2000 sicut
936 1969 1009 1999 dicit

237 2023 386 2062 Magister
403 2024 434 2053 in
450 2024 563 2061 littera,
581 2024 680 2054 immo
691 2023 902 2062 Augustinus,
914 2030 1009 2062 super

240 2078 384 2109 Genesim
412 2077 454 2108 acl
472 2077 609 2108 litteram
627 2078 647 2115 ²,
664 2077 804 2107 Christus
831 2076 864 2106 in
890 2075 1010 2106 lumbis

239 2130 375 2161 Abrahae
396 2139 461 2160 non
481 2131 539 2160 t'uit
555 2130 738 2160 decimatus.
756 2129 792 2160 Et
807 2129 886 2159 ratio
910 2128 1009 2169 hujus

238 2186 300 2220 est,
328 2184 403 2222 quia
427 2184 591 2213 deciumtio
618 2183 846 2222 praefigurabat
867 2184 1009 2213 futuram

239 2236 446 2266 curationem.
474 2236 554 2272 Quia
573 2245 650 2274 ergo
675 2236 815 2267 Christus
837 2236 870 2266 in
892 2235 1010 2266 lumbis

237 2289 373 2320 Abrahae
389 2298 454 2319 non
478 2292 544 2319 erat
559 2289 639 2319 sicut
658 2290 819 2319 curatione
842 2289 987 2327 indigens
1000 2315 1007 2328 ‚

237 2343 289 2373 sed
306 2342 410 2382 potius
424 2342 504 2371 sicut,
519 2342 689 2379 medicina;
706 2341 780 2372 hinc
795 2345 842 2372 est
856 2342 940 2381 quod
956 2342 1008 2372 de-

237 2395 363 2425 cimatio
391 2395 430 2425 nd
466 2395 570 2433 ipsum
606 2404 669 2424 non
706 2395 892 2433 pertinebat.
923 2394 1011 2425 Sicut

237 2448 331 2478 etiam
348 2448 380 2477 in
396 2447 495 2478 Adam
515 2447 560 2476 illi
578 2447 632 2476 soli
650 2450 871 2487 peccaverunt,
889 2448 945 2487 qui
964 2457 1011 2479 se-

238 2501 377 2531 cundum
394 2500 552 2530 carnalem
570 2501 808 2538 generationem
821 2525 829 2539 ,
845 2503 875 2530 et
890 2509 1010 2531 concu-

240 2554 423 2593 piscentiam
449 2553 650 2589 seminalem,
675 2553 714 2583 ab
740 2553 809 2592 ipso
837 2554 1011 2593 procedunt

239 2607 289 2636 vel
314 2608 555 2646 processerunt:
579 2605 622 2635 ita
643 2605 687 2635 illi
709 2606 766 2635 soli
791 2606 823 2636 in
848 2606 1010 2637 Abraham

240 2659 385 2690 decimati
402 2661 495 2696 sunt,
510 2658 565 2698 qui
580 2658 619 2688 ab
636 2658 703 2698 ipso
723 2659 898 2689 secundum
914 2660 1011 2690 ratio-

275 2720 380 2749 1112473,
398 2726 473 2744 v11.—
488 2721 495 2734 ²
513 2723 588 2751 Aug„
604 2720 660 2744 loco
676 2720 860 2750 cit.—⁶R0m.,
872 2726 896 2750 v,
912 2722 947 2744 12.

1065 328 1137 348 nem
1153 319 1337 349 seminalem
1358 320 1552 359 prodierunt.
1570 321 1607 353 Et
1631 322 1700 353 ideo
1723 323 1763 354 ab
1783 323 1836 354 illa

1063 372 1271 410 generalitate
1295 372 1475 405 excluditur
1499 374 1650 414 Christus,
1677 385 1742 415 qua
1763 376 1836 406 diei-

1061 424 1131 453 ἲιιι-3
1152 434 1158 453 :
1181 424 1293 456 Omnes
1316 426 1352 456 z'n
1378 425 1484 458 Adam
1503 432 1715 467 peccaverunt
1726 439 1739 468 ,·
1761 429 1836 469 quia

1062 486 1125 507 non
1140 479 1290 517 processit
1304 479 1344 509 ab
1360 479 1428 519 ipso
1441 482 1615 513 secuudum
1632 482 1772 513 libidinis
1788 492 1836 513 ai·-

1061 531 1181 568 dorffln,
1199 531 1250 562 sed
1267 532 1444 563 secundum
1459 533 1594 573 Spiritus
1608 537 1706 566 sancti
1722 545 1835 576 opera-

1062 581 1180 611 tionem
1199 593 1204 612 :
1223 582 1267 612 sie
1286 585 1331 613 est
1354 583 1387 613 in
1411 584 1570 623 proposito
1592 585 1835 625 intelligendum

1062 634 1099 665 de
1115 635 1334 667 decimatione.

1105 691 1130 718 1.
1159 687 1197 719 Et
1226 698 1281 728 per
1307 689 1366 719 hoc
1391 678 1487 729 patet*
1506 691 1667 730 responsio
1692 692 1731 722 ad
1759 692 1837 724 illud

1062 741 1145 780 quod
1162 741 1265 781 primo
1280 743 1452 782 opponitur
1474 743 1506 774 in
1523 744 1739 783 eontrarium,
1756 754 1837 785 quo-

1062 794 1148 824 niam
1180 794 1322 825 Christus
1346 796 1379 826 in
1403 796 1520 827 lumbis
1543 797 1679 828 Abrahae
1707 797 1783 836 fuit,
1807 800 1838 828 et

1062 846 1157 885 Levi3
1179 848 1232 877 scd
1254 857 1318 878 non
1343 849 1453 880 eodem
1477 850 1569 881 modo
1593 861 1599 880 ε
1618 852 1648 881 et
1671 853 1838 890 propterea

1062 909 1126 930 non
1144 901 1285 940 sequitur
1297 925 1304 938 ,
1322 902 1405 941 quod
1421 903 1501 933 sicut
1517 904 1571 933 uni
1588 904 1738 944 competit
1752 904 1835 935 deci-

1062 954 1154 990 mari,
1180 954 1223 984 ita
1247 955 1414 986 conveniat
1433 956 1534 987 alteri.
1553 956 1724 988 Decimatio
1749 957 1837 988 enim

1062 1017 1127 1037 non
1156 1010 1282 1038 tantuin
1310 1009 1438 1048 respicit
1466 1019 1532 1040 esse
1553 1011 1587 1040 in
1614 1010 1751 1049 lumbis,
1784 1010 1835 1041 sed

1062 1060 1158 1090 etiam
1175 1061 1307 1091 niodum
1324 1062 1447 1092 essendi
1466 1063 1641 1094 secundum
1664 1063 1835 1095 traductio-

1062 1123 1135 1144 nem
1153 1114 1317 1153 originalis
1333 1115 1460 1155 peccati.

1103 1170 1132 1197 12.
1148 1167 1195 1198 Ad
1212 1167 1288 1198 illud
1304 1169 1389 1207 quod
1405 1169 1586 1208 opponitur,
1597 1170 1682 1209 quod
1698 1169 1838 1201 Christus

1062 1221 1222 1259 figuratur
1238 1231 1292 1261 per
1308 1222 1463 1252 decimam
1479 1223 1636 1261 oblatam;
1661 1224 1838 1264 respondeo

1063 1276 1233 1306 dicendum
1247 1288 1252 1306 :
1265 1276 1391 1307 Decima
1405 1277 1510 1308 oblata
1525 1287 1589 1308 non
1600 1278 1835 1317 decimabatur;

1063 1329 1116 1359 sed
1140 1329 1307 1359 decimatio
1330 1330 1434 1370 potius
1450 1331 1577 1370 respicit
1593 1331 1671 1362 illud
1687 1332 1772 1372 quod
1786 1341 1838 1363 re-

1064 1385 1169 1412 manet
1185 1382 1218 1412 in
1233 1383 1305 1421 alio,
1324 1383 1404 1414 sicut
1419 1384 1492 1414 dicit
1509 1384 1604 1424 Hugo
1619 1397 1625 1416 ;
1643 1386 1718 1425 quia
1733 1395 1838 1417 rema·
1864 1416 1868 1419 .

1064 1437 1116 1465 net
1132 1435 1336 1475 imperfectio,
1353 1436 1457 1467 ablata
1472 1437 1603 1476 unitate,
1615 1447 1688 1477 quae
1703 1440 1750 1469 est
1769 1447 1837 1478 per-

1064 1488 1154 1518 fectio
1173 1489 1303 1527 denarii,
1326 1499 1382 1529 per
1397 1490 1481 1529 quod
1497 1490 1644 1530 signatur
1658 1491 1766 1522 futura
1781 1501 1838 1523 cu—

1063 1541 1153 1571 ratio.
1183 1541 1270 1572 Unde
1306 1543 1386 1573 sicut
1418 1543 1470 1573 alii
1505 1544 1687 1583 figurantur
1721 1545 1756 1575 in
1785 1545 1838 1576 itta

1063 1594 1271 1625 decimatione
1295 1596 1417 1634 curari,
1445 1596 1487 1626 sic
1514 1596 1656 1628 Christus
1676 1597 1838 1637 figuratur

1064 1648 1144 1678 ratio
1159 1657 1226 1678 esse
1242 1649 1474 1680 medicamenti.

1105 1704 1133 1731 3.
1157 1700 1204 1731 Ad
1221 1701 1296 1732 illust
1313 1702 1397 1741 quod
1420 1703 1592 1742 opponitur
1603 1728 1611 1742 ,
1628 1704 1714 1744 quod
1729 1703 1763 1734 in
1784 1704 1839 1734 illa

1064 1752 1271 1784 decimatione
1292 1755 1439 1793 signatur
1454 1756 1570 1786 oblatio
1586 1756 1717 1795 Christi,
1734 1757 1839 1787 dieen-

1064 1803 1141 1834 dum
1166 1805 1251 1844 quod
1281 1814 1393 1835 verum
1417 1809 1463 1837 est
1486 1818 1492 1837 ε
1521 1807 1575 1837 sed
1599 1816 1664 1837 non
1691 1807 1839 1846 signatur

1065 1856 1177 1888 Christi
1192 1857 1308 1888 oblatio
1323 1860 1477 1898 tanquam
1495 1869 1552 1899 pro
1568 1869 1632 1900 quo
1646 1860 1736 1891 fieret
1749 1860 1838 1891 obla-

1065 1911 1119 1948 tio,
1138 1911 1190 1942 sed
1206 1914 1358 1952 tanquam
1380 1922 1452 1953 quae
1471 1913 1605 1945 offertur
1624 1923 1682 1954 pro
1704 1913 1785 1945 aliis.
1800 1913 1840 1944 Et

1065 1965 1218 2005 quoniam
1238 1966 1388 1997 decimari
1409 1967 1523 1998 dicitur
1543 1968 1614 2006 ille,
1631 1977 1688 2008 pro
1704 1977 1768 2008 quo
1790 1968 1836 1999 of-

1065 2019 1164 2050 fertur
1185 2020 1301 2051 oblatio
1317 2021 1463 2060 decimae,
1489 2022 1564 2052 hinc
1584 2023 1629 2053 est
1650 2021 1737 2062 quod
1751 2023 1840 2052 actus

1066 2073 1282 2104 decimationis
1297 2083 1363 2105 non
1377 2074 1469 2105 debet
1483 2074 1604 2105 Christo
1619 2074 1750 2106 attribui
1759 2085 1767 2113 3
1780 2073 1838 2105 ali-

1066 2128 1113 2156 ter
1128 2126 1215 2157 enim
1231 2127 1274 2157 ibi
1290 2127 1561 2168 praefigurabatur
1575 2127 1716 2158 Christus
1726 2151 1735 2165 ,
1750 2127 1841 2158 aliter

1066 2180 1130 2211 alii.

1106 2237 1135 2264 4.
1163 2234 1210 2264 Ad
1236 2233 1312 2265 illud
1333 2234 1417 2274 quod
1443 2234 1633 2274 opponitur,
1658 2234 1741 2274 quod
1767 2242 1840 2264 caro

1067 2286 1180 2317 Christi
1195 2286 1254 2317 suit
1268 2287 1300 2317 in
1316 2287 1406 2318 beata
1419 2286 1572 2326 Virgine,
1590 2289 1621 2318 et
1643 2295 1716 2317 caro
1731 2285 1838 2325 Virgi-

1067 2340 1116 2370 nis
1131 2339 1164 2369 in
1184 2339 1357 2377 Abraham,
1376 2340 1545 2371 dicendum
1561 2339 1645 2380 quod
1664 2340 1707 2370 ibi
1722 2341 1768 2370 est
1787 2348 1838 2370 so-

1067 2392 1192 2432 phisma
1216 2393 1392 2423 secundum
1415 2392 1577 2431 accidens,
1598 2392 1674 2432 quia
1695 2391 1841 2423 variatur

1068 2445 1182 2476 modus
1211 2446 1333 2476 essendi
1364 2446 1439 2477 hinc
1475 2448 1506 2476 et
1534 2445 1618 2476 inde.
1655 2445 1725 2476 Alio
1753 2445 1839 2476 enim

1068 2499 1161 2530 modo
1177 2499 1236 2529 suit
1251 2508 1323 2529 caro
1338 2500 1438 2530 beatae
1454 2498 1596 2538 Virginis
1609 2498 1643 2528 in
1656 2497 1818 2530 Abraham
1830 2522 1838 2536 ,

1068 2553 1158 2583 aliter
1173 2561 1244 2583 caro
1266 2553 1379 2583 Christi
1395 2553 1429 2584 in
1444 2554 1545 2584 matre
1560 2562 1635 2590 sua,
1652 2552 1728 2591 quia
1750 2552 1841 2583 beata

1068 2605 1166 2644 Virgo
1185 2606 1335 2646 processit
1353 2606 1531 2637 secundum
1551 2605 1657 2645 legem
1673 2605 1838 2646 concupis-

1068 2659 1190 2697 centiae,
1207 2658 1348 2690 Christus
1364 2668 1438 2691 vero
1451 2659 1594 2690 minime.

1110 2715 1137 2743 5.
1155 2712 1204 2743 Ad
1226 2712 1302 2743 illud
1324 2712 1407 2752 quod
1429 2712 1632 2752 quaerebatur
1649 2712 1686 2742 de
1701 2711 1838 2742 auctori-
