2017 2960
214 168 272 197 ote

731 163 1135 196 SENTENTIARUM'LIB.
1158 164 1211 195 111.

217 232 283 277 jam
297 242 429 275 prorsus
443 231 582 275 perfecta
597 234 662 264 est?
678 232 747 263 Imo
761 234 798 263 ut
815 230 1015 275 perficiatur,
1038 231 1182 264 nascitur
1199 244 1206 264 z
1229 243 1304 265 cum
1320 232 1419 265 fuerit
1441 235 1529 273 nata,
1550 231 1708 273 nutritur3
1732 242 1806 265 cum

218 289 316 322 fuerit
331 289 467 329 nutrita,
486 289 668 329 roboratum
688 300 761 320 eum
779 288 878 320 fuerit
892 288 1054 330 roborata,
1075 288 1255 333 perficitur;
1272 301 1347 323 cum
1362 290 1403 324 ad
1419 290 1648 335 perfectionem
1668 289 1806 331 venerit,

217 346 295 379 dicit
312 348 319 364 ¹
335 359 345 378 .·
364 347 467 390 Cupio
483 346 626 385 dissolvi,
643 350 702 378 etc.
720 358 735 376 »
755 345 815 378 IIic
830 349 939 389 aperte
963 356 1152 390 progressus
1171 351 1202 380 et
1226 347 1379 392 perfectio
1401 348 1567 381 charitatis
1585 348 1772 381 insinuatur
1798 359 1805 379 z

217 415 317 449 quam
333 404 560 447 perfectionem
577 403 673 435 etiam
689 403 818 436 Veritas
832 403 1049 445 commendat,
1065 403 1174 437 dicens
1189 406 1199 422 ²
1219 417 1226 438 z
1243 406 1406 450 Majorem
1420 406 1483 439 lzac
1496 406 1702 440 dilectionem
1717 415 1807 439 nemo

217 461 325 501 habet,
344 471 440 505 quam
457 466 494 492 uc
509 460 660 493 anz'nmm
674 472 769 493 suam
781 466 889 506 ponat
913 462 983 505 quis
996 472 1057 506 pro
1073 462 1191 495 amicis
1210 463 1288 496 suis.
1306 463 1400 503 Quod
1420 464 1534 509 utique
1555 463 1679 497 dietum
1703 467 1750 496 est
1768 463 1808 496 de

217 529 312 563 opere
327 517 525 558 dilectionis,
552 517 631 561 quia
653 517 758 562 major
776 518 962 552 dilectionis
981 519 1114 552 effectus
1136 531 1202 553 non
1226 524 1290 562 est,
1315 533 1415 566 quam
1444 532 1563 566 ponere
1585 521 1730 555 animam
1749 532 1808 565 pro

216 575 299 609 aliis.
317 575 426 607 Necte
441 578 569 607 moveat
592 575 678 619 quod
702 576 764 617 ait,
782 587 846 620 pro
871 577 1012 616 amicis,-

215 637 246 666 et
261 643 318 676 pro
332 632 485 673 inimicis,
502 631 541 664 ad
557 631 618 664 hoc
632 635 669 665 ut
683 632 743 676 ipsi
760 632 841 666 fiant
855 633 963 667 amici.

407 755 609 787 EXPOSITIO
630 755 795 788 TEXTUS.

214 841 273 864 Post
288 840 417 872 praedicta,
434 840 464 863 de
480 840 569 864 ordine
585 839 713 864 charitatis
728 841 855 870 agendum
870 843 917 871 cst,
934 843 983 866 etc.

252 916 355 956 Supra
368 916 589 947 determinavit
604 916 754 956 Magister
773 917 811 948 de
832 917 983 948 charitate

211 971 367 1009 quantum
400 969 438 1000 ad
472 970 640 1001 essentiam
676 972 708 1001 et
745 970 980 1008 diffinitionem,

210 1023 366 1062 quantum
381 1023 418 1053 ad
439 1023 642 1062 diligibilium
668 1032 841 1054 numerum
864 1025 895 1054 et
917 1024 982 1054 dis-

210 1076 412 1113 tinctionem;
436 1076 486 1106 hic
506 1077 649 1116 sequitur
662 1077 754 1107 tertia
769 1086 852 1116 pars,
870 1077 903 1107 in
918 1086 982 1117 qua

210 1130 396 1161 determinat
423 1131 462 1161 de
488 1131 556 1171 ipsa
587 1133 742 1170 quantum
767 1131 805 1161 ad
830 1131 981 1170 diligendi

111 1206 154 1218 ΜΚ
174 1215 177 1219 ,
209 1184 364 1214 ordinem.
386 1183 541 1215 Dividitur
562 1187 669 1214 autem
692 1193 765 1223 pars
788 1184 847 1214 ista
868 1184 900 1214 in
918 1186 981 1215 tres

208 1239 326 1277 partes,
352 1238 384 1268 in
418 1247 556 1277 quarum
588 1238 691 1278 prima
722 1237 912 1268 determinat
942 1237 980 1268 de

209 1291 317 1321 ordine
332 1291 492 1321 charitatis
509 1300 565 1330 per
580 1290 847 1330 comparationem
872 1290 911 1321 ad
930 1299 978 1328 ea,

207 1352 280 1383 quae
295 1352 351 1383 per
366 1344 551 1374 charitatem
569 1344 761 1382 diliguntur3
780 1344 814 1373 in
829 1343 977 1381 secunda,

206 1406 262 1436 per
277 1397 544 1436 comparationem
560 1397 597 1427 ad
610 1406 646 1427 ea
660 1396 822 1433 beneficia,
839 1404 912 1435 quse
924 1405 979 1435 per

205 1450 389 1480 charitatem
409 1450 650 1489 impenduntur,
668 1450 711 1479 ibi
734 1461 740 1480 :
770 1449 856 1481 Unde
880 1450 978 1481 etiam

202 1511 294 1543 snper
329 1503 385 1534 hoc
407 1511 488 1541 smpe
509 1506 652 1535 moretm·
676 1504 826 1542 qucestto,
854 1505 912 1533 etc.
942 1502 977 1533 In

203 1557 304 1594 tertia,
319 1566 375 1596 per
390 1557 658 1596 comparationem
674 1556 712 1587 ad
729 1556 860 1595 gradum
875 1557 930 1596 qui
945 1557 976 1587 in

202 1612 351 1642 charitate
362 1611 576 1650 reperiuntur,
589 1611 631 1640 ibi
645 1622 650 1640 τ
670 1610 845 1642 Sciendum
859 1618 977 1650 quoque

200 1668 245 1696 est
254 1665 394 1696 diversos
403 1664 524 1704 aradus
533 1664 704 1696 charitatis
713 1672 787 1702 esse,
798 1666 856 1694 ete.
871 1664 976 1694 Prima

199 1721 229 1748 et
246 1718 357 1748 ultima
381 1718 525 1757 partibus
555 1718 793 1747 remanentibus
817 1717 973 1756 indivisis,

200 1771 302 1802 media
326 1781 398 1811 pars
415 1771 567 1801 dividitur
591 1771 624 1800 in
650 1771 739 1809 duam,
772 1771 805 1801 in
835 1780 973 1811 quarum

199 1824 302 1864 prima
318 1824 407 1864 ponit
430 1823 580 1863 Magister
605 1824 687 1854 circa
709 1824 792 1854 hanc
808 1824 973 1855 materiam

199 1876 397 1907 diversorum
414 1876 594 1917 opiniones3
616 1877 648 1906 in
672 1876 809 1908 secunda
830 1877 974 1908 dissolvit

198 1930 371 1961 incidentes
396 1930 627 1967 dubitationes,
658 1930 701 1960 ibi
732 1939 739 1960 :
767 1929 846 1962 Solet
876 1931 972 1962 etiam

197 1984 309 2023 ‹111aeer
326 1984 357 2014 si
376 1985 523 2023 parentes
547 1985 667 2021 nostri,
688 1984 746 2014 etc.
771 1982 878 2014 Prima
898 1993 971 2024 pars

195 2035 349 2067 dividitur
370 2037 403 2067 in
428 2038 490 2066 tres
514 2037 629 2075 partes,
658 2036 691 2066 in
715 2045 852 2076 quarum
867 2037 971 2076 prima

196 2089 328 2128 opponit
352 2089 390 2120 ad
414 2090 536 2129 partem
559 2097 659 2119 unam
686 2090 904 2121 auctoritatem
928 2091 966 2130 (a)

194 2141 384 2180 Augustini3
400 2142 432 2172 in
447 2141 584 2172 secunda
606 2150 683 2171 vero
704 2141 836 2182 opponit
858 2142 897 2173 ad
920 2142 966 2173 al-

193 2197 292 2225 teram
316 2198 439 2235 partem
465 2195 683 2225 auctoritatem
707 2195 743 2235 (b)
761 2195 860 2234 legis,
895 2195 939 2226 ibi
958 2207 964 2227 :

193 2246 315 2286 Quibus
325 2247 433 2279 obviat
448 2246 530 2279 illud
538 2250 729 2286 proeceptum
747 2248 835 2288 leuis,
848 2250 921 2282 etc..·
933 2248 965 2279 in

191 2301 281 2331 tertia
296 2310 372 2332 vero
389 2300 559 2340 subjungit
573 2301 756 2340 opinionem
775 2310 879 2339 suam,
895 2301 936 2332 ibi
952 2310 960 2332 ε

194 2355 309 2387 Verum
323 2357 402 2396 quia
413 2356 585 2396 praemissa
597 2355 691 2387 verba
706 2356 884 2395 Ambrosii,
902 2358 960 2388 etc.

188 2409 340 2440 Similiter
352 2409 491 2440 secunda
505 2418 589 2449 pars,
608 2409 640 2439 in
655 2418 719 2449 qua
736 2411 879 2441 removet
901 2409 962 2441 du-

187 2462 353 2494 bitationes
394 2463 583 2500 incidentes,
627 2464 690 2493 tres
727 2462 821 2493 habet
858 2464 961 2502 partes

186 2515 360 2547 secundum
382 2518 445 2547 tres
463 2516 673 2547 dubitationes
692 2525 772 2556 quas
802 2516 956 2556 dissolvit,

184 2577 321 2608 quarum
337 2578 401 2600 una
414 2569 515 2601 oritur
530 2578 570 2600 ex
587 2569 657 2600 alia.
680 2568 821 2601 Primam
841 2570 955 2602 dissol-

216 2640 247 2662 ,al
263 2634 321 2656 Coet.
337 2633 396 2656 edit.
412 2641 461 2657 uua
477 2634 633 2658 auctoritate.
649 2648 674 2652 —
693 2634 725 2663 (b)
738 2634 897 2658 auctoritate.

1039 577 1097 622 qui
1112 578 1199 610 enim
1215 578 1307 622 ponit
1330 579 1473 612 animam
1496 590 1554 623 pro
1577 579 1700 621 amicis,
1717 578 1809 623 ponit

1041 759 1087 789 vit
1101 759 1146 790 ibi
1162 770 1168 788 :
1189 760 1270 792 Solet
1284 761 1387 800 quoeri
1401 761 1432 792 si
1444 763 1601 800 parentes,
1613 763 1685 797 etc.;
1702 768 1811 791 secun-

1041 812 1112 842 dam
1123 813 1165 843 ibi
1177 822 1184 843 :
1207 813 1427 846 Verumtamen
1441 814 1597 846 latebrosa
1606 814 1737 854 quoestio
1746 813 1810 844 hoec

1041 868 1096 902 est,
1114 868 1185 904 etc.;
1202 867 1327 897 tertiam
1341 867 1384 897 ibi
1399 876 1406 897 :
1425 867 1507 899 Solet
1521 868 1633 907 quoerz',
1644 875 1715 899 cum
1728 868 1810 898 Deus

1039 921 1191 959 praecepz‘c
1206 921 1356 953 inimicos
1370 921 1477 961 diligi,
1492 923 1550 952 etc.

1363 1017 1431 1039 DUB.
1454 1016 1476 1037 1.

1196 1071 1285 1095 peccat
1297 1070 1364 1096 enim
1379 1070 1422 1101 qui
1436 1070 1590 1101 praepostere
1603 1069 1662 1100 agit.

1078 1134 1210 1166 Videtur
1231 1135 1291 1166 hoc
1310 1144 1376 1166 esse
1401 1134 1514 1165 falsum
1540 1145 1547 1166 ε
1568 1136 1705 1174 ponatur
1723 1134 1809 1165 enim

1038 1188 1123 1228 quod
1144 1188 1258 1228 aliquis
1279 1189 1419 1228 exponat
1444 1197 1477 1218 se
1502 1187 1596 1218 morti
1627 1195 1685 1227 pro
1709 1187 1810 1218 salute

1037 1239 1168 1269 alterius
1183 1239 1322 1270 melioris
1339 1249 1382 1277 se,
1400 1241 1431 1270 et
1454 1238 1608 1269 sustineat
1626 1237 1808 1277 penuriam,

1037 1293 1072 1323 ut
1087 1291 1138 1322 alii
1154 1291 1276 1322 meliori
1292 1301 1324 1323 se
1339 1292 1501 1332 provideat
1516 1291 1555 1322 ad
1574 1290 1807 1328 sufficientiam,

1037 1345 1201 1384 praemittit
1215 1345 1273 1375 sibi
1286 1345 1399 1384 alium,
1422 1347 1452 1376 et
1475 1347 1582 1376 tamen
1596 1353 1663 1374 non
1680 1344 1809 1375 videtur

1037 1401 1144 1429 contra
1159 1398 1344 1429 charitatem
1353 1399 1465 1435 facere,
1478 1398 1544 1428 imo
1558 1397 1650 1429 valde
1668 1397 1807 1428 charita-

1037 1452 1099 1484 tive
1111 1452 1289 1491 procedere.
1305 1451 1395 1489 Item,
1409 1453 1474 1483 esto
1491 1451 1574 1491 quod
1596 1450 1709 1482 faciam
1725 1451 1807 1491 patri

1035 1505 1187 1545 quidquid
1200 1505 1307 1543 debeo,
1320 1514 1385 1535 non
1400 1505 1525 1544 obligor
1539 1505 1567 1536 ei
1581 1504 1806 1535 adfaciendum

1035 1558 1173 1599 amplius
1189 1567 1196 1588 :
1220 1567 1298 1597 ergo
1321 1559 1347 1589 si
1365 1558 1436 1598 plus
1450 1558 1528 1589 facio
1544 1557 1596 1588 alii
1621 1566 1718 1597 quam
1731 1557 1804 1594 sibi,

1034 1621 1099 1642 non
1116 1612 1289 1652 praejudico
1303 1612 1342 1650 ei,
1359 1620 1416 1642 nee
1427 1611 1529 1642 ordini
1548 1611 1718 1642 charitatis.

1074 1664 1165 1705 Resp.
1183 1665 1357 1696 Dicendum
1374 1665 1459 1705 quod
1482 1665 1631 1705 quaedam
1653 1667 1700 1696 est
1724 1673 1806 1706 prae-

1032 1719 1202 1759 posteratio
1216 1719 1335 1749 ordinis
1350 1727 1390 1749 ex
1404 1718 1508 1749 debita
1522 1726 1632 1756 causa,
1657 1719 1806 1758 quaedam

1033 1773 1149 1810 praeter
1174 1779 1323 1808 eausam,
1353 1769 1502 1809 quaedam
1528 1771 1638 1800 contra
1664 1769 1804 1801 debitam

1031 1832 1172 1854 causam.
1203 1823 1293 1854 Tunc
1313 1825 1359 1853 est
1381 1822 1617 1862 praeposteratio
1638 1831 1680 1853 ex
1700 1822 1804 1854 debita

1031 1886 1136 1914 causa,
1153 1876 1282 1916 quando
1295 1876 1367 1915 quis
1381 1876 1504 1906 bonum
1526 1883 1696 1906 commune
1719 1885 1801 1916 prae-

1030 1930 1119 1969 ponit
1131 1930 1214 1961 bono
1229 1929 1357 1969 proprio
1374 1929 1407 1959 in
1423 1928 1651 1968 temporalibus
1667 1937 1674 1960 :
1691 1931 1722 1960 et
1731 1929 1802 1961 haec

1029 1982 1157 2022 quidem
1170 1981 1407 2022 praeposteratio
1421 1982 1494 2012 facit
1512 1981 1551 2012 ad
1564 1981 1669 2012 meriti
1682 1990 1801 2013 cumu-

1026 2035 1104 2067 lum.
1124 2036 1162 2067 Et
1175 2036 1247 2067 licet
1261 2036 1406 2068 videatur
1422 2035 1671 2075 praeposteratio,
1693 2038 1800 2068 tamen

1026 2089 1129 2120 multo
1144 2090 1247 2130 maj0r
1262 2090 1308 2120 est
1322 2090 1353 2120 et
1362 2088 1529 2129 perfectior
1543 2088 1710 2120 ordinatio.
1727 2090 1799 2121 Alia

1024 2146 1070 2174 est
1091 2143 1327 2184 praeposteratio
1351 2144 1467 2182 praeter
1493 2150 1621 2173 causam
1645 2142 1795 2181 debitam,

1023 2199 1059 2227 ut
1087 2198 1114 2228 si
1143 2206 1183 2228 ex
1212 2196 1279 2228 sola
1304 2195 1490 2227 liberalitate
1518 2195 1691 2226 voluntatis
1714 2205 1795 2228 meae

1022 2251 1125 2291 magis
1140 2259 1191 2281 me
1205 2250 1374 2281 exhibeam
1399 2249 1492 2280 alicui
1516 2250 1679 2288 extraneo,
1697 2259 1795 2290 quam

1021 2303 1204 2342 domestico,
1222 2305 1252 2334 et
1267 2302 1518 2342 consanguineo,
1544 2304 1575 2332 et
1597 2302 1693 2333 etiam
1712 2303 1793 2343 patri

1020 2365 1102 2395 meo,
1119 2356 1346 2387 considerando
1358 2356 1391 2386 in
1406 2355 1474 2395 ipso
1495 2355 1638 2396 aliquam
1658 2356 1792 2387 strenui·

1017 2413 1114 2442 tatem
1143 2410 1261 2449 magis,
1288 2418 1385 2450 quam
1412 2409 1466 2441 Dei
1493 2408 1703 2448 voluntatem,
1733 2412 1789 2441 aut

1018 2464 1121 2495 meriti
1141 2464 1331 2504 dignitatem
1355 2474 1362 2493 ε
1397 2465 1428 2494 et
1457 2463 1527 2493 haec
1551 2463 1787 2502 praeposteratio

1015 2518 1117 2548 aufert
1141 2517 1308 2554 meritum,
1329 2516 1405 2556 quia
1425 2516 1458 2546 in
1472 2516 1532 2547 hoc
1555 2523 1620 2546 non
1648 2524 1784 2548 mereor.

1014 2571 1117 2603 Tertia
1140 2579 1215 2602 vero
1236 2572 1282 2600 est
1307 2569 1542 2610 praeposteratio
1562 2570 1673 2600 contra
1694 2569 1784 2601 debi-

1045 2635 1051 2650 ¹
1065 2633 1170 2664 Philip,
1187 2638 1203 2662 i,
1219 2634 1257 2656 23.
1269 2645 1299 2651 -
1311 2632 1410 2662 monn„
1425 2637 1467 2661 XV,
1486 2631 1520 2656 13.
