2017 2960
55 564 159 585 Concilia—

92 596 128 616 tio.

686 173 782 205 DIST.
805 171 898 203 xxu.
924 170 1016 201 ART.
1040 170 1063 200 1.
1088 168 1238 206 QUAEST.
1265 169 1287 199 1.

177 245 292 277 modus
302 244 425 276 dicendi
434 245 491 282 est,
504 242 588 283 quod
606 242 685 274 illud
696 250 760 272 non
776 240 868 271 debet
883 247 955 269 000-

175 299 244 330 cedi
259 298 297 330 de
312 297 447 335 Christo,
464 306 522 327 nec
550 296 588 327 de
614 296 685 327 aliis
703 293 900 326 hominibus.
917 292 956 323 Et

175 352 318 392 primum
348 351 481 381 modum
511 350 636 381 dicendi
663 349 764 380 tenuit
801 347 956 386 magister

175 403 272 443 Hugo
288 404 325 434 de
341 403 457 435 Sancto
471 403 596 435 Victore
609 415 615 442 ;
629 402 805 434 secundum
821 400 955 431 modum

177 458 279 488 tenuit
293 457 444 497 Magister
462 458 715 494 Sententiarum3
732 456 864 486 tertium
877 462 954 484 vero

177 512 262 541 tenet
276 512 457 542 communis
474 511 582 551 opinio
596 511 767 541 Doctorum
792 508 952 539 Parisien-

177 564 274 595 sium.
285 564 317 596 Si
333 566 404 605 quis
419 567 525 596 autem
537 564 613 597 velit
626 563 796 602 diligenter
811 561 956 593 conside-

176 627 259 656 rare,
276 619 409 658 quilibet
419 618 532 649 modus
547 617 773 658 praedictorum
788 616 884 646 habet
899 615 954 645 ali-

175 671 254 712 quid
269 672 307 703 de
322 672 466 703 veritate.
494 672 573 703 Cum
589 671 676 702 enim
697 670 813 701 dicitur
835 669 894 699 1100
915 668 954 700 (10

174 724 245 764 1100,
259 725 424 765 tripliciter
437 727 537 765 potest
549 724 621 762 dici,
634 725 690 755 aut
700 723 877 754 secundum
886 730 954 752 esse

175 779 309 817 actuale,
338 781 394 810 aut
425 779 601 809 secundum
629 786 697 808 esse
725 775 951 816 aptitudinale,

174 834 231 863 aut
244 832 360 872 partim
385 832 563 863 secundum
581 841 648 862 esse
674 830 816 867 actuale,
835 829 952 870 partim

173 887 349 917 seeundum
375 886 583 926 aptitudinale
605 885 838 926 :praedicatum
866 885 953 915 enim

172 942 228 970 aut
243 940 317 971 dicit
331 941 498 971 essentiam
514 940 662 980 subjecti,
682 941 739 970 aut
754 941 861 969 actum
875 938 951 969 sub-

168 992 256 1032 jecti.
273 993 363 1024 Tune
377 995 423 1024 est
438 994 619 1034 praedicatio
630 993 807 1024 secundum
821 1002 887 1023 esse
903 1001 953 1023 ac-

172 1046 268 1084 tuale,
283 1047 410 1087 quando
426 1047 608 1087 subjectum
622 1049 667 1078 est
682 1057 738 1078 ens
752 1047 786 1078 in
810 1049 894 1085 actu,
922 1048 953 1077 et

171 1099 274 1130 forma
288 1101 451 1140 praedicati
464 1103 537 1131 actu
549 1101 686 1132 inhaeret
701 1101 853 1140 subjecto,
865 1102 895 1130 et
906 1102 953 1130 est

172 1154 242 1193 ejus
257 1156 361 1192 actu53
377 1154 469 1192 sicut,
486 1155 616 1185 homine
632 1154 797 1193 existente,
813 1154 949 1185 dicitur:

175 1217 190 1236 (1
206 1206 310 1238 Homo
325 1209 371 1238 est
385 1208 542 1238 animal.»
560 1207 649 1238 Tunc
662 1208 771 1238 autem
781 1207 953 1246 0510133111-

172 1260 253 1291 catio
285 1261 462 1292 seeundum
490 1270 557 1292 esse
578 1260 799 1301 aptitudinale,
822 1260 952 1300 quando

173 1323 232 1345 nec
243 1315 424 1354 subiectum
438 1317 485 1345 est
499 1317 583 1353 actu,
602 1324 659 1345 000
674 1315 777 1345 forma
789 1314 953 1354 praedicati

176 1371 249 1400 actu
263 1368 401 1400 inhaeret
415 1370 557 1409 5111110010
570 1380 577 1407 ·,
591 1369 644 1400 sed
654 1369 831 1400 necessaria
845 1371 890 1399 est
901 1378 954 1399 or-

176 1422 296 1453 dinatio
311 1423 408 1453 unius
421 1423 459 1453 ad
475 1423 612 1453 alterum
620 1422 752 1453 fundata
759 1431 856 1462 super
869 1421 955 1461 prin-

176 1476 259 1516 cipia
284 1478 424 1514 naturam
450 1477 541 1514 510111,
573 1476 661 1506 nulla
687 1485 759 1506 rosa
787 1475 953 1514 existente,

176 1528 358 1559 conceditur
372 1529 456 1568 quod
483 1538 555 1559 rosa
577 1529 616 1559 sit
640 1528 711 1558 flos.
740 1527 831 1559 Tune
846 1530 955 1558 autem

176 1583 224 1611 est
234 1581 416 1621 praedicatio
431 1582 548 1622 partim
564 1581 742 1612 secundum
757 1590 823 1612 esse
835 1582 955 1621 aptitu-

176 1633 292 1674 dinale,
319 1636 437 1675 partim
460 1636 637 1666 secundum
662 1635 796 1673 actuale,
827 1636 955 1675 quando

176 1688 377 1727 suppositum
393 1689 480 1720 estin
491 1692 574 1727 actu,
590 1690 693 1720 torma
707 1698 783 1720 vero
794 1689 956 1729 praedicati

176 1749 240 1771 non
251 1741 333 1772 inest
344 1742 372 1772 ei
387 1742 565 1773 secundum
575 1744 694 1781 actum,
709 1743 762 1773 sed
776 1744 954 1774 secundum

176 1795 386 1826 necessariam
401 1795 647 1834 ordinationem,
665 1797 828 1827 fundatam
841 1797 879 1837 (a)
899 1806 956 1828 511-

176 1857 232 1888 per
260 1850 415 1890 principia
434 1853 570 1881 naturae.
598 1850 676 1881 Cum
692 1860 771 1890 ergo
795 1851 956 1891 quaeritur

176 1905 288 1933 utrum
300 1903 441 1934 Christus
449 1903 489 1934 sit
503 1903 601 1934 homo
613 1904 647 1934 in
664 1904 782 1943 triduo,
799 1904 825 1935 si
840 1905 954 1944 loqua-

176 1964 251 1986 mur
265 1956 303 1987 de
318 1956 543 1996 praedieatione
558 1958 736 1988 secundum
750 1967 818 1989 esse
835 1959 953 1998 aptitu-

175 2010 291 2049 dinale,
309 2020 375 2042 non
390 2013 514 2042 tantum
530 2014 577 2042 est
603 2021 719 2044 verum
745 2012 783 2043 de
798 2012 882 2052 ipso,
900 2013 954 2044 sed

175 2063 269 2094 etiam
283 2064 321 2095 de
336 2064 425 2095 omni
444 2065 575 2096 homine
590 2068 729 2104 mortuo,
746 2065 823 2105 quia
838 2075 955 2096 secun-

174 2116 253 2147 dum
279 2117 446 2149 veritatem
476 2117 548 2149 fidei
571 2121 701 2157 nostrae,
727 2121 757 2150 et
788 2119 953 2152 scientiam

173 2171 357 2211 theologiae,
373 2172 502 2212 quando
516 2172 614 2203 homo
628 2173 776 2211 moritur,
787 2177 954 2206 remanent

174 2225 330 2265 principia
341 2227 422 2266 eius,
445 2226 479 2256 in
493 2227 611 2266 quibus
625 2227 713 2258 salva
736 2228 784 2258 est
797 2227 954 2259 ordinatio

174 2287 239 2309 non
266 2279 372 2310 solum
398 2283 545 2321 respectu
568 2281 679 2312 formae
707 2281 850 2312 hominis
860 2305 870 2319 ,
898 2282 953 2312 sed

175 2333 271 2363 etiam
299 2333 355 2373 huj
362 2343 400 2364 us
429 2334 571 2365 hominis
587 2345 594 2365 t
608 2335 751 2375 alioquin
779 2344 845 2366 non
872 2337 954 2366 esset

175 2395 252 2417 vera
261 2388 463 2419 resurrectio.
480 2387 514 2419 Si
529 2390 637 2418 autem
646 2387 820 2428 loquamur
828 2388 866 2419 de
875 2398 954 2429 prae·

175 2436 331 2469 dicatione
346 2439 462 2478 partim
470 2439 597 2476 actuali,
611 2439 727 2479 partim
737 2439 952 2479 aptitudinali,

175 2491 219 2521 sic
233 2493 335 2530 potest
345 2493 474 2524 concedi
488 2493 526 2524 de
539 2492 672 2530 Christo,
683 2493 769 2533 quod
785 2493 879 2524 fuerit
892 2493 954 2524 ho-

176 2553 229 2575 mo
257 2544 292 2575 in
318 2545 435 2585 triduo,
461 2545 537 2586 quia
552 2548 620 2578 erat
642 2555 778 2587 persona
803 2547 839 2578 111
864 2550 952 2585 actu,

176 2598 326 2639 quamvis
352 2599 455 2630 forma
473 2600 682 2633 humanitatis
710 2603 894 2634 servaretur
918 2602 953 2632 in

210 2663 241 2695 (a)
259 2662 318 2686 ctat.
331 2662 392 2688 edit.
404 2662 517 2688 fundata.

1733 175 1788 205 461

1013 237 1190 277 aptitudine
1213 236 1448 277 conjunctionis
1476 236 1593 268 anim-te.
1616 239 1647 269 et
1661 240 1788 278 carnis;

1012 290 1065 321 sed
1090 290 1151 321 1100
1166 299 1230 321 000
1250 291 1351 330 potest
1363 289 1422 320 dici
1436 289 1475 321 de
1487 289 1596 330 aliquo
1609 290 1670 322 alio
1685 291 1792 323 homi-

1011 352 1063 374 ne.
1079 344 1111 374 Si
1126 346 1234 374 autem
1249 343 1422 383 loquamur
1432 344 1470 374 (10
1482 344 1708 383 praedicatione
1719 346 1792 377 sim-

1011 397 1133 436 pliciter
1148 398 1275 436 actuali,
1293 407 1353 428 nec
1370 398 1408 428 de
1423 398 1555 437 Christo,
1588 408 1648 429 000
1672 399 1710 430 de
1731 400 1792 431 alio

1011 450 1141 481 homine
1172 453 1218 482 est
1232 461 1347 483 verum
1375 452 1477 483 dicere
1500 452 1586 492 quod
1606 453 1647 483 sit
1673 453 1790 492 homo,

1010 504 1166 543 quamdiu
1181 505 1288 535 anima
1311 508 1357 535 est
1372 508 1516 545 separata
1531 516 1549 536 a
1564 515 1671 538 carne.
1704 506 1792 538 Nihil

1011 558 1097 588 enim
1111 559 1183 589 facit
1197 559 1362 589 hominem
1380 568 1446 590 esse
1462 562 1546 598 actu,
1570 560 1633 591 11151
1658 561 1791 592 actualis

1010 614 1192 653 conjunctio
1219 614 1336 645 animae
1360 623 1434 644 cum
1455 624 1561 646 carne.
1579 616 1611 647 Si
1634 626 1712 657 ergo
1737 617 1789 648 isti

1010 668 1074 697 tres
1090 667 1176 698 modi
1211 667 1336 698 dicendi
1355 667 1581 706 intelliguntur
1610 671 1789 702 seeundum

1010 721 1073 751 tres
1086 720 1253 760 przedictos
1267 720 1378 751 modos
1393 721 1597 760 praedicandi,
1613 723 1658 754 510
1672 724 1706 755 10
1722 734 1791 755 0111-

1010 774 1105 805 nibus
1119 775 1277 815 reperitur
1288 775 1422 812 veritas,
1435 778 1466 805 et
1479 776 1568 806 nulla
1580 779 1627 807 est
1641 778 1724 808 inter
1738 787 1791 809 005

1010 829 1226 860 contrarietas.
1240 828 1402 859 Etverum
1417 829 1514 859 sensit
1524 829 1619 869 Hugo
1627 831 1665 861 de
1676 831 1792 862 Sancto

1009 881 1145 920 Victore,
1172 885 1202 913 et
1217 891 1332 913 verum
1358 882 1438 912 dixit
1453 881 1615 922 Magister,
1634 885 1660 914 si
1674 884 1791 916 intelli-

1009 937 1093 975 gunt
1101 937 1196 975 ι11111111
1212 935 1322 966 modos
1341 936 1615 975 praensssignatos,
1631 940 1662 968 01
1675 947 1790 969 verum

1008 991 1094 1019 tenet
1110 989 1290 1020 communis
1307 990 1426 1029 opinio.
1451 989 1490 1020 Et
1516 999 1572 1030 per
1587 991 1647 1021 hoo
1660 992 1700 1022 ad
1716 1002 1789 1023 om-

1008 1053 1064 1075 nes
1080 1044 1218 1074 rationes
1241 1043 1280 1074 ad
1308 1045 1480 1083 utramque
1496 1047 1619 1084 partem
1639 1046 1790 1077 adductas

1008 1097 1082 1127 satis
1105 1099 1207 1137 potest
1235 1098 1342 1137 patere
1366 1098 1540 1137 responsio.
1559 1098 1787 1131 Verumtamen

1008 1149 1033 1179 si
1059 1150 1157 1180 verba
1172 1150 1318 1189 Hugonis
1333 1151 1469 1182 velimus
1486 1152 1624 1191 amplius
1639 1154 1787 1186 conside·
1815 1150 1908 1200 0¹p¹;n.⁰1,

1008 1212 1089 1241 rare,
1104 1204 1289 1234 invenimus
1304 1213 1379 1234 eum
1394 1205 1527 1235 sensisse
1542 1206 1701 1237 Christum
1710 1208 1787 1239 suis-

1007 1265 1040 1287 se
1053 1257 1217 1288 hominem
1226 1258 1256 1287 in
1269 1257 1384 1296 triduo,
1399 1259 1675 1299 etquemcumque
1687 1261 1788 1293 alium

1008 1309 1173 1341 hominem
1190 1313 1365 1349 mortuum,
1378 1320 1442 1341 non
1459 1311 1563 1341 solum
1579 1315 1738 1351 quantum
1749 1314 1788 1344 ad

1009 1373 1075 1395 esse
1089 1364 1309 1404 aptitudinale,
1326 1365 1379 1395 sed
1394 1365 1490 1395 etiam
1506 1367 1666 1404 quantum
1681 1366 1720 1397 ad
1736 1376 1789 1397 es-

1010 1427 1042 1447 se
1057 1418 1191 1448 00111010.
1209 1417 1318 1448 Posuit
1341 1418 1428 1448 011101
1449 1418 1534 1457 quod
1554 1420 1624 1458 post
1651 1422 1789 1450 mortem

1010 1471 1188 1502 salvaretur
1209 1481 1276 1502 esse
1301 1471 1451 1509 hominis,
1467 1474 1498 1502 et
1513 1472 1598 1512 quod
1611 1473 1718 1504 anima
1735 1483 1788 1504 se-

1011 1528 1121 1565 parata
1135 1527 1215 1556 esset
1231 1534 1376 1565 persona,
1394 1527 1425 1556 et
1441 1526 1527 1565 quod
1553 1527 1670 1557 iterum
1686 1528 1788 1559 multo

1010 1579 1123 1610 fortius
1137 1579 1265 1609 deberet
1279 1579 1376 1609 homo
1391 1579 1450 1609 diei
1461 1579 1589 1618 ι0111010,
1606 1590 1703 1620 quam
1718 1591 1789 1612 cor-

1011 1642 1082 1673 pus,
1099 1632 1126 1663 si
1142 1633 1202 1663 hoc
1217 1633 1398 1663 admitteret
1418 1642 1508 1663 usus.
1527 1633 1616 1664 Unde
1631 1636 1741 1673 arguit
1756 1635 1789 1666 in

1011 1686 1098 1718 hunc
1111 1687 1243 1717 modum
1261 1697 1267 1717 :
1286 1686 1365 1717 Cum
1380 1686 1477 1717 homo
1492 1696 1532 1717 ex
1550 1687 1658 1718 anima
1674 1691 1705 1718 et
1718 1697 1787 1719 cor-

1011 1750 1087 1781 pore
1102 1743 1234 1778 constet⁷
1250 1743 1358 1770 tamen
1386 1744 1514 1780 propter
1528 1749 1627 1772 unam
1651 1744 1786 1782 partem,

1011 1803 1083 1834 quae
1099 1796 1145 1824 est
1159 1803 1285 1833 eorpuS,
1305 1793 1422 1824 dicitur
1437 1794 1534 1825 homo
1543 1804 1657 1834 corpus
1676 1806 1682 1825 :
1702 1797 1789 1826 mul-

1011 1851 1042 1878 to
1055 1858 1133 1888 ergo
1148 1848 1252 1887 magis
1267 1848 1445 1878 secundum
1461 1851 1583 1888 partem
1602 1849 1700 1888 illam,
1716 1859 1788 1890 quae

1820 1110 1902 1131 Exami-

1010 1905 1057 1933 051
1070 1903 1189 1939 anima,
1205 1902 1298 1933 debet
1322 1902 1383 1932 dici
1395 1903 1514 1933 anima.
1529 1902 1568 1933 Et
1582 1903 1614 1933 10
1630 1903 1691 1934 hoc
1705 1904 1787 1936 dicto
1803 1910 1899 1939 Improb.

1010 1957 1163 1997 magister
1184 1956 1280 1995 Hugo
1294 1957 1510 1987 communiter
1521 1966 1585 1988 non
1599 1958 1786 1992 sustinetur.

1009 2010 1072 2042 Nec
1086 2011 1175 2041 enim
1189 2011 1298 2041 anima
1313 2013 1457 2049 separata
1469 2015 1515 2041 est
1531 2020 1680 2050 persona,
1706 2013 1788 2043 siout

1010 2067 1173 2096 ostensum
1195 2065 1256 2095 fuit
1280 2074 1399 2105 supra,
1416 2074 1475 2095 nec
1497 2065 1595 2097 homo
1612 2069 1659 2097 est
1680 2067 1789 2098 anima

1009 2128 1080 2155 sua,
1109 2127 1169 2149 1100
1192 2118 1299 2150 verius
1328 2120 1376 2149 est
1398 2118 1497 2149 homo
1525 2128 1600 2149 cum
1629 2120 1766 2150 moritur
1777 2145 1786 2159 ,

1009 2183 1108 2213 quam
1124 2183 1198 2204 0001
1213 2173 1295 2204 vivit
1306 2198 1313 2212 ‚
1334 2176 1490 2213 quantum
1510 2175 1549 2205 ad
1565 2184 1633 2206 esse
1648 2178 1785 2214 naturae,

1009 2227 1080 2258 licet
1095 2227 1234 2259 fortassis
1246 2228 1345 2268 possit
1356 2228 1468 2267 augeri
1484 2228 1517 2258 in
1532 2237 1570 2259 eo
1579 2238 1646 2259 esse
1653 2230 1783 2269 gratiae;

1009 2290 1067 2311 nec
1082 2290 1209 2321 corpus,
1231 2281 1408 2311 secundum
1423 2281 1509 2321 quod
1537 2284 1585 2312 est
1607 2291 1681 2322 pars
1705 2282 1787 2314 inte-

1010 2333 1109 2372 gralis
1127 2334 1285 2371 hominis,
1308 2334 1501 2374 praedicatur
1519 2335 1557 2366 de
1574 2335 1704 2367 homine
1720 2345 1728 2367 :
1756 2340 1787 2368 et

1009 2387 1080 2418 ideo
1090 2396 1156 2418 non
1168 2387 1235 2418 sine
1253 2397 1348 2418 causa
1362 2388 1545 2429 opinionem
1559 2390 1706 2428 magistri
1718 2389 1785 2421 Hu-

1010 2440 1104 2480 gonis
1129 2441 1312 2471 communis
1340 2441 1447 2481 opinio
1475 2451 1541 2472 non
1569 2442 1725 2482 approbat
1753 2443 1788 2475 in

1010 2495 1099 2534 parte
1110 2494 1179 2524 ista.
1191 2494 1343 2533 Magister
1355 2497 1463 2525 autem
1475 2494 1711 2526 Sententiarum
1721 2505 1788 2528 non

1010 2546 1115 2578 solum
1130 2547 1234 2579 voluit
1247 2547 1362 2587 dicere,
1377 2549 1463 2588 quod
1478 2548 1620 2580 Christus
1634 2549 1667 2580 10
1679 2550 1787 2582 triduo

1009 2602 1119 2634 ruisset
1144 2602 1242 2634 homo
1260 2602 1488 2642 praedicatione
1516 2602 1633 2642 partim
1657 2604 1785 2642 actuali,

1010 2656 1126 2697 partim
1147 2656 1369 2696 aptitudinali:
1396 2656 1461 2686 imo
1484 2655 1570 2695 quod
1591 2655 1652 2687 hoc
1672 2657 1787 2691 dixerit
