1997 2986
58 703 114 732 Opiu
134 705 153 724 Ξ.

75 1789 158 1817 Appro-

50 1821 115 1857 intio.
140 1823 154 1856 ῃ*

50 1859 158 1881 opinionis

51 1940 120 1962 Rutio.
132 1942 149 1961 t.

705 198 802 230 DIST.
824 198 846 229 1.
871 197 949 228 ‚mr

170 274 247 297 vero
269 266 309 298 ad
331 267 512 308 oppositum
532 269 563 298 et
582 267 786 298 auctoritates
808 274 865 306 per
885 265 945 296 hoc

170 319 350 360 effugiunt,
371 320 447 361 quia
469 321 578 352 dicunt
597 331 650 352 eas
674 320 810 360 intelligi
831 328 946 350 secun-

169 374 246 406 dum
263 375 348 415 quod
366 375 542 407 incarnatio
557 376 673 407 dicitur
686 375 790 407 carnis
806 374 948 406 mortalis

169 431 199 461 et
211 430 369 471 passibilis
380 431 565 472 assumptio.
579 431 734 471 Loquitur
746 431 831 461 enim
844 429 948 469 Scrip-

169 485 241 515 tura
251 487 280 515 et
291 484 394 516 littera
405 485 443 515 de
455 485 671 516 incarnatione
682 483 859 514 secundum
871 491 945 512 eum

170 537 318 575 modum,
333 539 390 579 qui
407 538 466 570 suit
482 541 551 580 post
565 538 705 578 tapsum,
720 546 784 567 nou
802 545 857 576 per
871 544 944 565 eum

170 590 320 629 modum,
340 592 396 632 qui
422 592 531 622 tuiffiet
554 591 684 622 homine
708 589 892 631 persistente
914 589 945 619 iu

168 647 252 676 statu
268 645 468 676 innocentiae.

210 699 356 730 Aliorum
369 699 459 729 vero¹
473 698 587 739 positio
601 697 672 736 suit,
684 697 768 738 quod
785 697 947 738 praecipua

168 750 248 781 ratio
261 749 488 784 incarnationis
502 749 562 781 fuit
575 749 733 790 reparatio
745 749 873 788 generis
888 748 948 779 hu-

169 803 256 835 mani
276 814 283 835 :
307 803 458 844 quamvis
485 803 595 835 multae
618 803 680 834 siut
705 803 844 834 rationes
867 812 947 834 con-

168 855 329 895 gruentiae
343 855 420 886 huic
435 864 584 892 annexae,
600 855 660 886 ista
675 857 784 886 tamen
798 857 845 885 est
862 863 948 895 prae-

169 909 263 950 cipua
290 911 434 950 respectu
459 909 623 948 omnium,
650 909 727 949 quia
754 908 815 939 nisi
843 918 948 948 genus

169 963 353 995 humanum
370 963 479 994 suisset
498 963 635 1004 lapsum,
651 962 792 994 Verbum
814 962 866 994 Dei
883 972 947 994 nou

170 1018 279 1049 suisset
295 1018 509 1048 incarnatum.
527 1017 565 1048 Et
582 1017 662 1048 ratio
680 1016 780 1057 hujus
797 1019 855 1055 est⁷
873 1017 949 1056 quia

171 1072 349 1103 incarnatio
377 1071 429 1103 Dei
457 1074 502 1103 est
525 1071 805 1112 superexcedentis
833 1070 947 1110 digna-

170 1125 265 1157 tionis
279 1136 286 1156 :
303 1128 333 1156 et
346 1125 416 1156 ideo
431 1133 506 1156 cum
525 1125 566 1155 sit
582 1124 625 1155 ibi
639 1124 770 1164 quidam
785 1133 946 1162 excessus,

169 1189 236 1211 non
254 1179 366 1211 fuisset
389 1178 607 1210 introductum
630 1177 857 1208 incarnationis
874 1186 947 1217 my-

169 1233 315 1272 sterium,
327 1233 387 1265 nisi
401 1233 613 1274 praecessisset
625 1241 773 1264 excessus
786 1232 950 1272 oppositus

169 1297 226 1330 per
254 1288 360 1329 ipsum
396 1286 608 1327 corrigendus
643 1288 674 1318 et
707 1286 948 1319 restaurandus,

170 1342 259 1375 Unde
271 1343 331 1374 nisi
346 1345 426 1374 Deus
438 1343 551 1374 ovem’
564 1350 657 1373 suam
671 1340 868 1381 perdidisset,
885 1350 950 1372 uon

169 1394 208 1426 de
227 1394 306 1426 coelo
320 1394 360 1426 ad
375 1397 493 1426 terram
507 1393 729 1425 descendisset.
749 1392 826 1430 Quis
841 1395 950 1424 autem

170 1449 289 1482 horum
311 1449 481 1480 modorum
498 1448 610 1480 melior
626 1447 678 1486 sit,
698 1447 789 1478 novit
805 1447 875 1485 iste,
893 1446 950 1486 qui

170 1512 229 1544 pro
242 1503 336 1535 nobis
348 1503 532 1534 incarnatus
550 1504 608 1533 est.
627 1501 704 1539 Quis
720 1501 817 1532 etiam
832 1501 950 1532 horum

170 1557 258 1589 alteri
282 1556 518 1598 praeponendus
538 1557 590 1593 sit,
611 1555 737 1586 difficile
761 1558 807 1586 est
829 1554 949 1593 videre,

171 1619 230 1652 pro
248 1619 286 1642 eo
304 1610 390 1651 quod
412 1613 545 1650 uterque
566 1609 681 1640 modus
700 1608 873 1640 catholicus
892 1610 949 1646 est,

170 1666 231 1696 eta
242 1664 319 1695 viris
329 1663 492 1695 catholicis
503 1663 689 1694 sustinetur.
704 1662 842 1702 Uterque
853 1662 950 1693 etiam

170 1717 285 1749 modus
306 1717 424 1748 excitat
443 1717 588 1748 animam
610 1717 649 1748 ad
671 1716 874 1748 devotionem
898 1724 951 1746 se-

170 1770 312 1802 cundum
340 1770 482 1802 diversas
511 1770 791 1802 considerationes.
818 1769 950 1802 Videtur

146 1835 155 1841 ·
169 1828 278 1858 autem
298 1826 424 1867 primus
445 1825 560 1856 modus
579 1825 683 1864 magis
703 1833 878 1856 consonare
894 1826 949 1864 Ju-

169 1879 251 1911 dicio
267 1879 416 1917 rationis;
434 1877 594 1910 secundus
612 1880 732 1916 tamen,
748 1878 831 1909 sicut
849 1887 951 1918 appa-

169 1936 229 1971 ret,
246 1933 319 1974 plus
333 1934 487 1965 consonat
501 1933 610 1973 pietati
624 1932 698 1964 fidei
715 1941 723 1963 ε
739 1931 855 1972 primo,
872 1933 951 1973 quia

169 1987 414 2019 auctoritatibus
423 1986 615 2018 Sanctorum
625 1990 657 2018 et
666 1995 764 2018 sacrae
776 1986 951 2027 Scripturae

171 2041 276 2081 magis
294 2040 464 2072 concordat
481 2051 489 2072 ε
508 2049 584 2072 nam
604 2043 670 2071 tam
690 2040 831 2078 Novum,
852 2050 950 2082 quam

169 2094 269 2127 Vetus
282 2095 536 2132 Testamentum,
550 2094 606 2126 ubi
617 2094 656 2126 de
669 2094 740 2126 Filii
755 2094 809 2127 Dei
824 2096 951 2127 descen-

170 2157 208 2180 su
222 2148 412 2190 loquuntur,
430 2148 559 2189 generis
577 2149 714 2180 humani
729 2148 950 2181 liberationem

170 2203 328 2236 rationem
350 2203 500 2240 reddunt,
524 2202 609 2244 quod
631 2205 717 2244 patet
737 2203 866 2244 singula
883 2204 950 2235 dis-

171 2257 341 2290 currendo.
354 2257 462 2289 Sancti
476 2257 573 2288 etiam
587 2257 649 2288 hoc
661 2257 784 2296 dicunt,
799 2258 881 2289 sicut
898 2268 952 2299 pa-

171 2314 216 2343 tet
230 2311 262 2342 in
277 2311 520 2343 auctoritatibus
535 2311 753 2352 suprapositis.
770 2311 808 2343 Et
826 2312 908 2351 ideo,
925 2313 950 2343 si

172 2365 282 2397 divina
301 2365 430 2407 eloquia
451 2365 680 2397 nobilissimam
701 2368 732 2397 et
754 2367 951 2407 praecipuam

173 2419 401 2451 incarnationis
414 2419 573 2451 rationem
585 2419 762 2460 assignant,
778 2419 826 2451 et*
839 2432 855 2450 a
869 2420 952 2451 nihil

174 2473 270 2505 etiam
286 2482 306 2505 a
319 2473 412 2505 nobis
427 2473 600 2505 dicendum
618 2475 667 2505 est
682 2475 797 2514 praeter
813 2483 862 2511 ea,
879 2483 952 2515 quae

175 2527 268 2559 nobis
284 2536 325 2560 ex
343 2527 441 2559 sacris
454 2527 589 2569 eloquiis
604 2527 724 2559 clarent
733 2539 742 2566 ;
758 2539 773 2557 n
791 2528 863 2560 ideo
884 2538 954 2560 ma-

211 2590 254 2615 ¹S-
264 2591 367 2620 Thom„
379 2591 474 2615 summ.
486 2590 572 2622 theoL,
584 2590 692 2622 ltt,q.1,
703 2592 752 2615 art.
764 2591 820 2615 3.-
829 2591 839 2607 ¹
850 2591 954 2620 Mami„

177 2631 221 2656 xv,
236 2627 281 2658 2⁴5
293 2627 362 2658 Luc„
378 2633 421 2656 ιν,
437 2627 450 2651 4
463 2629 490 2651 et
504 2627 708 2658 seq.—⁸Dion.
724 2627 831 2658 Areop..
849 2626 879 2651 de
896 2627 954 2651 Dn'r.

177 2662 259 2691 Nom..
277 2668 300 2686 c.
314 2667 333 2690 1,
345 2662 361 2694 5
376 2665 386 2688 t
399 2681 408 2694 ‚
422 2663 449 2687 in
459 2662 550 2694 primis
564 2662 617 2687 tere
637 2662 730 2688 verbis.
746 2662 793 2681 -δ
807 2662 956 2694 August,de

211 2699 241 2728 (a)
258 2697 318 2722 (Ὧι.
334 2697 394 2722 edit.
407 2698 574 2723 restaurandi.

954 222 960 227 .
987 197 1023 228 ΙΙ.
1047 196 1196 235 QttAEST.
1222 196 1258 227 ΙΙ.

1739 199 1778 228 23

1001 264 1052 304 gis
1079 264 1206 295 videtur
1235 265 1340 305 pietati
1371 265 1441 296 fidei
1471 275 1665 303 consonum,
1693 265 1779 305 quod

1005 319 1166 360 przecipua
1194 319 1421 350 incarnationis
1452 320 1533 350 ratio
1566 320 1607 350 sit
1638 319 1780 349 liberatio

1003 373 1131 412 generis
1146 373 1292 409 humani,
1307 382 1406 413 quam
1422 373 1513 404 aliter
1528 373 1655 404 sentire.
1674 372 1709 403 Et
1722 372 1780 402 hoc

1003 430 1111 466 aperte
1135 427 1207 457 «licit
1235 427 1436 465 Augustinus
1454 427 1462 442 ⁸
1479 426 1510 457 iu
1528 427 1608 457 libro
1625 426 1664 458 de
1679 426 1782 457 verbis

1004 481 1162 520 Apostoli,
1177 481 1207 510 iu
1223 490 1369 510 sermone
1386 490 1458 518 Lxx,
1474 482 1612 511 tractans
1626 480 1701 510 illud
1717 480 1782 510 Lu-

1003 541 1047 564 coe
1058 537 1068 551 ⁸
1079 543 1085 563 :
1096 533 1187 565 Venit
1201 534 1290 571 filt'us
1299 534 1438 565 hominis
1448 534 1573 566 salvum
1582 534 1686 572 facere
1698 532 1782 573 quod

1002 587 1166 626 perierat:
1184 587 1345 617 «Siliomo
1359 597 1421 617 uon
1438 588 1594 627 periisset,
1611 586 1709 618 Filius
1723 587 1780 616 Ιιο-

1005 640 1101 670 miuis
1127 649 1190 671 nou
1223 641 1371 671 venisset.
1388 653 1402 668 n
1427 640 1461 671 tit
1479 641 1661 681 expressius
1687 640 1782 678 idem,

1005 696 1142 725 tractans
1154 694 1230 725 illud
1241 695 1250 710 ⁶
1265 705 1271 725 z
1287 694 1382 726 Venit
1397 695 1433 726 in
1447 695 1531 726 himo
1544 694 1700 726 mundum
1712 702 1783 734 pec-

1003 752 1126 780 catores
1141 748 1246 780 salvos
1261 749 1362 787 facere
1373 759 1383 779 ,·
1395 760 1409 777 α
1422 747 1514 779 Nulla
1528 757 1624 778 causa
1637 747 1784 778 veniendi

1005 801 1065 832 ruit
1084 802 1218 838 (insisto,
1237 802 1297 832 uisi
1316 804 1494 842 peccatores
1512 801 1617 832 salvos
1639 801 1751 832 facere.
1766 812 1780 829 n

1006 854 1044 885 Et
1064 855 1148 886 idem
1173 854 1265 895 plura
1287 855 1361 885 :licit
1380 856 1419 886 ad
1442 855 1500 886 hoc
1519 854 1722 895 pertinentia.
1748 854 1786 885 Et

1006 908 1037 939 in
1055 908 1108 939 illa
1123 908 1277 946 oratione,
1294 917 1368 948 quae
1389 908 1499 949 incipit
1517 919 1524 939 z
1545 920 1560 938 u
1577 909 1603 939 Α
1621 907 1698 938 cella
1713 917 1786 939 aro-

1006 962 1133 998 matica,
1157 972 1171 990 ι)
1197 971 1271 1002 qua¹
1292 962 1407 993 «licitur
1423 971 1491 993 esse
1513 961 1702 1001 Augustini.
1726 961 1786 993 hoc

1006 1017 1112 1057 ipsum
1139 1016 1276 1047 habetur
1302 1016 1496 1056 expressius.
1528 1016 1574 1047 Ad
1602 1015 1662 1047 hoc
1689 1016 1786 1046 etiam

1006 1071 1197 1102 concordant
1215 1070 1312 1101 verba
1334 1070 1495 1107 Bernardi,
1513 1072 1545 1100 et
1558 1069 1674 1100 Glossae
1690 1079 1787 1110 super

1005 1126 1127 1157 dictum
1150 1126 1255 1157 locum
1276 1124 1423 1165 Epistolae
1444 1124 1487 1156 ast
1506 1124 1712 1156 Timotheum.
1730 1124 1787 1155 Se-

1006 1180 1111 1211 cundo
1127 1189 1203 1211 vero
1219 1179 1390 1220 praedictus
1406 1178 1521 1210 modus
1535 1178 1640 1218 magis
1654 1187 1786 1209 concor-

1005 1234 1058 1266 dat
1076 1234 1182 1274 pietati
1206 1233 1291 1269 ndei,
1308 1233 1384 1273 quia
1406 1232 1504 1263 Deum
1528 1232 1633 1272 magis
1653 1231 1787 1263 honori-

1006 1288 1090 1326 ficat,
1108 1296 1206 1328 quam
1227 1287 1418 1327 praecedens.
1438 1285 1519 1317 Nam
1541 1285 1723 1326 praecedens
1738 1285 1787 1317 di-

1006 1342 1066 1378 cit,
1091 1341 1176 1382 quod
1202 1340 1304 1372 Deum
1329 1340 1529 1380 congruebat
1559 1339 1721 1370 incarnari
1747 1340 1787 1372 ad

1007 1394 1232 1435 perfectionem
1248 1393 1464 1425 universitatis
1481 1404 1488 1424 ε
1505 1396 1536 1424 et
1552 1392 1622 1424 ideo
1635 1393 1787 1433 quodam-

1008 1446 1102 1477 modo
1135 1445 1236 1477 Deum
1269 1446 1352 1476 intra
1385 1444 1610 1485 perfectionem
1642 1445 1787 1476 universi

1007 1499 1178 1539 concludit,
1197 1502 1227 1531 et
1244 1499 1419 1540 quamdam
1440 1499 1659 1529 necessitatem
1679 1498 1787 1529 incar-

1006 1553 1145 1584 nationis
1161 1553 1249 1593 ponit
1264 1553 1304 1591 ei,
1321 1562 1395 1583 cum
1410 1551 1484 1583 dicit
1499 1561 1595 1592 opera
1612 1552 1682 1591 ejus
1697 1551 1788 1582 aliter

1007 1607 1045 1638 ad
1076 1608 1298 1646 perfectionem
1328 1615 1394 1637 non
1422 1606 1565 1646 perduci.
1593 1605 1651 1637 Hic
1678 1608 1787 1637 autem

1009 1661 1123 1692 modus
1136 1661 1260 1692 dicendi
1275 1670 1350 1692 cum
1362 1660 1448 1697 dicit,
1460 1660 1544 1700 quod
1560 1659 1789 1690 incarnationis

1009 1715 1199 1756 mysterium
1220 1717 1268 1745 est
1286 1723 1383 1754 super
1398 1722 1528 1745 omnem
1549 1712 1786 1753 perfectionem,

1008 1770 1096 1810 ponit
1110 1769 1270 1801 Christum
1285 1777 1351 1800 esse
1366 1776 1464 1808 supra
1478 1775 1609 1797 omnem
1624 1766 1789 1806 perfectio-

1008 1832 1083 1855 nem
1104 1822 1333 1860 universitatis,
1357 1821 1426 1852 sive
1448 1823 1609 1861 quantum
1630 1820 1669 1851 ad
1694 1822 1787 1851 natu-

1007 1886 1088 1916 ram,
1111 1878 1178 1908 sive
1192 1879 1350 1917 quantum
1371 1875 1411 1906 ad
1432 1874 1582 1914 gratiam,
1598 1873 1664 1904 sive
1679 1883 1765 1914 quan

1007 1934 1076 1962 tum
1099 1931 1137 1962 ad
1159 1930 1308 1970 gloriam.
1332 1928 1370 1960 Et
1391 1929 1452 1960 hoc
1475 1930 1559 1959 recte
1583 1927 1674 1965 t'acit·,
1697 1927 1786 1967 quia,

1007 1984 1089 2016 sicut
1104 1985 1179 2016 dicit
1198 1983 1410 2024 Philosophus
1431 1983 1512 2013 libro
1523 1981 1562 2013 xl
1579 1981 1697 2013 Primae
1714 1981 1787 2013 Phi-

1008 2038 1198 2079 losoplaioe7,
1225 2050 1239 2067 u
1263 2037 1346 2069 neus
1369 2046 1466 2077 supra
1490 2044 1620 2067 omnem
1644 2035 1788 2066 universi

1006 2094 1151 2125 ordinem
1173 2092 1343 2133 ponendus
1366 2094 1427 2129 est,
1444 2102 1458 2119 n
1483 2090 1564 2121 sicut
1586 2099 1649 2121 uon
1670 2089 1788 2120 dicitur

1006 2157 1074 2180 esse
1093 2147 1160 2179 dux
1174 2146 1212 2178 de
1228 2146 1382 2183 exercitu,
1403 2144 1457 2176 sed
1476 2153 1576 2185 supra
1595 2143 1784 2175 exercitum.

1005 2201 1128 2239 Tertio,
1164 2200 1278 2232 modus
1311 2200 1370 2231 istc
1403 2198 1527 2230 dicendi
1559 2196 1786 2229 incarnationis

1006 2256 1196 2299 mysterium
1216 2254 1321 2294 magis
1340 2252 1554 2289 commendat,
1574 2252 1654 2283 dum
1669 2251 1786 2283 dicitur

1006 2311 1067 2342 hoc
1087 2309 1276 2350 mysterium
1295 2309 1422 2337 tantum
1444 2315 1522 2344 esse,
1538 2305 1622 2346 quod
1640 2314 1704 2336 non
1727 2304 1786 2335 de-

1006 2365 1075 2397 buit
1103 2363 1172 2394 fieri
1199 2361 1262 2392 nisi
1289 2369 1330 2392 ex
1364 2359 1507 2391 maxima
1538 2368 1649 2397 causa,
1677 2359 1787 2398 utpote

1007 2421 1136 2460 propter
1150 2415 1337 2458 placandam
1353 2414 1496 2447 divinam
1512 2413 1605 2450 iram,
1619 2415 1649 2444 et
1664 2415 1788 2444 restau-

1007 2473 1109 2505 randa
1129 2473 1166 2511 (α)
1192 2470 1319 2508 omnia,
1343 2469 1410 2500 sive
1433 2476 1506 2509 quae
1532 2467 1565 2498 in
1587 2465 1673 2497 coelis
1699 2468 1786 2505 sunt,

1007 2527 1075 2559 sive
1091 2534 1166 2567 quae
1182 2525 1215 2556 in
1231 2527 1328 2556 terra.
1345 2522 1383 2554 Et
1400 2522 1470 2554 ideo
1488 2521 1598 2553 dicunt
1611 2519 1697 2561 quod
1712 2522 1787 2551 tan-

1012 2625 1098 2650 Verhn's
1110 2624 1205 2655 Αμωί..
1221 2629 1299 2646 sei-ui.
1312 2627 1347 2651 1x,
1359 2621 1391 2644 at.
1402 2625 1514 2648 ccxxxv,
1529 2626 1556 2645 n.
1570 2619 1642 2644 1.—⁸
1654 2619 1721 2648 Luc.,
1733 2625 1788 2649 nx,

1011 2663 1080 2687 to.-
1090 2661 1118 2685 ⁸1
1132 2660 1204 2689 rim„
1214 2665 1232 2688 ι,
1247 2659 1282 2682 15.
1298 2671 1322 2675 -
1334 2657 1345 2674 ⁷
1359 2656 1443 2685 Arist„
1459 2655 1581 2687 Metupli„
1592 2655 1638 2680 lib.
1650 2655 1707 2686 ΧΙΙ,
1717 2659 1787 2680 cont.

1010 2699 1037 2723 Η
1049 2716 1056 2728 ,
1073 2699 1097 2721 et
1111 2697 1135 2720 in
1152 2697 1201 2720 tine
1215 2694 1331 2726 ejusdem
1344 2693 1410 2716 libri.

1812 1125 1852 1147 Ru
1863 1132 1874 1146 o
1886 1127 1905 1146 Ξ.

1812 2209 1873 2231 nano
1888 2212 1910 2232 ³.
