2017 2960
39 2635 136 2658 Fundam
140 2651 145 2655 .

624 186 721 218 DIST.
744 186 864 218 XXVII.
889 186 978 218 ART.
1004 187 1027 217 1.
1052 186 1199 225 QUAEST.
1226 187 1276 219 IV.

189 257 217 285 3.
233 254 282 285 Ad
295 254 374 292 illud
388 254 473 293 quod
488 254 646 294 objicitur,
665 254 751 294 quod
769 263 860 284 amor
875 257 921 284 est

148 307 214 339 vita
238 308 373 344 animae,
398 307 570 339 dicendum
593 308 679 348 quod
701 308 784 338 sicut
807 308 841 338 in
856 307 921 338 vita

148 363 272 391 naturae
287 362 393 393 vivere
409 361 524 392 dicitur
545 362 712 401 dupliciter
723 385 731 399 ,
746 371 812 392 uno
828 361 922 392 modo

147 416 242 453 prout
255 416 302 444 est
315 417 403 445 actus
418 415 552 454 primus,
569 415 629 445 alio
646 415 740 445 modo
760 418 855 455 prout
870 424 922 445 ac—

148 469 200 497 tus
212 467 389 506 secundus3
406 471 436 498 et
456 469 560 508 primo
579 468 674 499 modo
690 470 736 498 est
751 468 790 498 ab
806 468 923 498 animae

148 521 283 551 essentia
295 545 302 559 ,
318 524 348 551 et
363 521 501 552 secundo
517 522 556 552 ab
578 521 693 552 animae
708 521 863 561 potentia;
880 521 924 551 sic

148 573 392 613 intelligendum
403 575 491 606 estin
501 584 568 606 esse
581 575 692 613 moris,
709 574 794 614 quod
807 575 924 612 vivere,

148 629 244 666 prout
266 630 313 658 est
337 630 426 659 actus
448 628 592 668 primus,
608 630 655 659 est
668 628 708 658 ab
731 628 799 668 ipsa
820 627 925 667 gratia

149 679 333 712 vivificante
350 682 450 721 ipsam
466 682 610 712 animam
625 683 745 719 totam3
761 681 815 711 sed
830 682 925 720 prout

149 735 196 764 est
218 735 307 765 actus
327 735 500 772 secundus,
523 736 568 765 est
591 734 631 765 ab
656 735 724 774 ipsa
741 734 878 766 virtute:
895 736 925 764 et

149 788 297 827 quamvis
309 788 406 827 possit
421 788 553 818 attribui
568 787 656 818 omni
671 788 785 818 virtuti
801 787 923 827 gratui-

149 842 208 878 tae,
225 842 333 880 utpote
348 841 407 881 ipsi
429 841 518 879 fidei,
536 842 712 872 secuudum
737 841 815 872 illud
841 840 926 880 quod

151 893 267 924 dicitur
280 894 288 910 ¹
305 905 312 925 ε
331 895 442 926 Justus
457 902 498 926 ez
513 894 576 933 fide
590 895 673 927 vivit
682 904 696 934 ,·
710 894 870 934 potissime
884 896 927 925 ta-

150 954 225 977 men
237 947 423 978 attribuitur
437 947 497 987 ipsi
513 948 676 984 charitati,
693 949 821 987 propter
838 956 927 987 mag-

150 1007 225 1029 nam
241 1000 428 1031 affinitatem
445 1010 543 1041 quam
558 1001 653 1032 habet
667 1001 706 1032 ad
722 1002 870 1041 gratiam.

191 1055 222 1083 4.
238 1053 286 1084 Ad
301 1053 380 1085 illud
401 1055 486 1094 quod
501 1055 668 1094 objicitur,
684 1055 769 1095 quod
792 1054 928 1085 charitas

151 1106 253 1137 reddit
270 1107 332 1138 Deo
348 1110 514 1148 acceptum
536 1110 567 1139 et
588 1110 719 1148 gratum
733 1133 741 1147 ,
758 1108 928 1139 dicendum

151 1161 237 1200 quod
259 1161 320 1192 hoc
343 1161 415 1192 facit
436 1162 557 1192 ratione
582 1162 696 1201 gratiae
713 1172 720 1193 :
736 1162 790 1193 sed
813 1171 854 1193 ex
869 1162 928 1193 hoc

151 1222 216 1244 non
229 1214 373 1253 sequitur
387 1215 472 1254 quod
488 1215 619 1254 praecise
643 1217 684 1246 sit
707 1216 811 1254 gratia
822 1239 830 1253 ,
854 1216 929 1255 quia

151 1266 287 1297 charitas
306 1276 371 1298 non
391 1268 613 1299 tantummodo
628 1269 723 1299 habet
737 1269 800 1300 Deo
818 1278 929 1308 accep-

151 1322 222 1351 tum
237 1321 385 1359 reddere,
402 1322 455 1352 sed
470 1322 565 1353 etiam
587 1323 728 1363 aliquam
751 1323 930 1363 potentiam

152 1376 313 1415 expedire,
329 1377 360 1406 et
373 1376 413 1407 ad
431 1376 572 1416 aliquem
590 1378 699 1407 actum
718 1376 886 1416 specialem
900 1378 931 1407 et

153 1429 402 1460 determinatum
426 1429 592 1460 habilitare
603 1453 611 1467 ,
627 1430 749 1461 ratione
763 1431 858 1470 cujus
871 1430 929 1460 ali-

153 1482 231 1522 quid
246 1483 332 1513 addit
346 1483 404 1522 ipsi
420 1483 550 1522 gratiae,
569 1483 653 1522 quod
675 1486 721 1514 est
737 1483 796 1523 ipsi
816 1484 931 1522 gratiae

153 1536 347 1566 substratum
363 1538 393 1566 et
408 1535 590 1573 materiale,
607 1536 688 1567 sicut
701 1536 734 1566 in
748 1537 931 1576 praeceden-

152 1589 239 1620 tibus
253 1591 416 1620 ostensum
433 1589 493 1620 tuit
507 1589 545 1619 <le
560 1589 632 1620 fide.

195 1645 224 1674 5.
242 1642 291 1674 Ad
306 1642 383 1673 illud
400 1643 485 1682 quod
503 1642 670 1682 objicitur,
690 1643 775 1682 quod
795 1643 932 1674 charitas

154 1697 284 1728 omnino
299 1697 476 1728 destruitur
489 1705 546 1736 per
560 1698 726 1736 peccatum
736 1721 743 1735 ,
761 1697 931 1728 dicendum

153 1751 240 1791 quod
252 1751 312 1781 hoc
325 1760 389 1781 non
399 1752 445 1781 est
453 1750 528 1790 quia
537 1750 674 1781 charitas
682 1750 764 1781 nihil
773 1751 865 1782 addat
876 1761 931 1782 su-

154 1813 210 1844 per
218 1805 355 1844 gratiam
372 1806 504 1844 gratum
518 1804 697 1841 facientem,
711 1804 765 1834 sed
777 1805 852 1844 quia
867 1814 933 1835 om-

153 1867 194 1889 ne
208 1860 374 1898 peccatum
384 1859 546 1898 repugnat
558 1857 616 1897 ipsi
632 1857 757 1888 habitui
772 1857 932 1889 substrato

155 1911 311 1942 charitati.
326 1911 365 1942 Et
378 1911 460 1950 ideo,
473 1911 554 1941 sicut
568 1911 646 1941 fides
660 1912 797 1942 totaliter
812 1912 933 1943 tollitur

155 1973 212 2003 per
229 1964 465 2002 infidelitatem,
482 1964 557 2004 quia
569 1973 634 1995 non
651 1964 756 1995 solum
771 1968 934 2005 repugnat

155 2017 183 2048 ei
198 2020 355 2057 quantum
368 2018 407 2048 ad
423 2017 453 2048 id
471 2018 558 2057 quod
573 2020 619 2048 est
637 2018 671 2048 in
686 2027 722 2049 ea
735 2019 848 2057 gratiae
857 2028 934 2058 gra-

155 2073 226 2102 tum
241 2071 398 2110 facientis,
413 2072 467 2102 sed
492 2072 587 2102 etiam
612 2074 770 2112 quantum
784 2072 824 2103 ad
839 2073 934 2103 habi-

155 2126 227 2155 tum
241 2125 452 2162 substratum,
471 2133 526 2164 per
545 2125 632 2156 hunc
658 2126 790 2156 modum
814 2126 934 2156 intelli-

158 2177 301 2217 gendum
317 2180 363 2208 est
377 2178 463 2218 quod
474 2178 610 2209 charitas
624 2178 754 2209 tollatur
768 2188 825 2218 per
839 2188 934 2210 omne

156 2231 321 2269 peccatum
342 2240 348 2259 :
368 2229 447 2260 illud
463 2232 572 2261 autem
592 2230 626 2260 in
641 2230 789 2270 sequenti
805 2230 935 2270 proble-

157 2285 242 2314 mate
258 2283 373 2314 clarius
388 2283 653 2314 manifestabitur.

422 2399 602 2437 QUAESTIO
623 2399 674 2431 IV.

164 2486 207 2512 An
214 2484 323 2512 habitus
337 2484 478 2512 charitatis
484 2486 570 2519 possit
582 2492 632 2512 esse
646 2485 780 2517 informis,
793 2491 829 2511 an
838 2491 938 2519 semper

440 2530 477 2556 sit
494 2531 626 2562 formatus
639 2529 658 2555 ἓ.

202 2608 318 2640 Utrum
331 2608 460 2639 habitus
472 2609 635 2640 charitatis
649 2608 747 2649 possit
758 2617 825 2640 esse
839 2609 936 2639 infor-

163 2663 242 2699 mis,
258 2671 299 2692 an
314 2671 439 2701 semper
453 2662 492 2692 sit
507 2663 680 2700 formatus;
699 2664 730 2693 et
746 2662 832 2702 quod
855 2670 937 2693 sem-

282 2724 357 2747 ·rou.
380 2724 425 2747 w.

1693 195 1751 224 609

980 264 1035 294 per
1050 255 1088 285 sit
1104 256 1256 286 formatus
1267 279 1276 293 ,
1291 255 1417 286 videtur
1432 255 1536 294 primo
1552 265 1606 296 per
1620 258 1754 297 Augus-

979 308 1084 339 tinum
1098 309 1130 338 in
1145 309 1226 339 libro
1238 310 1283 341 De
1300 309 1382 341 Vera
1396 310 1585 341 Innocentia
1601 320 1611 339 .·
1632 322 1646 340 α
1661 312 1756 342 Dilec—

979 362 1023 392 110
1036 362 1089 392 Dei
1103 365 1133 393 et
1148 363 1285 402 proximi
1303 366 1349 394 est
1357 364 1486 403 propria
1498 366 1528 394 et
1536 364 1677 404 specialis
1692 366 1756 396 vir-

981 416 1031 444 tus
1055 415 1182 455 piorum
1204 419 1298 456 atque
1316 419 1515 454 sanctorum,
1537 426 1610 448 cum
1633 420 1756 449 caeterae

980 468 1115 499 virtutes
1142 469 1232 499 bouis
1257 470 1378 509 possint
1402 479 1468 501 esse
1494 479 1704 509 communes,
1727 475 1758 503 et

981 520 1083 551 malis.
1101 531 1115 548 n
1130 520 1189 551 Sed
1207 521 1277 552 aliae
1294 522 1427 553 virtutes
1440 532 1504 554 non
1518 526 1592 554 sunt
1611 533 1756 555 commu-

982 582 1038 604 nes
1054 573 1146 604 bonis
1168 576 1198 604 et
1220 575 1312 605 malis
1326 599 1334 613 ,
1352 575 1413 605 nisi
1437 577 1511 616 quia
1533 579 1667 616 possunt
1692 587 1760 609 esse

983 627 1156 658 informes:
1173 628 1199 657 si
1224 636 1302 666 ergo
1325 628 1461 659 charitas
1486 639 1550 660 nou
1575 632 1676 670 potest
1700 632 1760 662 isto

983 680 1077 711 modo
1102 689 1170 711 esse
1195 681 1395 719 communis,
1412 682 1540 713 videtur
1561 684 1647 723 quod
1671 685 1760 715 nullo

984 733 1077 764 modo
1093 734 1191 774 possit
1207 744 1275 765 esse.
1290 734 1445 766 informis.

1024 787 1103 818 Item
1119 787 1214 827 Hugo
1231 790 1264 818 ³:
1286 800 1300 816 «
1315 787 1506 820 Charitatem
1527 790 1636 821 nullus
1660 793 1761 831 potest

983 840 1100 871 habere
1117 841 1230 872 malus.
1243 852 1258 870 n
1274 841 1346 879 Sed,
1363 842 1390 872 si
1404 845 1507 882 posset
1521 851 1588 874 esse
1604 844 1759 881 informis,

984 894 1099 934 aliquis
1116 896 1218 926 malus
1234 898 1337 936 posset
1357 905 1428 927 eam
1450 897 1569 929 habere
1586 908 1592 928 ε
1610 898 1761 938 impossi-

984 947 1046 978 bile
1058 950 1104 979 est
1120 949 1222 988 igitur
1238 949 1387 981 habitum
1408 950 1570 981 charitatis
1586 951 1759 983 informem

986 1009 1064 1032 esse.

1026 1053 1104 1085 Item
1128 1055 1321 1095 impossibile
1344 1058 1390 1087 est
1413 1057 1549 1087 formam
1571 1057 1641 1089 fieri
1663 1058 1761 1089 infor-

986 1116 1071 1138 mem
1087 1118 1093 1138 :
1113 1109 1167 1139 sed
1182 1109 1318 1140 charitas
1342 1111 1388 1140 est
1404 1110 1507 1141 forma
1520 1111 1679 1142 virtutum
1690 1135 1699 1149 ,
1713 1120 1762 1143 se-

985 1163 1128 1194 cundum
1145 1164 1231 1203 quod
1246 1165 1363 1196 dicitur
1376 1175 1473 1205 super
1487 1166 1565 1197 illud
1577 1166 1587 1182 '⁴
1601 1177 1608 1197 ε
1627 1167 1764 1200 Justitia

988 1217 1058 1254 Dei,
1075 1220 1147 1255 etc„
1165 1217 1273 1248 Glossa
1289 1229 1295 1248 :
1319 1230 1332 1247 α
1348 1218 1421 1250 Haec
1436 1222 1482 1250 est
1496 1219 1641 1250 informis
1660 1221 1763 1260 quali-

986 1272 1034 1300 tas
1049 1270 1181 1308 mentis,
1196 1271 1274 1311 quia
1290 1272 1409 1302 sociam
1432 1281 1498 1303 non
1514 1273 1610 1304 habet
1625 1273 1762 1304 charita-

985 1325 1067 1362 tem,
1092 1333 1165 1364 quae
1187 1327 1233 1356 est
1257 1326 1360 1356 forma
1387 1326 1535 1357 omnium
1558 1327 1728 1359 virtutum.
1745 1338 1760 1356 n

986 1377 1088 1417 Ergo,
1104 1380 1162 1409 etc.

1027 1430 1104 1461 Item
1119 1431 1247 1463 virtutis
1262 1432 1423 1463 charitatis
1444 1435 1490 1464 est
1507 1433 1640 1472 diligere
1663 1434 1766 1466 Deum

987 1487 1115 1524 propter
1130 1494 1163 1515 se
1178 1486 1209 1516 et
1226 1495 1321 1525 super
1335 1486 1443 1516 omnia
1457 1497 1464 1524 ;
1482 1488 1513 1517 et
1535 1486 1633 1517 istum
1656 1490 1763 1518 actum

987 1538 1096 1568 nullus
1110 1538 1230 1569 habere
1244 1541 1357 1578 potest,
1372 1539 1427 1578 qui
1441 1539 1535 1570 habet
1548 1540 1621 1571 inse
1635 1541 1767 1572 mortale

987 1593 1167 1631 peccatum,
1182 1600 1256 1622 cum
1272 1591 1306 1621 in
1320 1592 1409 1622 omni
1424 1593 1550 1623 mortali
1565 1596 1692 1633 peccato
1708 1594 1767 1624 ali-

987 1644 1062 1684 quid
1078 1645 1192 1684 diligat
1213 1647 1322 1675 contra
1337 1645 1450 1676 Deum.
1467 1645 1500 1677 Si
1525 1655 1604 1686 ergo
1627 1647 1694 1679 sola
1714 1648 1767 1678 illa

988 1698 1091 1728 virtus
1107 1700 1208 1737 potest
1223 1707 1292 1729 esse
1314 1698 1460 1729 informis
1473 1722 1480 1736 ,
1498 1701 1591 1739 quus
1605 1703 1693 1732 actus
1708 1711 1768 1741 po-

987 1752 1048 1780 test
1066 1751 1199 1790 reperiri
1210 1750 1243 1781 in
1258 1753 1435 1791 peccatore,
1446 1752 1529 1782 sicut
1544 1755 1629 1793 patet
1640 1754 1678 1785 de
1692 1754 1766 1792 fide,

988 1803 1114 1834 videtur
1128 1804 1214 1844 quod
1231 1804 1367 1835 charitas
1381 1804 1469 1835 nullo
1488 1806 1584 1838 modo
1599 1809 1701 1847 potest
1715 1808 1765 1838 in-

988 1857 1098 1887 formis
1115 1866 1194 1888 esse.

1031 1911 1125 1948 Item,
1142 1911 1223 1941 sicut
1247 1911 1416 1943 infidelitas
1436 1915 1598 1953 repugnat
1611 1913 1705 1952 fidei,
1723 1915 1768 1945 sic

988 1964 1086 1996 libido
1111 1967 1142 1996 et
1164 1974 1254 1996 amor
1272 1966 1462 1998 libidinosus
1485 1970 1645 2007 repugnat
1664 1967 1768 1998 chari-

989 2018 1045 2048 tati
1064 2029 1071 2049 z
1091 2019 1145 2049 sed
1169 2019 1363 2058 impossibile
1378 2021 1424 2050 est
1445 2020 1592 2051 habitum
1616 2021 1690 2052 fidei
1710 2031 1768 2052 nec

989 2072 1181 2110 informem,
1204 2081 1262 2103 nec
1283 2073 1457 2105 formatum
1472 2074 1570 2106 simul
1591 2077 1673 2106 stare
1693 2085 1768 2106 cum

990 2134 1096 2156 errore
1119 2127 1149 2155 et
1173 2125 1379 2158 infidelitate:
1396 2136 1476 2167 ergo
1502 2128 1698 2169 impossibile
1722 2132 1769 2160 est

990 2178 1136 2209 habitum
1150 2178 1314 2209 charitatis
1333 2189 1391 2211 nec
1415 2180 1586 2212 informem
1598 2205 1606 2220 ,
1622 2191 1680 2213 nec
1701 2182 1766 2214 for-

990 2233 1114 2262 matum
1128 2231 1223 2262 simul
1238 2233 1321 2262 stare
1335 2242 1410 2263 cum
1429 2233 1560 2265 libidine
1576 2245 1582 2265 :
1603 2235 1655 2266 sed
1670 2244 1765 2266 omne

990 2287 1154 2325 peccatum
1170 2286 1216 2315 est
1234 2285 1344 2323 libido,
1361 2286 1413 2317 vel
1430 2295 1471 2317 ex
1485 2287 1614 2318 libidine
1626 2311 1634 2325 ,
1651 2297 1765 2319 secun-

992 2338 1070 2369 dum
1084 2338 1171 2378 quod
1187 2337 1262 2368 dicit
1279 2338 1483 2378 Augustinus
1496 2342 1506 2359 ⁵
1523 2352 1529 2372 :
1548 2349 1626 2381 ergo
1646 2341 1764 2381 impos-

992 2390 1082 2421 sibile
1097 2393 1143 2422 est
1161 2391 1310 2422 habitum
1327 2392 1489 2424 charitatis
1502 2403 1561 2425 nec
1577 2395 1746 2425 informem
1757 2419 1765 2432 ,

1026 2453 1033 2468 ¹
1049 2453 1126 2481 Rom„
1139 2459 1158 2483 1,
1176 2454 1264 2476 1ῖ.--·2
1277 2453 1316 2484 Cf.
1332 2454 1402 2478 Alex.
1415 2455 1511 2485 Ateus„
1530 2456 1611 2486 Conl.¹
1621 2457 1700 2488 p.111‚
1710 2457 1768 2481 coll.

994 2496 1056 2520 ινιτ,
1070 2492 1116 2514 art.
1130 2492 1156 2520 63
1172 2492 1199 2515 S.
1218 2491 1317 2519 Thom..
1336 2492 1403 2522 11-11,
1422 2500 1446 2523 q.
1462 2499 1533 2524 xxiv,
1559 2497 1605 2518 art.
1630 2496 1669 2524 ¹2;
1691 2496 1716 2519 et
1736 2496 1767 2518 111

994 2526 1072 2555 Seni„
1083 2526 1140 2549 dist.
1150 2532 1230 2556 xxvii,
1242 2533 1267 2558 q.
1278 2532 1307 2555 11,
1319 2530 1365 2552 art.
1380 2529 1403 2557 3,
1420 2536 1435 2559 q
1456 2534 1502 2559 1113
1516 2530 1581 2553 etde
1596 2530 1684 2561 Ver-it„
1700 2536 1768 2561 q.v1,

993 2564 1040 2585 art.
1059 2563 1091 2591 2;
1106 2561 1255 2592 Richardus,
1274 2563 1306 2586 111
1321 2563 1399 2592 Sent„
1414 2564 1471 2588 dist.
1494 2571 1576 2596 xxvii,
1591 2568 1640 2590 art.
1655 2568 1678 2594 9,
1693 2573 1719 2597 q.
1733 2571 1768 2596 115

994 2597 1082 2628 Steph.
1096 2597 1200 2627 Brulef„
1213 2599 1244 2621 111
1261 2598 1340 2628 δεηί.,
1359 2599 1417 2622 dist.
1432 2605 1515 2629 xxvii,
1534 2608 1560 2632 q,
1575 2607 1609 2626 1v.
1625 2615 1655 2619 —
1669 2601 1679 2618 ⁸
1694 2602 1772 2632 Hug.,

992 2633 1022 2657 de
1036 2633 1159 2661 Sacram..
1174 2633 1219 2657 lib.
1233 2634 1263 2663 11,
1279 2640 1373 2658 (1.1111.
1385 2647 1415 2652 -
1426 2636 1433 2649 ⁴
1448 2636 1527 2668 Rom„
1539 2642 1559 2668 1,
1575 2639 1612 2662 ¹7.
1627 2650 1659 2656 —
1670 2637 1680 2654 ⁸
1695 2638 1772 2668 Aug„

993 2671 1023 2694 de
1033 2671 1088 2695 Lib.
1104 2671 1177 2700 Arta„
1194 2670 1238 2694 lib.
1255 2671 1273 2700 1,
1289 2678 1310 2695 c.
1327 2677 1365 2695 111.

1606 2722 1643 2752 39
