<?xml version="1.0" encoding="UTF-8"?>
<!DOCTYPE html PUBLIC "-//W3C//DTD XHTML 1.0 Transitional//EN"
    "http://www.w3.org/TR/xhtml1/DTD/xhtml1-transitional.dtd">
<html xmlns="http://www.w3.org/1999/xhtml" xml:lang="en" lang="en">
 <head>
  <title>
</title>
<meta http-equiv="Content-Type" content="text/html;charset=utf-8" />
  <meta name='ocr-system' content='tesseract 3.04.00' />
  <meta name='ocr-capabilities' content='ocr_page ocr_carea ocr_par ocr_line ocrx_word'/>
</head>
<body>
  <div class='ocr_page' id='page_1' title='image "./operaomniasixtiv04bonauoft/operaomniasixtiv04bonauoft_0329.png"; bbox 0 0 2017 2960; ppageno 0'>
   <div class='ocr_carea' id='block_1_1' title="bbox 680 173 1270 211">
    <p class='ocr_par' dir='ltr' id='par_1_1' title="bbox 680 173 1270 211">
     <span class='ocr_line' id='line_1_1' title="bbox 680 173 1270 211; baseline 0.003 -7"><span class='ocrx_word' id='word_1_1' title='bbox 680 174 775 205; x_wconf 88' lang='lat' dir='ltr'>DIST.</span> <span class='ocrx_word' id='word_1_2' title='bbox 796 173 874 205; x_wconf 87' lang='lat' dir='ltr'>XIV.</span> <span class='ocrx_word' id='word_1_3' title='bbox 897 173 988 204; x_wconf 76' lang='lat' dir='ltr'>ART.</span> <span class='ocrx_word' id='word_1_4' title='bbox 1012 173 1050 204; x_wconf 92' lang='lat' dir='ltr'>Il.</span> <span class='ocrx_word' id='word_1_5' title='bbox 1072 173 1222 211; x_wconf 86' lang='lat' dir='ltr'><strong>QUAEST.</strong></span> <span class='ocrx_word' id='word_1_6' title='bbox 1246 175 1270 206; x_wconf 87' lang='lat'>1.</span> 
     </span>
    </p>
   </div>
   <div class='ocr_carea' id='block_1_2' title="bbox 171 240 952 2148">
    <p class='ocr_par' dir='ltr' id='par_1_2' title="bbox 171 240 952 2148">
     <span class='ocr_line' id='line_1_2' title="bbox 178 240 949 284; baseline -0.005 -9"><span class='ocrx_word' id='word_1_7' title='bbox 178 253 234 284; x_wconf 90' lang='lat' dir='ltr'>per</span> <span class='ocrx_word' id='word_1_8' title='bbox 250 244 390 283; x_wconf 80' lang='lat' dir='ltr'>aliquam</span> <span class='ocrx_word' id='word_1_9' title='bbox 415 240 615 271; x_wconf 79' lang='lat' dir='ltr'>influentiam</span> <span class='ocrx_word' id='word_1_10' title='bbox 635 241 685 271; x_wconf 88' lang='lat' dir='ltr'>vel</span> <span class='ocrx_word' id='word_1_11' title='bbox 708 241 949 280; x_wconf 77' lang='lat' dir='ltr'>impressionem</span> 
     </span>
     <span class='ocr_line' id='line_1_3' title="bbox 178 294 951 337; baseline -0.003 -10"><span class='ocrx_word' id='word_1_12' title='bbox 178 297 279 337; x_wconf 84' lang='lat' dir='ltr'>ipsius</span> <span class='ocrx_word' id='word_1_13' title='bbox 297 294 514 334; x_wconf 80' lang='lat' dir='ltr'>cognoscentis</span> <span class='ocrx_word' id='word_1_14' title='bbox 534 294 566 323; x_wconf 90' lang='lat' dir='ltr'>in</span> <span class='ocrx_word' id='word_1_15' title='bbox 585 294 812 333; x_wconf 76' lang='lat' dir='ltr'>cognoscibile,</span> <span class='ocrx_word' id='word_1_16' title='bbox 832 295 885 325; x_wconf 88' lang='lat' dir='ltr'>sed</span> <span class='ocrx_word' id='word_1_17' title='bbox 904 304 951 325; x_wconf 92' lang='lat' dir='ltr'>so-</span> 
     </span>
     <span class='ocr_line' id='line_1_4' title="bbox 177 347 951 388; baseline -0.003 -8"><span class='ocrx_word' id='word_1_18' title='bbox 177 350 245 380; x_wconf 89' lang='lat' dir='ltr'>lum</span> <span class='ocrx_word' id='word_1_19' title='bbox 277 357 332 388; x_wconf 88' lang='lat' dir='ltr'>per</span> <span class='ocrx_word' id='word_1_20' title='bbox 359 347 532 387; x_wconf 82' lang='lat' dir='ltr'>quamdam</span> <span class='ocrx_word' id='word_1_21' title='bbox 568 347 802 386; x_wconf 79' lang='lat' dir='ltr'>protensionem</span> <span class='ocrx_word' id='word_1_22' title='bbox 832 357 840 378; x_wconf 92' lang='lat'><strong>:</strong></span> <span class='ocrx_word' id='word_1_23' title='bbox 871 348 951 378; x_wconf 91' lang='lat' dir='ltr'>sicut</span> 
     </span>
     <span class='ocr_line' id='line_1_5' title="bbox 176 400 948 440; baseline -0.001 -8"><span class='ocrx_word' id='word_1_24' title='bbox 176 402 271 432; x_wconf 87' lang='lat' dir='ltr'>etiam</span> <span class='ocrx_word' id='word_1_25' title='bbox 287 402 371 440; x_wconf 86' lang='lat' dir='ltr'>patet</span> <span class='ocrx_word' id='word_1_26' title='bbox 381 400 413 430; x_wconf 90' lang='lat' dir='ltr'>in</span> <span class='ocrx_word' id='word_1_27' title='bbox 428 400 605 438; x_wconf 73' lang='lat' dir='ltr'>dilectione,</span> <span class='ocrx_word' id='word_1_28' title='bbox 620 409 694 430; x_wconf 90' lang='lat' dir='ltr'>cum</span> <span class='ocrx_word' id='word_1_29' title='bbox 709 409 782 431; x_wconf 90' lang='lat' dir='ltr'>amo</span> <span class='ocrx_word' id='word_1_30' title='bbox 796 400 948 440; x_wconf 83' lang='lat' dir='ltr'>aliquem,</span> 
     </span>
     <span class='ocr_line' id='line_1_6' title="bbox 175 454 950 493; baseline -0.001 -8"><span class='ocrx_word' id='word_1_31' title='bbox 175 455 284 486; x_wconf 81' lang='lat' dir='ltr'>anima</span> <span class='ocrx_word' id='word_1_32' title='bbox 294 454 429 484; x_wconf 83' lang='lat' dir='ltr'>amando</span> <span class='ocrx_word' id='word_1_33' title='bbox 440 454 548 493; x_wconf 85' lang='lat' dir='ltr'>aliquo</span> <span class='ocrx_word' id='word_1_34' title='bbox 557 454 650 484; x_wconf 86' lang='lat' dir='ltr'>modo</span> <span class='ocrx_word' id='word_1_35' title='bbox 659 454 726 492; x_wconf 87' lang='lat' dir='ltr'>agit</span> <span class='ocrx_word' id='word_1_36' title='bbox 735 465 742 491; x_wconf 88' lang='lat'>;</span> <span class='ocrx_word' id='word_1_37' title='bbox 755 454 835 484; x_wconf 85' lang='lat' dir='ltr'>nihil</span> <span class='ocrx_word' id='word_1_38' title='bbox 844 455 950 485; x_wconf 80' lang='lat' dir='ltr'>tamen</span> 
     </span>
     <span class='ocr_line' id='line_1_7' title="bbox 175 507 950 547; baseline 0.001 -10"><span class='ocrx_word' id='word_1_39' title='bbox 175 507 322 537; x_wconf 87' lang='lat' dir='ltr'>inssuitin</span> <span class='ocrx_word' id='word_1_40' title='bbox 343 508 498 544; x_wconf 73' lang='lat' dir='ltr'>amatum,</span> <span class='ocrx_word' id='word_1_41' title='bbox 516 516 573 537; x_wconf 85' lang='lat' dir='ltr'>nec</span> <span class='ocrx_word' id='word_1_42' title='bbox 588 507 737 537; x_wconf 86' lang='lat' dir='ltr'>dilectum</span> <span class='ocrx_word' id='word_1_43' title='bbox 753 507 872 546; x_wconf 85' lang='lat' dir='ltr'>aliquid</span> <span class='ocrx_word' id='word_1_44' title='bbox 892 517 950 547; x_wconf 86' lang='lat' dir='ltr'>pa-</span> 
     </span>
     <span class='ocr_line' id='line_1_8' title="bbox 175 560 950 599; baseline -0.001 -9"><span class='ocrx_word' id='word_1_45' title='bbox 175 560 267 596; x_wconf 90' lang='lat' dir='ltr'>titur,</span> <span class='ocrx_word' id='word_1_46' title='bbox 284 560 334 590; x_wconf 92' lang='lat' dir='ltr'>vel</span> <span class='ocrx_word' id='word_1_47' title='bbox 353 560 462 599; x_wconf 76' lang='lat' dir='ltr'>recipit</span> <span class='ocrx_word' id='word_1_48' title='bbox 480 560 520 589; x_wconf 87' lang='lat' dir='ltr'>ab</span> <span class='ocrx_word' id='word_1_49' title='bbox 534 562 672 590; x_wconf 85' lang='lat' dir='ltr'>amante.</span> <span class='ocrx_word' id='word_1_50' title='bbox 695 560 746 590; x_wconf 86' lang='lat' dir='ltr'>Sic</span> <span class='ocrx_word' id='word_1_51' title='bbox 768 560 950 599; x_wconf 85' lang='lat' dir='ltr'>intelligen-</span> 
     </span>
     <span class='ocr_line' id='line_1_9' title="bbox 175 613 950 652; baseline -0.001 -8"><span class='ocrx_word' id='word_1_52' title='bbox 175 615 252 645; x_wconf 89' lang='lat' dir='ltr'>dum</span> <span class='ocrx_word' id='word_1_53' title='bbox 267 616 314 644; x_wconf 87' lang='lat' dir='ltr'>est</span> <span class='ocrx_word' id='word_1_54' title='bbox 328 614 361 644; x_wconf 94' lang='lat' dir='ltr'>in</span> <span class='ocrx_word' id='word_1_55' title='bbox 376 613 569 652; x_wconf 79' lang='lat' dir='ltr'>cognitione.</span> <span class='ocrx_word' id='word_1_56' title='bbox 594 613 755 649; x_wconf 76' lang='lat' dir='ltr'>Similiter,</span> <span class='ocrx_word' id='word_1_57' title='bbox 778 623 852 644; x_wconf 92' lang='lat' dir='ltr'>cum</span> <span class='ocrx_word' id='word_1_58' title='bbox 872 613 950 644; x_wconf 90' lang='lat' dir='ltr'>dici-</span> 
     </span>
     <span class='ocr_line' id='line_1_10' title="bbox 175 666 951 706; baseline 0 -9"><span class='ocrx_word' id='word_1_59' title='bbox 175 676 248 697; x_wconf 89' lang='lat' dir='ltr'>mus</span> <span class='ocrx_word' id='word_1_60' title='bbox 276 667 434 697; x_wconf 81' lang='lat' dir='ltr'>visionem</span> <span class='ocrx_word' id='word_1_61' title='bbox 462 667 529 697; x_wconf 87' lang='lat' dir='ltr'>sive</span> <span class='ocrx_word' id='word_1_62' title='bbox 557 667 773 706; x_wconf 75' lang='lat' dir='ltr'>cognitionem</span> <span class='ocrx_word' id='word_1_63' title='bbox 802 666 910 704; x_wconf 85' lang='lat' dir='ltr'>perfici</span> <span class='ocrx_word' id='word_1_64' title='bbox 932 676 951 697; x_wconf 87' lang='lat' dir='ltr'>a</span> 
     </span>
     <span class='ocr_line' id='line_1_11' title="bbox 171 719 950 759; baseline 0 -9"><span class='ocrx_word' id='word_1_65' title='bbox 171 719 310 759; x_wconf 76' lang='lat' dir='ltr'>Judicio,</span> <span class='ocrx_word' id='word_1_66' title='bbox 329 719 499 750; x_wconf 89' lang='lat' dir='ltr'>dicendum</span> <span class='ocrx_word' id='word_1_67' title='bbox 522 720 606 759; x_wconf 84' lang='lat' dir='ltr'>quod</span> <span class='ocrx_word' id='word_1_68' title='bbox 627 729 739 751; x_wconf 86' lang='lat' dir='ltr'>verum</span> <span class='ocrx_word' id='word_1_69' title='bbox 761 722 820 757; x_wconf 87' lang='lat' dir='ltr'>est;</span> <span class='ocrx_word' id='word_1_70' title='bbox 843 720 896 750; x_wconf 85' lang='lat' dir='ltr'>sed</span> <span class='ocrx_word' id='word_1_71' title='bbox 911 719 950 750; x_wconf 82' lang='lat' dir='ltr'>ad</span> 
     </span>
     <span class='ocr_line' id='line_1_12' title="bbox 175 773 950 812; baseline 0 -9"><span class='ocrx_word' id='word_1_72' title='bbox 175 773 235 803; x_wconf 90' lang='lat' dir='ltr'>hoc</span> <span class='ocrx_word' id='word_1_73' title='bbox 251 773 335 812; x_wconf 89' lang='lat' dir='ltr'>quod</span> <span class='ocrx_word' id='word_1_74' title='bbox 349 773 515 803; x_wconf 73' lang='lat' dir='ltr'>videamus</span> <span class='ocrx_word' id='word_1_75' title='bbox 526 773 637 811; x_wconf 83' lang='lat' dir='ltr'>Deum,</span> <span class='ocrx_word' id='word_1_76' title='bbox 649 782 715 803; x_wconf 89' lang='lat' dir='ltr'>non</span> <span class='ocrx_word' id='word_1_77' title='bbox 729 774 853 812; x_wconf 89' lang='lat' dir='ltr'>oportet</span> <span class='ocrx_word' id='word_1_78' title='bbox 864 773 950 812; x_wconf 89' lang='lat' dir='ltr'>quod</span> 
     </span>
     <span class='ocr_line' id='line_1_13' title="bbox 175 826 951 865; baseline 0 -9"><span class='ocrx_word' id='word_1_79' title='bbox 175 826 212 856; x_wconf 89' lang='lat' dir='ltr'>de</span> <span class='ocrx_word' id='word_1_80' title='bbox 229 826 296 865; x_wconf 89' lang='lat' dir='ltr'>ipso</span> <span class='ocrx_word' id='word_1_81' title='bbox 306 826 488 865; x_wconf 76' lang='lat' dir='ltr'>Judicexnus</span> <span class='ocrx_word' id='word_1_82' title='bbox 503 827 537 857; x_wconf 93' lang='lat' dir='ltr'>in</span> <span class='ocrx_word' id='word_1_83' title='bbox 552 836 600 865; x_wconf 85' lang='lat' dir='ltr'>se,</span> <span class='ocrx_word' id='word_1_84' title='bbox 617 826 671 857; x_wconf 90' lang='lat' dir='ltr'>sed</span> <span class='ocrx_word' id='word_1_85' title='bbox 687 826 803 856; x_wconf 85' lang='lat' dir='ltr'>sufficit</span> <span class='ocrx_word' id='word_1_86' title='bbox 828 826 867 856; x_wconf 87' lang='lat' dir='ltr'>ad</span> <span class='ocrx_word' id='word_1_87' title='bbox 888 826 951 856; x_wconf 86' lang='lat' dir='ltr'>cla-</span> 
     </span>
     <span class='ocr_line' id='line_1_14' title="bbox 174 879 950 919; baseline -0.001 -10"><span class='ocrx_word' id='word_1_88' title='bbox 174 888 244 909; x_wconf 89' lang='lat' dir='ltr'>ram</span> <span class='ocrx_word' id='word_1_89' title='bbox 260 879 417 909; x_wconf 88' lang='lat' dir='ltr'>visionem</span> <span class='ocrx_word' id='word_1_90' title='bbox 433 880 472 909; x_wconf 84' lang='lat' dir='ltr'>ab</span> <span class='ocrx_word' id='word_1_91' title='bbox 490 880 558 919; x_wconf 90' lang='lat' dir='ltr'>ipso</span> <span class='ocrx_word' id='word_1_92' title='bbox 575 880 661 910; x_wconf 84' lang='lat' dir='ltr'>fonte</span> <span class='ocrx_word' id='word_1_93' title='bbox 680 879 811 909; x_wconf 89' lang='lat' dir='ltr'>luminis</span> <span class='ocrx_word' id='word_1_94' title='bbox 830 879 950 909; x_wconf 89' lang='lat' dir='ltr'>illumi-</span> 
     </span>
     <span class='ocr_line' id='line_1_15' title="bbox 175 932 951 972; baseline 0 -10"><span class='ocrx_word' id='word_1_95' title='bbox 175 932 256 968; x_wconf 91' lang='lat' dir='ltr'>nari,</span> <span class='ocrx_word' id='word_1_96' title='bbox 274 934 304 962; x_wconf 89' lang='lat' dir='ltr'>et</span> <span class='ocrx_word' id='word_1_97' title='bbox 316 932 534 963; x_wconf 85' lang='lat' dir='ltr'>illuminatum</span> <span class='ocrx_word' id='word_1_98' title='bbox 545 933 676 964; x_wconf 85' lang='lat' dir='ltr'>oculum</span> <span class='ocrx_word' id='word_1_99' title='bbox 691 933 786 963; x_wconf 89' lang='lat' dir='ltr'>etiam</span> <span class='ocrx_word' id='word_1_100' title='bbox 801 933 834 963; x_wconf 93' lang='lat' dir='ltr'>in</span> <span class='ocrx_word' id='word_1_101' title='bbox 844 933 951 972; x_wconf 86' lang='lat' dir='ltr'>ipsum</span> 
     </span>
     <span class='ocr_line' id='line_1_16' title="bbox 176 986 950 1026; baseline 0.001 -10"><span class='ocrx_word' id='word_1_102' title='bbox 176 986 363 1025; x_wconf 81' lang='lat' dir='ltr'>protendere</span> <span class='ocrx_word' id='word_1_103' title='bbox 376 986 539 1024; x_wconf 89' lang='lat' dir='ltr'>intuendo,</span> <span class='ocrx_word' id='word_1_104' title='bbox 557 989 587 1017; x_wconf 89' lang='lat' dir='ltr'>et</span> <span class='ocrx_word' id='word_1_105' title='bbox 601 987 744 1026; x_wconf 87' lang='lat' dir='ltr'>judicare</span> <span class='ocrx_word' id='word_1_106' title='bbox 759 987 797 1017; x_wconf 87' lang='lat' dir='ltr'>de</span> <span class='ocrx_word' id='word_1_107' title='bbox 818 986 885 1026; x_wconf 90' lang='lat' dir='ltr'>ipso</span> <span class='ocrx_word' id='word_1_108' title='bbox 901 987 950 1017; x_wconf 88' lang='lat' dir='ltr'>in·</span> 
     </span>
     <span class='ocr_line' id='line_1_17' title="bbox 175 1038 952 1079; baseline 0.004 -11"><span class='ocrx_word' id='word_1_109' title='bbox 175 1038 269 1077; x_wconf 89' lang='lat' dir='ltr'>tuitu,</span> <span class='ocrx_word' id='word_1_110' title='bbox 285 1048 358 1069; x_wconf 90' lang='lat' dir='ltr'>cum</span> <span class='ocrx_word' id='word_1_111' title='bbox 378 1048 444 1069; x_wconf 90' lang='lat' dir='ltr'>non</span> <span class='ocrx_word' id='word_1_112' title='bbox 461 1041 557 1079; x_wconf 82' lang='lat' dir='ltr'>possit</span> <span class='ocrx_word' id='word_1_113' title='bbox 578 1040 734 1079; x_wconf 83' lang='lat' dir='ltr'>attingere</span> <span class='ocrx_word' id='word_1_114' title='bbox 757 1040 796 1070; x_wconf 84' lang='lat' dir='ltr'>ad</span> <span class='ocrx_word' id='word_1_115' title='bbox 818 1039 894 1078; x_wconf 91' lang='lat' dir='ltr'>hoc,</span> <span class='ocrx_word' id='word_1_116' title='bbox 916 1043 952 1071; x_wconf 85' lang='lat' dir='ltr'>ut</span> 
     </span>
     <span class='ocr_line' id='line_1_18' title="bbox 175 1091 951 1132; baseline 0.003 -10"><span class='ocrx_word' id='word_1_117' title='bbox 175 1091 213 1122; x_wconf 90' lang='lat' dir='ltr'>de</span> <span class='ocrx_word' id='word_1_118' title='bbox 222 1092 289 1131; x_wconf 89' lang='lat' dir='ltr'>ipsa</span> <span class='ocrx_word' id='word_1_119' title='bbox 297 1101 425 1122; x_wconf 86' lang='lat' dir='ltr'>summa</span> <span class='ocrx_word' id='word_1_120' title='bbox 433 1093 564 1123; x_wconf 83' lang='lat' dir='ltr'>veritate</span> <span class='ocrx_word' id='word_1_121' title='bbox 573 1093 704 1132; x_wconf 80' lang='lat' dir='ltr'>judicet,</span> <span class='ocrx_word' id='word_1_122' title='bbox 714 1093 767 1123; x_wconf 89' lang='lat' dir='ltr'>sed</span> <span class='ocrx_word' id='word_1_123' title='bbox 776 1093 951 1124; x_wconf 85' lang='lat' dir='ltr'>secundum</span> 
     </span>
     <span class='ocr_line' id='line_1_19' title="bbox 175 1144 951 1185; baseline 0.004 -11"><span class='ocrx_word' id='word_1_124' title='bbox 175 1144 276 1184; x_wconf 82' lang='lat' dir='ltr'>ipsam</span> <span class='ocrx_word' id='word_1_125' title='bbox 287 1145 409 1184; x_wconf 87' lang='lat' dir='ltr'>judicet</span> <span class='ocrx_word' id='word_1_126' title='bbox 421 1145 528 1175; x_wconf 85' lang='lat' dir='ltr'>anima</span> <span class='ocrx_word' id='word_1_127' title='bbox 547 1146 584 1176; x_wconf 91' lang='lat' dir='ltr'>de</span> <span class='ocrx_word' id='word_1_128' title='bbox 602 1146 704 1185; x_wconf 88' lang='lat' dir='ltr'>seipsa</span> <span class='ocrx_word' id='word_1_129' title='bbox 721 1147 752 1176; x_wconf 90' lang='lat' dir='ltr'>et</span> <span class='ocrx_word' id='word_1_130' title='bbox 770 1146 808 1176; x_wconf 89' lang='lat' dir='ltr'>de</span> <span class='ocrx_word' id='word_1_131' title='bbox 823 1155 880 1177; x_wconf 84' lang='lat' dir='ltr'>sua</span> <span class='ocrx_word' id='word_1_132' title='bbox 901 1156 951 1177; x_wconf 89' lang='lat' dir='ltr'>co-</span> 
     </span>
     <span class='ocr_line' id='line_1_20' title="bbox 174 1198 950 1239; baseline 0.004 -12"><span class='ocrx_word' id='word_1_133' title='bbox 174 1198 317 1236; x_wconf 88' lang='lat' dir='ltr'>gnitione</span> <span class='ocrx_word' id='word_1_134' title='bbox 334 1209 339 1229; x_wconf 93' lang='lat'><strong>:</strong></span> <span class='ocrx_word' id='word_1_135' title='bbox 357 1198 436 1228; x_wconf 87' lang='lat' dir='ltr'>nihil</span> <span class='ocrx_word' id='word_1_136' title='bbox 452 1200 558 1229; x_wconf 87' lang='lat' dir='ltr'>tamen</span> <span class='ocrx_word' id='word_1_137' title='bbox 578 1200 710 1239; x_wconf 87' lang='lat' dir='ltr'>impedit</span> <span class='ocrx_word' id='word_1_138' title='bbox 728 1200 836 1239; x_wconf 84' lang='lat' dir='ltr'>aliquo</span> <span class='ocrx_word' id='word_1_139' title='bbox 856 1201 950 1231; x_wconf 74' lang='lat' dir='ltr'>niodo</span> 
     </span>
     <span class='ocr_line' id='line_1_21' title="bbox 174 1251 948 1293; baseline 0.005 -12"><span class='ocrx_word' id='word_1_140' title='bbox 174 1251 355 1291; x_wconf 85' lang='lat' dir='ltr'>accipiendo</span> <span class='ocrx_word' id='word_1_141' title='bbox 367 1252 535 1291; x_wconf 76' lang='lat' dir='ltr'>judicium,</span> <span class='ocrx_word' id='word_1_142' title='bbox 550 1253 728 1283; x_wconf 88' lang='lat' dir='ltr'>secundum</span> <span class='ocrx_word' id='word_1_143' title='bbox 742 1253 828 1293; x_wconf 89' lang='lat' dir='ltr'>quod</span> <span class='ocrx_word' id='word_1_144' title='bbox 841 1254 948 1293; x_wconf 82' lang='lat' dir='ltr'>requi-</span> 
     </span>
     <span class='ocr_line' id='line_1_22' title="bbox 173 1305 950 1347; baseline 0.005 -12"><span class='ocrx_word' id='word_1_145' title='bbox 173 1305 257 1335; x_wconf 88' lang='lat' dir='ltr'>ritur</span> <span class='ocrx_word' id='word_1_146' title='bbox 271 1305 310 1336; x_wconf 90' lang='lat' dir='ltr'>ad</span> <span class='ocrx_word' id='word_1_147' title='bbox 321 1306 489 1344; x_wconf 85' lang='lat' dir='ltr'>visionem,</span> <span class='ocrx_word' id='word_1_148' title='bbox 504 1307 585 1346; x_wconf 86' lang='lat' dir='ltr'>quin</span> <span class='ocrx_word' id='word_1_149' title='bbox 597 1307 694 1347; x_wconf 81' lang='lat' dir='ltr'>possit</span> <span class='ocrx_word' id='word_1_150' title='bbox 706 1307 847 1345; x_wconf 85' lang='lat' dir='ltr'>concedi,</span> <span class='ocrx_word' id='word_1_151' title='bbox 865 1308 950 1347; x_wconf 89' lang='lat' dir='ltr'>quod</span> 
     </span>
     <span class='ocr_line' id='line_1_23' title="bbox 174 1357 951 1399; baseline 0.006 -12"><span class='ocrx_word' id='word_1_152' title='bbox 174 1357 281 1388; x_wconf 85' lang='lat' dir='ltr'>anima</span> <span class='ocrx_word' id='word_1_153' title='bbox 310 1358 401 1389; x_wconf 86' lang='lat' dir='ltr'>beata</span> <span class='ocrx_word' id='word_1_154' title='bbox 426 1359 598 1390; x_wconf 82' lang='lat' dir='ltr'>certissime</span> <span class='ocrx_word' id='word_1_155' title='bbox 625 1360 745 1399; x_wconf 88' lang='lat' dir='ltr'>judicet</span> <span class='ocrx_word' id='word_1_156' title='bbox 771 1360 850 1391; x_wconf 91' lang='lat' dir='ltr'>illud</span> <span class='ocrx_word' id='word_1_157' title='bbox 884 1370 951 1392; x_wconf 90' lang='lat' dir='ltr'>esse</span> 
     </span>
     <span class='ocr_line' id='line_1_24' title="bbox 175 1411 951 1452; baseline 0.006 -12"><span class='ocrx_word' id='word_1_158' title='bbox 175 1419 339 1441; x_wconf 86' lang='lat' dir='ltr'>summum</span> <span class='ocrx_word' id='word_1_159' title='bbox 366 1411 488 1450; x_wconf 89' lang='lat' dir='ltr'>lumen,</span> <span class='ocrx_word' id='word_1_160' title='bbox 518 1413 602 1452; x_wconf 87' lang='lat' dir='ltr'>quod</span> <span class='ocrx_word' id='word_1_161' title='bbox 629 1414 784 1452; x_wconf 87' lang='lat' dir='ltr'>intuetur,</span> <span class='ocrx_word' id='word_1_162' title='bbox 807 1414 887 1445; x_wconf 86' lang='lat' dir='ltr'>sic&#39;ut</span> <span class='ocrx_word' id='word_1_163' title='bbox 918 1415 951 1445; x_wconf 89' lang='lat' dir='ltr'>in</span> 
     </span>
     <span class='ocr_line' id='line_1_25' title="bbox 175 1464 952 1503; baseline 0.005 -9"><span class='ocrx_word' id='word_1_164' title='bbox 175 1464 278 1503; x_wconf 89' lang='lat' dir='ltr'>primo</span> <span class='ocrx_word' id='word_1_165' title='bbox 293 1465 375 1496; x_wconf 91' lang='lat' dir='ltr'>libro</span> <span class='ocrx_word' id='word_1_166' title='bbox 390 1466 398 1482; x_wconf 87' lang='lat'>¹</span> <span class='ocrx_word' id='word_1_167' title='bbox 414 1466 473 1496; x_wconf 88' lang='lat' dir='ltr'>fuit</span> <span class='ocrx_word' id='word_1_168' title='bbox 486 1466 644 1497; x_wconf 83' lang='lat' dir='ltr'>habitum.</span> <span class='ocrx_word' id='word_1_169' title='bbox 662 1466 699 1496; x_wconf 87' lang='lat' dir='ltr'>Et</span> <span class='ocrx_word' id='word_1_170' title='bbox 722 1467 800 1497; x_wconf 86' lang='lat' dir='ltr'>huic</span> <span class='ocrx_word' id='word_1_171' title='bbox 823 1477 889 1498; x_wconf 90' lang='lat' dir='ltr'>non</span> <span class='ocrx_word' id='word_1_172' title='bbox 903 1477 952 1499; x_wconf 91' lang='lat' dir='ltr'>re-</span> 
     </span>
     <span class='ocr_line' id='line_1_26' title="bbox 174 1518 949 1559; baseline 0.005 -11"><span class='ocrx_word' id='word_1_173' title='bbox 174 1519 300 1556; x_wconf 80' lang='lat' dir='ltr'>pugnat</span> <span class='ocrx_word' id='word_1_174' title='bbox 314 1518 449 1549; x_wconf 86' lang='lat' dir='ltr'>verbum</span> <span class='ocrx_word' id='word_1_175' title='bbox 467 1520 639 1558; x_wconf 81' lang='lat' dir='ltr'>Augustini</span> <span class='ocrx_word' id='word_1_176' title='bbox 668 1528 675 1549; x_wconf 90' lang='lat'>:</span> <span class='ocrx_word' id='word_1_177' title='bbox 699 1522 949 1559; x_wconf 85' lang='lat' dir='ltr'>quantumcum-</span> 
     </span>
     <span class='ocr_line' id='line_1_27' title="bbox 173 1570 951 1612; baseline 0.009 -13"><span class='ocrx_word' id='word_1_178' title='bbox 173 1578 236 1608; x_wconf 90' lang='lat' dir='ltr'>que</span> <span class='ocrx_word' id='word_1_179' title='bbox 252 1570 339 1601; x_wconf 84' lang='lat' dir='ltr'>enirn</span> <span class='ocrx_word' id='word_1_180' title='bbox 351 1571 418 1602; x_wconf 90' lang='lat' dir='ltr'>sive</span> <span class='ocrx_word' id='word_1_181' title='bbox 433 1572 579 1611; x_wconf 84' lang='lat' dir='ltr'>intuitus,</span> <span class='ocrx_word' id='word_1_182' title='bbox 596 1573 663 1604; x_wconf 84' lang='lat' dir='ltr'>sive</span> <span class='ocrx_word' id='word_1_183' title='bbox 673 1574 833 1612; x_wconf 87' lang='lat' dir='ltr'>judicium</span> <span class='ocrx_word' id='word_1_184' title='bbox 847 1575 951 1606; x_wconf 85' lang='lat' dir='ltr'>videa-</span> 
     </span>
     <span class='ocr_line' id='line_1_28' title="bbox 172 1624 950 1666; baseline 0.009 -13"><span class='ocrx_word' id='word_1_185' title='bbox 172 1624 274 1654; x_wconf 87' lang='lat' dir='ltr'>turin</span> <span class='ocrx_word' id='word_1_186' title='bbox 300 1634 332 1654; x_wconf 90' lang='lat' dir='ltr'>se</span> <span class='ocrx_word' id='word_1_187' title='bbox 359 1624 476 1656; x_wconf 86' lang='lat' dir='ltr'>habere</span> <span class='ocrx_word' id='word_1_188' title='bbox 501 1628 649 1657; x_wconf 85' lang='lat' dir='ltr'>naturam</span> <span class='ocrx_word' id='word_1_189' title='bbox 674 1627 822 1666; x_wconf 81' lang='lat' dir='ltr'>actionis3</span> <span class='ocrx_word' id='word_1_190' title='bbox 843 1630 950 1660; x_wconf 89' lang='lat' dir='ltr'>tamen</span> 
     </span>
     <span class='ocr_line' id='line_1_29' title="bbox 172 1677 952 1721; baseline 0.009 -14"><span class='ocrx_word' id='word_1_191' title='bbox 172 1679 317 1717; x_wconf 89' lang='lat' dir='ltr'>respectu</span> <span class='ocrx_word' id='word_1_192' title='bbox 334 1677 433 1709; x_wconf 90' lang='lat' dir='ltr'>divini</span> <span class='ocrx_word' id='word_1_193' title='bbox 447 1679 588 1718; x_wconf 85' lang='lat' dir='ltr'>luminis,</span> <span class='ocrx_word' id='word_1_194' title='bbox 606 1690 624 1711; x_wconf 85' lang='lat' dir='ltr'>a</span> <span class='ocrx_word' id='word_1_195' title='bbox 638 1690 702 1720; x_wconf 92' lang='lat' dir='ltr'>quo</span> <span class='ocrx_word' id='word_1_196' title='bbox 726 1684 886 1721; x_wconf 73' lang='lat' dir='ltr'>causatur,</span> <span class='ocrx_word' id='word_1_197' title='bbox 905 1686 952 1714; x_wconf 90' lang='lat' dir='ltr'>est</span> 
     </span>
     <span class='ocr_line' id='line_1_30' title="bbox 171 1730 950 1773; baseline 0.01 -13"><span class='ocrx_word' id='word_1_198' title='bbox 171 1730 274 1769; x_wconf 86' lang='lat' dir='ltr'>passio</span> <span class='ocrx_word' id='word_1_199' title='bbox 289 1732 320 1761; x_wconf 88' lang='lat' dir='ltr'>et</span> <span class='ocrx_word' id='word_1_200' title='bbox 335 1732 476 1762; x_wconf 81' lang='lat' dir='ltr'>effectus.</span> <span class='ocrx_word' id='word_1_201' title='bbox 498 1731 586 1764; x_wconf 87' lang='lat' dir='ltr'>Unde</span> <span class='ocrx_word' id='word_1_202' title='bbox 607 1734 693 1773; x_wconf 84' lang='lat' dir='ltr'>quod</span> <span class='ocrx_word' id='word_1_203' title='bbox 714 1735 821 1766; x_wconf 87' lang='lat' dir='ltr'>anima</span> <span class='ocrx_word' id='word_1_204' title='bbox 844 1737 950 1768; x_wconf 84' lang='lat' dir='ltr'>videat</span> 
     </span>
     <span class='ocr_line' id='line_1_31' title="bbox 172 1782 951 1830; baseline 0.01 -17"><span class='ocrx_word' id='word_1_205' title='bbox 172 1782 272 1814; x_wconf 89' lang='lat' dir='ltr'>Deum</span> <span class='ocrx_word' id='word_1_206' title='bbox 286 1784 320 1814; x_wconf 88' lang='lat' dir='ltr'>in</span> <span class='ocrx_word' id='word_1_207' title='bbox 337 1793 380 1822; x_wconf 91' lang='lat' dir='ltr'>se,</span> <span class='ocrx_word' id='word_1_208' title='bbox 397 1784 458 1815; x_wconf 90' lang='lat' dir='ltr'>hoc</span> <span class='ocrx_word' id='word_1_209' title='bbox 480 1794 545 1816; x_wconf 91' lang='lat' dir='ltr'>non</span> <span class='ocrx_word' id='word_1_210' title='bbox 565 1788 611 1817; x_wconf 90' lang='lat' dir='ltr'>est</span> <span class='ocrx_word' id='word_1_211' title='bbox 629 1788 705 1827; x_wconf 82' lang='lat' dir='ltr'>quia</span> <span class='ocrx_word' id='word_1_212' title='bbox 722 1789 831 1820; x_wconf 86' lang='lat' dir='ltr'>anima</span> <span class='ocrx_word' id='word_1_213' title='bbox 853 1791 951 1830; x_wconf 87' lang='lat' dir='ltr'>possit</span> 
     </span>
     <span class='ocr_line' id='line_1_32' title="bbox 171 1837 951 1884; baseline 0.012 -18"><span class='ocrx_word' id='word_1_214' title='bbox 171 1845 268 1876; x_wconf 89' lang='lat' dir='ltr'>supra</span> <span class='ocrx_word' id='word_1_215' title='bbox 291 1837 403 1875; x_wconf 88' lang='lat' dir='ltr'>Deum,</span> <span class='ocrx_word' id='word_1_216' title='bbox 429 1838 483 1869; x_wconf 88' lang='lat' dir='ltr'>sed</span> <span class='ocrx_word' id='word_1_217' title='bbox 511 1839 614 1879; x_wconf 88' lang='lat' dir='ltr'>magis</span> <span class='ocrx_word' id='word_1_218' title='bbox 638 1842 723 1880; x_wconf 89' lang='lat' dir='ltr'>quod</span> <span class='ocrx_word' id='word_1_219' title='bbox 749 1842 832 1874; x_wconf 88' lang='lat' dir='ltr'>Deus</span> <span class='ocrx_word' id='word_1_220' title='bbox 853 1844 951 1884; x_wconf 86' lang='lat' dir='ltr'>possit</span> 
     </span>
     <span class='ocr_line' id='line_1_33' title="bbox 171 1890 949 1935; baseline 0.013 -16"><span class='ocrx_word' id='word_1_221' title='bbox 171 1898 268 1929; x_wconf 89' lang='lat' dir='ltr'>supra</span> <span class='ocrx_word' id='word_1_222' title='bbox 282 1890 401 1930; x_wconf 79' lang='lat' dir='ltr'>ipsam3</span> <span class='ocrx_word' id='word_1_223' title='bbox 431 1891 509 1922; x_wconf 84' lang='lat' dir='ltr'>adeo</span> <span class='ocrx_word' id='word_1_224' title='bbox 527 1894 563 1923; x_wconf 87' lang='lat' dir='ltr'>ut</span> <span class='ocrx_word' id='word_1_225' title='bbox 589 1893 698 1924; x_wconf 81' lang='lat' dir='ltr'>anima</span> <span class='ocrx_word' id='word_1_226' title='bbox 722 1904 779 1935; x_wconf 90' lang='lat' dir='ltr'>per</span> <span class='ocrx_word' id='word_1_227' title='bbox 805 1896 949 1928; x_wconf 87' lang='lat' dir='ltr'>divinam</span> 
     </span>
     <span class='ocr_line' id='line_1_34' title="bbox 171 1943 949 1991; baseline 0.013 -19"><span class='ocrx_word' id='word_1_228' title='bbox 171 1943 345 1982; x_wconf 87' lang='lat' dir='ltr'>potentiam</span> <span class='ocrx_word' id='word_1_229' title='bbox 360 1945 390 1974; x_wconf 89' lang='lat' dir='ltr'>et</span> <span class='ocrx_word' id='word_1_230' title='bbox 406 1944 606 1976; x_wconf 81' lang='lat' dir='ltr'>influentiam</span> <span class='ocrx_word' id='word_1_231' title='bbox 622 1947 765 1979; x_wconf 84' lang='lat' dir='ltr'>elevetur</span> <span class='ocrx_word' id='word_1_232' title='bbox 786 1959 883 1990; x_wconf 84' lang='lat' dir='ltr'>supra</span> <span class='ocrx_word' id='word_1_233' title='bbox 897 1951 949 1991; x_wconf 89' lang='lat' dir='ltr'>ip-</span> 
     </span>
     <span class='ocr_line' id='line_1_35' title="bbox 172 1996 949 2038; baseline 0.012 -12"><span class='ocrx_word' id='word_1_234' title='bbox 172 2005 252 2027; x_wconf 85' lang='lat' dir='ltr'>sam.</span> <span class='ocrx_word' id='word_1_235' title='bbox 268 1996 343 2027; x_wconf 82' lang='lat' dir='ltr'>Haec</span> <span class='ocrx_word' id='word_1_236' title='bbox 359 1999 467 2028; x_wconf 87' lang='lat' dir='ltr'>autem</span> <span class='ocrx_word' id='word_1_237' title='bbox 479 2008 551 2038; x_wconf 80' lang='lat' dir='ltr'>quae</span> <span class='ocrx_word' id='word_1_238' title='bbox 579 2000 661 2031; x_wconf 87' lang='lat' dir='ltr'>dicta</span> <span class='ocrx_word' id='word_1_239' title='bbox 684 2003 759 2032; x_wconf 90' lang='lat' dir='ltr'>sunt</span> <span class='ocrx_word' id='word_1_240' title='bbox 782 2003 820 2033; x_wconf 90' lang='lat' dir='ltr'>de</span> <span class='ocrx_word' id='word_1_241' title='bbox 841 2004 949 2035; x_wconf 84' lang='lat' dir='ltr'>anima</span> 
     </span>
     <span class='ocr_line' id='line_1_36' title="bbox 172 2048 948 2095; baseline 0.012 -16"><span class='ocrx_word' id='word_1_242' title='bbox 172 2048 286 2080; x_wconf 84' lang='lat' dir='ltr'>Christi</span> <span class='ocrx_word' id='word_1_243' title='bbox 317 2051 525 2090; x_wconf 78' lang='lat' dir='ltr'>generaliter,</span> <span class='ocrx_word' id='word_1_244' title='bbox 544 2053 651 2084; x_wconf 88' lang='lat' dir='ltr'>valent</span> <span class='ocrx_word' id='word_1_245' title='bbox 673 2054 713 2085; x_wconf 88' lang='lat' dir='ltr'>ad</span> <span class='ocrx_word' id='word_1_246' title='bbox 738 2056 948 2095; x_wconf 58' lang='lat' dir='ltr'>quaestionem</span> 
     </span>
     <span class='ocr_line' id='line_1_37' title="bbox 171 2102 899 2148; baseline 0.012 -16"><span class='ocrx_word' id='word_1_247' title='bbox 171 2102 210 2132; x_wconf 89' lang='lat' dir='ltr'>de</span> <span class='ocrx_word' id='word_1_248' title='bbox 224 2102 347 2134; x_wconf 90' lang='lat' dir='ltr'>visione</span> <span class='ocrx_word' id='word_1_249' title='bbox 363 2103 416 2134; x_wconf 92' lang='lat' dir='ltr'>Dei</span> <span class='ocrx_word' id='word_1_250' title='bbox 434 2113 442 2134; x_wconf 92' lang='lat'><strong>:</strong></span> <span class='ocrx_word' id='word_1_251' title='bbox 459 2104 602 2136; x_wconf 87' lang='lat' dir='ltr'>similiter</span> <span class='ocrx_word' id='word_1_252' title='bbox 616 2116 690 2146; x_wconf 85' lang='lat' dir='ltr'>quae</span> <span class='ocrx_word' id='word_1_253' title='bbox 710 2111 899 2148; x_wconf 86' lang='lat' dir='ltr'>sequuntur.</span> 
     </span>
    </p>
   </div>
   <div class='ocr_carea' id='block_1_3' title="bbox 403 2227 711 2264">
    <p class='ocr_par' dir='ltr' id='par_1_3' title="bbox 403 2227 711 2264">
     <span class='ocr_line' id='line_1_38' title="bbox 403 2227 711 2264; baseline 0.016 -5"><span class='ocrx_word' id='word_1_254' title='bbox 403 2227 645 2263; x_wconf 86' lang='lat' dir='ltr'>ARTICULUS</span> <span class='ocrx_word' id='word_1_255' title='bbox 670 2231 711 2264; x_wconf 91' lang='lat' dir='ltr'>II.</span> 
     </span>
    </p>
   </div>
   <div class='ocr_carea' id='block_1_4' title="bbox 172 2314 947 2523">
    <p class='ocr_par' dir='ltr' id='par_1_4' title="bbox 172 2314 947 2523">
     <span class='ocr_line' id='line_1_39' title="bbox 226 2314 945 2365; baseline 0.017 -21"><span class='ocrx_word' id='word_1_256' title='bbox 226 2314 458 2354; x_wconf 85' lang='lat' dir='ltr'>Consequenter</span> <span class='ocrx_word' id='word_1_257' title='bbox 485 2319 643 2357; x_wconf 79' lang='lat' dir='ltr'>quaeritur</span> <span class='ocrx_word' id='word_1_258' title='bbox 672 2321 710 2351; x_wconf 91' lang='lat' dir='ltr'>de</span> <span class='ocrx_word' id='word_1_259' title='bbox 740 2323 923 2362; x_wconf 83' lang='lat' dir='ltr'>cognitione</span> <span class='ocrx_word' id='word_1_260' title='bbox 937 2351 945 2365; x_wconf 84' lang='lat'>,</span> 
     </span>
     <span class='ocr_line' id='line_1_40' title="bbox 172 2368 947 2415; baseline 0.017 -19"><span class='ocrx_word' id='word_1_261' title='bbox 172 2374 268 2405; x_wconf 85' lang='lat' dir='ltr'>quam</span> <span class='ocrx_word' id='word_1_262' title='bbox 295 2368 403 2399; x_wconf 84' lang='lat' dir='ltr'>anima</span> <span class='ocrx_word' id='word_1_263' title='bbox 429 2369 542 2401; x_wconf 88' lang='lat' dir='ltr'>Christi</span> <span class='ocrx_word' id='word_1_264' title='bbox 564 2372 678 2404; x_wconf 89' lang='lat' dir='ltr'>habuit</span> <span class='ocrx_word' id='word_1_265' title='bbox 701 2374 734 2405; x_wconf 90' lang='lat' dir='ltr'>in</span> <span class='ocrx_word' id='word_1_266' title='bbox 758 2375 885 2415; x_wconf 88' lang='lat' dir='ltr'>Verbo;</span> <span class='ocrx_word' id='word_1_267' title='bbox 916 2380 947 2409; x_wconf 89' lang='lat' dir='ltr'>et</span> 
     </span>
     <span class='ocr_line' id='line_1_41' title="bbox 172 2417 947 2470; baseline 0.021 -23"><span class='ocrx_word' id='word_1_268' title='bbox 172 2417 255 2449; x_wconf 86' lang='lat' dir='ltr'>circa</span> <span class='ocrx_word' id='word_1_269' title='bbox 275 2419 334 2451; x_wconf 85' lang='lat' dir='ltr'>hoc</span> <span class='ocrx_word' id='word_1_270' title='bbox 349 2426 541 2461; x_wconf 84' lang='lat' dir='ltr'>quaeruntur</span> <span class='ocrx_word' id='word_1_271' title='bbox 563 2425 648 2457; x_wconf 82' lang='lat' dir='ltr'>tria:</span> <span class='ocrx_word' id='word_1_272' title='bbox 665 2428 769 2466; x_wconf 90' lang='lat' dir='ltr'>primo</span> <span class='ocrx_word' id='word_1_273' title='bbox 790 2431 947 2470; x_wconf 70' lang='lat' dir='ltr'>quaeritur</span> 
     </span>
     <span class='ocr_line' id='line_1_42' title="bbox 172 2471 947 2523; baseline 0.023 -24"><span class='ocrx_word' id='word_1_274' title='bbox 172 2471 284 2501; x_wconf 90' lang='lat' dir='ltr'>utrum</span> <span class='ocrx_word' id='word_1_275' title='bbox 308 2474 420 2506; x_wconf 76' lang='lat' dir='ltr'>eodem</span> <span class='ocrx_word' id='word_1_276' title='bbox 431 2476 544 2508; x_wconf 82' lang='lat' dir='ltr'>habitu</span> <span class='ocrx_word' id='word_1_277' title='bbox 561 2483 732 2518; x_wconf 84' lang='lat' dir='ltr'>cognoscat</span> <span class='ocrx_word' id='word_1_278' title='bbox 746 2481 898 2523; x_wconf 85' lang='lat' dir='ltr'>Verbum,</span> <span class='ocrx_word' id='word_1_279' title='bbox 916 2487 947 2516; x_wconf 88' lang='lat' dir='ltr'>et</span> 
     </span>
    </p>
   </div>
   <div class='ocr_carea' id='block_1_5' title="bbox 170 2568 948 2687">
    <p class='ocr_par' dir='ltr' id='par_1_5' title="bbox 170 2568 948 2687">
     <span class='ocr_line' id='line_1_43' title="bbox 206 2568 948 2615; baseline 0.024 -24"><span class='ocrx_word' id='word_1_280' title='bbox 206 2569 212 2585; x_wconf 93' lang='lat'><strong>¹</strong></span> <span class='ocrx_word' id='word_1_281' title='bbox 227 2568 289 2593; x_wconf 77' lang='lat' dir='ltr'>nist.</span> <span class='ocrx_word' id='word_1_282' title='bbox 306 2575 385 2594; x_wconf 89' lang='lat'>111.--</span> <span class='ocrx_word' id='word_1_283' title='bbox 398 2573 409 2590; x_wconf 78' lang='lat'>²</span> <span class='ocrx_word' id='word_1_284' title='bbox 424 2574 463 2604; x_wconf 82' lang='lat' dir='ltr'>Cf.</span> <span class='ocrx_word' id='word_1_285' title='bbox 482 2576 506 2600; x_wconf 88' lang='lat' dir='ltr'>S.</span> <span class='ocrx_word' id='word_1_286' title='bbox 523 2576 622 2607; x_wconf 66' lang='lat' dir='ltr'>Thom„</span> <span class='ocrx_word' id='word_1_287' title='bbox 638 2586 663 2609; x_wconf 88' lang='lat' dir='ltr'>p.</span> <span class='ocrx_word' id='word_1_288' title='bbox 675 2580 717 2610; x_wconf 82' lang='grc' dir='ltr'><strong>ΙΙΙ,</strong></span> <span class='ocrx_word' id='word_1_289' title='bbox 733 2587 758 2612; x_wconf 83' lang='lat' dir='ltr'>q.</span> <span class='ocrx_word' id='word_1_290' title='bbox 775 2588 800 2612; x_wconf 78' lang='lat' dir='ltr'>x,</span> <span class='ocrx_word' id='word_1_291' title='bbox 815 2586 862 2607; x_wconf 85' lang='lat' dir='ltr'>art.</span> <span class='ocrx_word' id='word_1_292' title='bbox 879 2585 908 2615; x_wconf 79' lang='lat'>23</span> <span class='ocrx_word' id='word_1_293' title='bbox 923 2588 948 2610; x_wconf 81' lang='lat' dir='ltr'>et</span> 
     </span>
     <span class='ocr_line' id='line_1_44' title="bbox 173 2603 946 2651; baseline 0.023 -25"><span class='ocrx_word' id='word_1_294' title='bbox 173 2603 205 2627; x_wconf 84' lang='grc' dir='ltr'>ΙΙΙ</span> <span class='ocrx_word' id='word_1_295' title='bbox 228 2605 306 2636; x_wconf 60' lang='lat' dir='ltr'>Seni„</span> <span class='ocrx_word' id='word_1_296' title='bbox 326 2606 384 2630; x_wconf 87' lang='lat' dir='ltr'>dist.</span> <span class='ocrx_word' id='word_1_297' title='bbox 404 2614 456 2639; x_wconf 76' lang='lat' dir='ltr'>xw,</span> <span class='ocrx_word' id='word_1_298' title='bbox 478 2617 503 2641; x_wconf 86' lang='lat' dir='ltr'>q.</span> <span class='ocrx_word' id='word_1_299' title='bbox 523 2617 542 2642; x_wconf 91' lang='lat'>1,</span> <span class='ocrx_word' id='word_1_300' title='bbox 558 2614 604 2637; x_wconf 74' lang='lat' dir='ltr'>art.</span> <span class='ocrx_word' id='word_1_301' title='bbox 620 2616 641 2645; x_wconf 89' lang='lat'>1,</span> <span class='ocrx_word' id='word_1_302' title='bbox 657 2622 682 2645; x_wconf 87' lang='lat' dir='ltr'>q.</span> <span class='ocrx_word' id='word_1_303' title='bbox 703 2621 746 2647; x_wconf 79' lang='lat' dir='ltr'>1v3</span> <span class='ocrx_word' id='word_1_304' title='bbox 762 2619 786 2640; x_wconf 85' lang='lat' dir='ltr'>et</span> <span class='ocrx_word' id='word_1_305' title='bbox 803 2617 833 2641; x_wconf 85' lang='lat' dir='ltr'>de</span> <span class='ocrx_word' id='word_1_306' title='bbox 861 2619 946 2651; x_wconf 62' lang='lat' dir='ltr'>Verit„</span> 
     </span>
     <span class='ocr_line' id='line_1_45' title="bbox 170 2642 944 2687; baseline 0.025 -26"><span class='ocrx_word' id='word_1_307' title='bbox 170 2645 196 2669; x_wconf 87' lang='lat' dir='ltr'>q.</span> <span class='ocrx_word' id='word_1_308' title='bbox 211 2644 265 2670; x_wconf 75' lang='lat' dir='ltr'>vin,</span> <span class='ocrx_word' id='word_1_309' title='bbox 278 2642 326 2665; x_wconf 77' lang='lat' dir='ltr'>art.</span> <span class='ocrx_word' id='word_1_310' title='bbox 341 2643 369 2671; x_wconf 73' lang='lat'>4;</span> <span class='ocrx_word' id='word_1_311' title='bbox 386 2643 513 2676; x_wconf 77' lang='lat' dir='ltr'>Ricliard.‚</span> <span class='ocrx_word' id='word_1_312' title='bbox 529 2647 560 2671; x_wconf 85' lang='grc' dir='ltr'>ΙΙΙ</span> <span class='ocrx_word' id='word_1_313' title='bbox 573 2648 652 2680; x_wconf 63' lang='lat' dir='ltr'>Sene„</span> <span class='ocrx_word' id='word_1_314' title='bbox 668 2650 726 2675; x_wconf 79' lang='lat' dir='ltr'>dist.</span> <span class='ocrx_word' id='word_1_315' title='bbox 739 2658 792 2683; x_wconf 77' lang='lat' dir='ltr'>xiv,</span> <span class='ocrx_word' id='word_1_316' title='bbox 804 2656 851 2679; x_wconf 78' lang='lat' dir='ltr'>art.</span> <span class='ocrx_word' id='word_1_317' title='bbox 863 2656 914 2686; x_wconf 82' lang='lat' dir='ltr'>2,q.</span> <span class='ocrx_word' id='word_1_318' title='bbox 927 2662 944 2687; x_wconf 87' lang='lat'>1,·</span> 
     </span>
    </p>
   </div>
   <div class='ocr_carea' id='block_1_6' title="bbox 1719 184 1777 214">
    <p class='ocr_par' dir='ltr' id='par_1_6' title="bbox 1719 184 1777 214">
     <span class='ocr_line' id='line_1_46' title="bbox 1719 184 1777 214; baseline -0.017 0"><span class='ocrx_word' id='word_1_319' title='bbox 1719 184 1777 214; x_wconf 79' lang='lat'><strong>30¹7</strong></span> 
     </span>
    </p>
   </div>
   <div class='ocr_carea' id='block_1_7' title="bbox 1005 241 1781 447">
    <p class='ocr_par' dir='ltr' id='par_1_7' title="bbox 1005 241 1781 447">
     <span class='ocr_line' id='line_1_47' title="bbox 1005 241 1778 284; baseline 0.013 -14"><span class='ocrx_word' id='word_1_320' title='bbox 1005 241 1066 271; x_wconf 89' lang='lat' dir='ltr'>alia</span> <span class='ocrx_word' id='word_1_321' title='bbox 1094 241 1127 271; x_wconf 91' lang='lat' dir='ltr'>in</span> <span class='ocrx_word' id='word_1_322' title='bbox 1156 241 1286 279; x_wconf 86' lang='lat' dir='ltr'>Verbo;</span> <span class='ocrx_word' id='word_1_323' title='bbox 1315 243 1453 274; x_wconf 87' lang='lat' dir='ltr'>secundo</span> <span class='ocrx_word' id='word_1_324' title='bbox 1482 246 1640 284; x_wconf 76' lang='lat' dir='ltr'>quaeritur</span> <span class='ocrx_word' id='word_1_325' title='bbox 1666 250 1778 280; x_wconf 88' lang='lat' dir='ltr'>utrum</span> 
     </span>
     <span class='ocr_line' id='line_1_48' title="bbox 1005 297 1778 343; baseline 0.012 -17"><span class='ocrx_word' id='word_1_326' title='bbox 1005 297 1112 327; x_wconf 83' lang='lat' dir='ltr'>anima</span> <span class='ocrx_word' id='word_1_327' title='bbox 1135 297 1247 328; x_wconf 84' lang='lat' dir='ltr'>Christi</span> <span class='ocrx_word' id='word_1_328' title='bbox 1269 301 1440 337; x_wconf 86' lang='lat' dir='ltr'>cognoscat</span> <span class='ocrx_word' id='word_1_329' title='bbox 1453 302 1525 330; x_wconf 85' lang='lat' dir='ltr'>actu</span> <span class='ocrx_word' id='word_1_330' title='bbox 1540 301 1573 331; x_wconf 93' lang='lat' dir='ltr'>in</span> <span class='ocrx_word' id='word_1_331' title='bbox 1587 301 1690 333; x_wconf 89' lang='lat' dir='ltr'>Verbo</span> <span class='ocrx_word' id='word_1_332' title='bbox 1706 313 1778 343; x_wconf 81' lang='lat' dir='ltr'>quae</span> 
     </span>
     <span class='ocr_line' id='line_1_49' title="bbox 1005 350 1780 393; baseline 0.01 -14"><span class='ocrx_word' id='word_1_333' title='bbox 1005 350 1169 388; x_wconf 86' lang='lat' dir='ltr'>cognoscit</span> <span class='ocrx_word' id='word_1_334' title='bbox 1190 351 1319 389; x_wconf 77' lang='lat' dir='ltr'>habitu,</span> <span class='ocrx_word' id='word_1_335' title='bbox 1336 352 1428 383; x_wconf 86' lang='lat' dir='ltr'>tertio</span> <span class='ocrx_word' id='word_1_336' title='bbox 1451 354 1608 393; x_wconf 78' lang='lat' dir='ltr'>quaeritur</span> <span class='ocrx_word' id='word_1_337' title='bbox 1621 357 1732 387; x_wconf 90' lang='lat' dir='ltr'>utrum</span> <span class='ocrx_word' id='word_1_338' title='bbox 1747 357 1780 387; x_wconf 91' lang='lat' dir='ltr'>in</span> 
     </span>
     <span class='ocr_line' id='line_1_50' title="bbox 1006 403 1781 447; baseline 0.01 -14"><span class='ocrx_word' id='word_1_339' title='bbox 1006 403 1107 434; x_wconf 92' lang='lat' dir='ltr'>Verbo</span> <span class='ocrx_word' id='word_1_340' title='bbox 1122 406 1230 434; x_wconf 87' lang='lat' dir='ltr'>noscat</span> <span class='ocrx_word' id='word_1_341' title='bbox 1240 405 1349 436; x_wconf 83' lang='lat' dir='ltr'>omnia</span> <span class='ocrx_word' id='word_1_342' title='bbox 1363 415 1576 447; x_wconf 81' lang='lat' dir='ltr'>quaecumque</span> <span class='ocrx_word' id='word_1_343' title='bbox 1595 409 1685 440; x_wconf 89' lang='lat' dir='ltr'>novit</span> <span class='ocrx_word' id='word_1_344' title='bbox 1702 409 1781 441; x_wconf 90' lang='lat' dir='ltr'>Ver-</span> 
     </span>
    </p>
   </div>
   <div class='ocr_carea' id='block_1_8' title="bbox 1006 456 1507 534">
    <p class='ocr_par' dir='ltr' id='par_1_8' title="bbox 1006 456 1507 534">
     <span class='ocr_line' id='line_1_51' title="bbox 1006 456 1095 487; baseline 0 -1"><span class='ocrx_word' id='word_1_345' title='bbox 1006 456 1095 487; x_wconf 91' lang='lat' dir='ltr'>bum.</span> 
     </span>
     <span class='ocr_line' id='line_1_52' title="bbox 1281 497 1507 534; baseline 0.004 -6"><span class='ocrx_word' id='word_1_346' title='bbox 1281 497 1461 534; x_wconf 81' lang='lat' dir='ltr'><strong>QUAESTIO</strong></span> <span class='ocrx_word' id='word_1_347' title='bbox 1485 500 1507 530; x_wconf 89' lang='grc' dir='ltr'>Ι.</span> 
     </span>
    </p>
   </div>
   <div class='ocr_carea' id='block_1_9' title="bbox 1041 559 1745 635">
    <p class='ocr_par' dir='ltr' id='par_1_9' title="bbox 1041 559 1745 635">
     <span class='ocr_line' id='line_1_53' title="bbox 1041 559 1745 597; baseline 0.01 -13"><span class='ocrx_word' id='word_1_348' title='bbox 1041 559 1086 584; x_wconf 78' lang='lat' dir='ltr'>An</span> <span class='ocrx_word' id='word_1_349' title='bbox 1102 560 1194 585; x_wconf 71' lang='lat' dir='ltr'>anima</span> <span class='ocrx_word' id='word_1_350' title='bbox 1215 559 1314 585; x_wconf 72' lang='lat' dir='ltr'>Christi</span> <span class='ocrx_word' id='word_1_351' title='bbox 1335 560 1424 586; x_wconf 74' lang='lat' dir='ltr'>eadem</span> <span class='ocrx_word' id='word_1_352' title='bbox 1440 563 1591 595; x_wconf 60' lang='lat' dir='ltr'>cognitione</span> <span class='ocrx_word' id='word_1_353' title='bbox 1606 567 1745 597; x_wconf 68' lang='lat' dir='ltr'>coqnoscat</span> 
     </span>
     <span class='ocr_line' id='line_1_54' title="bbox 1151 603 1637 635; baseline 0.01 -6"><span class='ocrx_word' id='word_1_354' title='bbox 1151 603 1265 630; x_wconf 68' lang='lat' dir='ltr'>Verbum</span> <span class='ocrx_word' id='word_1_355' title='bbox 1276 623 1284 635; x_wconf 88' lang='grc'>,</span> <span class='ocrx_word' id='word_1_356' title='bbox 1300 606 1325 630; x_wconf 72' lang='lat' dir='ltr'>et</span> <span class='ocrx_word' id='word_1_357' title='bbox 1336 605 1408 631; x_wconf 73' lang='lat' dir='ltr'>alias</span> <span class='ocrx_word' id='word_1_358' title='bbox 1423 613 1461 632; x_wconf 80' lang='lat' dir='ltr'>res</span> <span class='ocrx_word' id='word_1_359' title='bbox 1476 607 1503 632; x_wconf 78' lang='grc' dir='ltr'><em>ιή</em></span> <span class='ocrx_word' id='word_1_360' title='bbox 1522 607 1606 633; x_wconf 71' lang='lat' dir='ltr'>Verbo</span> <span class='ocrx_word' id='word_1_361' title='bbox 1618 609 1637 634; x_wconf 74' lang='lat'>².</span> 
     </span>
    </p>
   </div>
   <div class='ocr_carea' id='block_1_10' title="bbox 1002 671 1785 2586">
    <p class='ocr_par' dir='ltr' id='par_1_10' title="bbox 1005 671 1785 1510">
     <span class='ocr_line' id='line_1_55' title="bbox 1046 671 1780 716; baseline 0.01 -15"><span class='ocrx_word' id='word_1_362' title='bbox 1046 671 1160 702; x_wconf 87' lang='lat' dir='ltr'>Utrum</span> <span class='ocrx_word' id='word_1_363' title='bbox 1184 672 1293 702; x_wconf 87' lang='lat' dir='ltr'>anima</span> <span class='ocrx_word' id='word_1_364' title='bbox 1317 672 1429 703; x_wconf 87' lang='lat' dir='ltr'>Christi</span> <span class='ocrx_word' id='word_1_365' title='bbox 1452 674 1562 705; x_wconf 82' lang='lat' dir='ltr'>eadem</span> <span class='ocrx_word' id='word_1_366' title='bbox 1585 677 1780 716; x_wconf 80' lang='lat' dir='ltr'>cognitione,</span> 
     </span>
     <span class='ocr_line' id='line_1_56' title="bbox 1005 725 1783 766; baseline 0.008 -11"><span class='ocrx_word' id='word_1_367' title='bbox 1005 734 1069 764; x_wconf 84' lang='lat' dir='ltr'>qua</span> <span class='ocrx_word' id='word_1_368' title='bbox 1092 726 1257 764; x_wconf 86' lang='lat' dir='ltr'>cognoscit</span> <span class='ocrx_word' id='word_1_369' title='bbox 1270 725 1411 757; x_wconf 84' lang='lat' dir='ltr'>Verbum</span> <span class='ocrx_word' id='word_1_370' title='bbox 1422 751 1432 765; x_wconf 77' lang='grc'>,</span> <span class='ocrx_word' id='word_1_371' title='bbox 1449 730 1620 766; x_wconf 87' lang='lat' dir='ltr'>cognoscat</span> <span class='ocrx_word' id='word_1_372' title='bbox 1635 730 1711 760; x_wconf 87' lang='lat' dir='ltr'>alias</span> <span class='ocrx_word' id='word_1_373' title='bbox 1732 740 1783 762; x_wconf 88' lang='lat' dir='ltr'>res</span> 
     </span>
     <span class='ocr_line' id='line_1_57' title="bbox 1007 777 1783 822; baseline 0.008 -14"><span class='ocrx_word' id='word_1_374' title='bbox 1007 778 1041 808; x_wconf 89' lang='lat' dir='ltr'>in</span> <span class='ocrx_word' id='word_1_375' title='bbox 1056 777 1178 815; x_wconf 87' lang='lat' dir='ltr'>Verbo;</span> <span class='ocrx_word' id='word_1_376' title='bbox 1198 781 1228 809; x_wconf 88' lang='lat' dir='ltr'>et</span> <span class='ocrx_word' id='word_1_377' title='bbox 1244 779 1329 818; x_wconf 85' lang='lat' dir='ltr'>quod</span> <span class='ocrx_word' id='word_1_378' title='bbox 1351 780 1479 818; x_wconf 85' lang='lat' dir='ltr'>eadem,</span> <span class='ocrx_word' id='word_1_379' title='bbox 1497 781 1636 812; x_wconf 88' lang='lat' dir='ltr'>videtur.</span> <span class='ocrx_word' id='word_1_380' title='bbox 1654 783 1783 822; x_wconf 88' lang='lat' dir='ltr'>Augus-</span> 
     </span>
     <span class='ocr_line' id='line_1_58' title="bbox 1006 833 1781 877; baseline 0.008 -14"><span class='ocrx_word' id='word_1_381' title='bbox 1006 833 1111 872; x_wconf 84' lang='lat' dir='ltr'>tinus,</span> <span class='ocrx_word' id='word_1_382' title='bbox 1129 842 1224 874; x_wconf 75' lang='lat' dir='ltr'>super</span> <span class='ocrx_word' id='word_1_383' title='bbox 1249 835 1393 867; x_wconf 76' lang='lat' dir='ltr'>Genesim</span> <span class='ocrx_word' id='word_1_384' title='bbox 1423 835 1466 867; x_wconf 79' lang='lat' dir='ltr'>ad</span> <span class='ocrx_word' id='word_1_385' title='bbox 1491 837 1646 876; x_wconf 76' lang='lat' dir='ltr'>litteram,</span> <span class='ocrx_word' id='word_1_386' title='bbox 1677 839 1781 877; x_wconf 81' lang='lat' dir='ltr'>dicit³,</span> 
     </span>
     <span class='ocr_line' id='line_1_59' title="bbox 1005 887 1784 929; baseline 0.008 -13"><span class='ocrx_word' id='word_1_387' title='bbox 1005 887 1091 926; x_wconf 89' lang='lat' dir='ltr'>quod</span> <span class='ocrx_word' id='word_1_388' title='bbox 1115 888 1224 926; x_wconf 84' lang='lat' dir='ltr'>angeli</span> <span class='ocrx_word' id='word_1_389' title='bbox 1238 888 1403 928; x_wconf 86' lang='lat' dir='ltr'>tripliciter</span> <span class='ocrx_word' id='word_1_390' title='bbox 1417 893 1642 928; x_wconf 87' lang='lat' dir='ltr'>cognoverunt</span> <span class='ocrx_word' id='word_1_391' title='bbox 1655 900 1716 929; x_wconf 73' lang='lat' dir='ltr'>res,</span> <span class='ocrx_word' id='word_1_392' title='bbox 1732 892 1784 922; x_wconf 91' lang='lat' dir='ltr'>vi-</span> 
     </span>
     <span class='ocr_line' id='line_1_60' title="bbox 1006 941 1784 986; baseline 0.009 -15"><span class='ocrx_word' id='word_1_393' title='bbox 1006 941 1115 972; x_wconf 87' lang='lat' dir='ltr'>delicet</span> <span class='ocrx_word' id='word_1_394' title='bbox 1136 943 1169 972; x_wconf 92' lang='lat' dir='ltr'>in</span> <span class='ocrx_word' id='word_1_395' title='bbox 1183 942 1298 981; x_wconf 88' lang='lat' dir='ltr'>Verbo,</span> <span class='ocrx_word' id='word_1_396' title='bbox 1324 943 1357 974; x_wconf 92' lang='lat' dir='ltr'>in</span> <span class='ocrx_word' id='word_1_397' title='bbox 1381 945 1502 984; x_wconf 86' lang='lat' dir='ltr'>seipsis,</span> <span class='ocrx_word' id='word_1_398' title='bbox 1526 945 1559 975; x_wconf 90' lang='lat' dir='ltr'>in</span> <span class='ocrx_word' id='word_1_399' title='bbox 1576 947 1705 986; x_wconf 82' lang='lat' dir='ltr'>proprio</span> <span class='ocrx_word' id='word_1_400' title='bbox 1724 957 1784 986; x_wconf 89' lang='lat' dir='ltr'>ge-</span> 
     </span>
     <span class='ocr_line' id='line_1_61' title="bbox 1006 997 1784 1038; baseline 0.009 -13"><span class='ocrx_word' id='word_1_401' title='bbox 1006 1004 1102 1025; x_wconf 84' lang='lat' dir='ltr'>nere:</span> <span class='ocrx_word' id='word_1_402' title='bbox 1127 1005 1206 1035; x_wconf 86' lang='lat' dir='ltr'>ergo</span> <span class='ocrx_word' id='word_1_403' title='bbox 1230 997 1388 1035; x_wconf 84' lang='lat' dir='ltr'>cognitio,</span> <span class='ocrx_word' id='word_1_404' title='bbox 1407 1007 1505 1037; x_wconf 87' lang='lat' dir='ltr'>quam</span> <span class='ocrx_word' id='word_1_405' title='bbox 1531 1000 1666 1038; x_wconf 83' lang='lat' dir='ltr'>angelus</span> <span class='ocrx_word' id='word_1_406' title='bbox 1688 1000 1784 1032; x_wconf 89' lang='lat' dir='ltr'>habet</span> 
     </span>
     <span class='ocr_line' id='line_1_62' title="bbox 1007 1049 1784 1094; baseline 0.009 -14"><span class='ocrx_word' id='word_1_407' title='bbox 1007 1050 1040 1080; x_wconf 89' lang='lat' dir='ltr'>in</span> <span class='ocrx_word' id='word_1_408' title='bbox 1060 1049 1164 1081; x_wconf 90' lang='lat' dir='ltr'>Verbo</span> <span class='ocrx_word' id='word_1_409' title='bbox 1187 1051 1224 1082; x_wconf 91' lang='lat' dir='ltr'>de</span> <span class='ocrx_word' id='word_1_410' title='bbox 1246 1061 1299 1090; x_wconf 91' lang='lat' dir='ltr'>re,</span> <span class='ocrx_word' id='word_1_411' title='bbox 1317 1053 1460 1084; x_wconf 87' lang='lat' dir='ltr'>distincta</span> <span class='ocrx_word' id='word_1_412' title='bbox 1490 1057 1535 1084; x_wconf 91' lang='lat' dir='ltr'>est</span> <span class='ocrx_word' id='word_1_413' title='bbox 1558 1064 1576 1084; x_wconf 83' lang='lat' dir='ltr'>a</span> <span class='ocrx_word' id='word_1_414' title='bbox 1600 1056 1784 1094; x_wconf 86' lang='lat' dir='ltr'>cognitione</span> 
     </span>
     <span class='ocr_line' id='line_1_63' title="bbox 1007 1104 1785 1148; baseline 0.01 -15"><span class='ocrx_word' id='word_1_415' title='bbox 1007 1112 1104 1142; x_wconf 86' lang='lat' dir='ltr'>quam</span> <span class='ocrx_word' id='word_1_416' title='bbox 1122 1104 1257 1143; x_wconf 86' lang='lat' dir='ltr'>augelus</span> <span class='ocrx_word' id='word_1_417' title='bbox 1280 1105 1375 1136; x_wconf 88' lang='lat' dir='ltr'>habet</span> <span class='ocrx_word' id='word_1_418' title='bbox 1401 1106 1439 1136; x_wconf 90' lang='lat' dir='ltr'>de</span> <span class='ocrx_word' id='word_1_419' title='bbox 1462 1116 1496 1137; x_wconf 85' lang='lat' dir='ltr'>re</span> <span class='ocrx_word' id='word_1_420' title='bbox 1518 1107 1551 1137; x_wconf 89' lang='lat' dir='ltr'>in</span> <span class='ocrx_word' id='word_1_421' title='bbox 1578 1108 1705 1148; x_wconf 85' lang='lat' dir='ltr'>seipso:</span> <span class='ocrx_word' id='word_1_422' title='bbox 1731 1111 1785 1141; x_wconf 90' lang='lat' dir='ltr'>sed</span> 
     </span>
     <span class='ocr_line' id='line_1_64' title="bbox 1007 1157 1784 1202; baseline 0.012 -17"><span class='ocrx_word' id='word_1_423' title='bbox 1007 1157 1142 1195; x_wconf 85' lang='lat' dir='ltr'>angelus</span> <span class='ocrx_word' id='word_1_424' title='bbox 1164 1157 1198 1187; x_wconf 93' lang='lat' dir='ltr'>in</span> <span class='ocrx_word' id='word_1_425' title='bbox 1219 1158 1321 1197; x_wconf 88' lang='lat' dir='ltr'>seipso</span> <span class='ocrx_word' id='word_1_426' title='bbox 1337 1160 1500 1198; x_wconf 84' lang='lat' dir='ltr'>cognoscit</span> <span class='ocrx_word' id='word_1_427' title='bbox 1513 1170 1562 1191; x_wconf 88' lang='lat' dir='ltr'>res</span> <span class='ocrx_word' id='word_1_428' title='bbox 1578 1170 1633 1200; x_wconf 88' lang='lat' dir='ltr'>per</span> <span class='ocrx_word' id='word_1_429' title='bbox 1647 1163 1784 1202; x_wconf 89' lang='lat' dir='ltr'>speciem</span> 
     </span>
     <span class='ocr_line' id='line_1_65' title="bbox 1007 1209 1785 1254; baseline 0.012 -16"><span class='ocrx_word' id='word_1_430' title='bbox 1007 1209 1148 1248; x_wconf 82' lang='lat' dir='ltr'>aliquam</span> <span class='ocrx_word' id='word_1_431' title='bbox 1155 1209 1213 1240; x_wconf 90' lang='lat' dir='ltr'>sibi</span> <span class='ocrx_word' id='word_1_432' title='bbox 1223 1210 1328 1241; x_wconf 85' lang='lat' dir='ltr'>datam</span> <span class='ocrx_word' id='word_1_433' title='bbox 1338 1222 1344 1241; x_wconf 89' lang='lat'>:</span> <span class='ocrx_word' id='word_1_434' title='bbox 1356 1221 1436 1251; x_wconf 89' lang='lat' dir='ltr'>ergo</span> <span class='ocrx_word' id='word_1_435' title='bbox 1451 1212 1578 1244; x_wconf 88' lang='lat' dir='ltr'>videtur</span> <span class='ocrx_word' id='word_1_436' title='bbox 1593 1215 1678 1254; x_wconf 85' lang='lat' dir='ltr'>quod</span> <span class='ocrx_word' id='word_1_437' title='bbox 1689 1224 1725 1246; x_wconf 86' lang='lat' dir='ltr'>ea</span> <span class='ocrx_word' id='word_1_438' title='bbox 1735 1225 1785 1247; x_wconf 93' lang='lat' dir='ltr'>co-</span> 
     </span>
     <span class='ocr_line' id='line_1_66' title="bbox 1006 1263 1782 1309; baseline 0.013 -17"><span class='ocrx_word' id='word_1_439' title='bbox 1006 1263 1152 1301; x_wconf 88' lang='lat' dir='ltr'>gnitione</span> <span class='ocrx_word' id='word_1_440' title='bbox 1164 1287 1171 1301; x_wconf 83' lang='lat'>,</span> <span class='ocrx_word' id='word_1_441' title='bbox 1193 1273 1266 1304; x_wconf 83' lang='lat' dir='ltr'>quae</span> <span class='ocrx_word' id='word_1_442' title='bbox 1284 1267 1330 1295; x_wconf 89' lang='lat' dir='ltr'>est</span> <span class='ocrx_word' id='word_1_443' title='bbox 1345 1265 1379 1296; x_wconf 92' lang='lat' dir='ltr'>in</span> <span class='ocrx_word' id='word_1_444' title='bbox 1398 1265 1513 1304; x_wconf 89' lang='lat' dir='ltr'>Verbo,</span> <span class='ocrx_word' id='word_1_445' title='bbox 1535 1272 1706 1307; x_wconf 88' lang='lat' dir='ltr'>cognoscat</span> <span class='ocrx_word' id='word_1_446' title='bbox 1720 1280 1782 1309; x_wconf 83' lang='lat' dir='ltr'>reS,</span> 
     </span>
     <span class='ocr_line' id='line_1_67' title="bbox 1006 1317 1782 1363; baseline 0.012 -17"><span class='ocrx_word' id='word_1_447' title='bbox 1006 1325 1073 1347; x_wconf 92' lang='lat' dir='ltr'>non</span> <span class='ocrx_word' id='word_1_448' title='bbox 1088 1317 1246 1349; x_wconf 83' lang='lat' dir='ltr'>mediante</span> <span class='ocrx_word' id='word_1_449' title='bbox 1261 1318 1370 1358; x_wconf 86' lang='lat' dir='ltr'>aliqua</span> <span class='ocrx_word' id='word_1_450' title='bbox 1387 1318 1598 1352; x_wconf 84' lang='lat' dir='ltr'>similitudine</span> <span class='ocrx_word' id='word_1_451' title='bbox 1612 1322 1712 1362; x_wconf 88' lang='lat' dir='ltr'>ipsius</span> <span class='ocrx_word' id='word_1_452' title='bbox 1724 1324 1782 1363; x_wconf 87' lang='lat' dir='ltr'>rei,</span> 
     </span>
     <span class='ocr_line' id='line_1_68' title="bbox 1006 1371 1784 1414; baseline 0.01 -15"><span class='ocrx_word' id='word_1_453' title='bbox 1006 1372 1123 1409; x_wconf 80' lang='lat' dir='ltr'>praeter</span> <span class='ocrx_word' id='word_1_454' title='bbox 1138 1371 1224 1401; x_wconf 86' lang='lat' dir='ltr'>illam</span> <span class='ocrx_word' id='word_1_455' title='bbox 1240 1380 1312 1411; x_wconf 68' lang='lat' dir='ltr'>quae</span> <span class='ocrx_word' id='word_1_456' title='bbox 1325 1374 1372 1402; x_wconf 89' lang='lat' dir='ltr'>est</span> <span class='ocrx_word' id='word_1_457' title='bbox 1387 1372 1420 1402; x_wconf 92' lang='lat' dir='ltr'>in</span> <span class='ocrx_word' id='word_1_458' title='bbox 1435 1372 1537 1404; x_wconf 88' lang='lat' dir='ltr'>Verbo</span> <span class='ocrx_word' id='word_1_459' title='bbox 1554 1382 1561 1403; x_wconf 90' lang='lat'>:</span> <span class='ocrx_word' id='word_1_460' title='bbox 1580 1384 1660 1414; x_wconf 87' lang='lat' dir='ltr'>ergo</span> <span class='ocrx_word' id='word_1_461' title='bbox 1674 1376 1784 1407; x_wconf 87' lang='lat' dir='ltr'>eadem</span> 
     </span>
     <span class='ocr_line' id='line_1_69' title="bbox 1007 1424 1783 1468; baseline 0.009 -15"><span class='ocrx_word' id='word_1_462' title='bbox 1007 1424 1200 1462; x_wconf 80' lang='lat' dir='ltr'>cognitione,</span> <span class='ocrx_word' id='word_1_463' title='bbox 1217 1434 1281 1464; x_wconf 87' lang='lat' dir='ltr'>qua</span> <span class='ocrx_word' id='word_1_464' title='bbox 1296 1426 1461 1464; x_wconf 86' lang='lat' dir='ltr'>cognoscit</span> <span class='ocrx_word' id='word_1_465' title='bbox 1484 1425 1624 1458; x_wconf 80' lang='lat' dir='ltr'>Verbum</span> <span class='ocrx_word' id='word_1_466' title='bbox 1636 1453 1643 1466; x_wconf 92' lang='lat'>,</span> <span class='ocrx_word' id='word_1_467' title='bbox 1663 1438 1783 1468; x_wconf 86' lang='lat' dir='ltr'>coguo-</span> 
     </span>
     <span class='ocr_line' id='line_1_70' title="bbox 1007 1476 1436 1510; baseline 0.009 -4"><span class='ocrx_word' id='word_1_468' title='bbox 1007 1476 1065 1506; x_wconf 88' lang='lat' dir='ltr'>scit</span> <span class='ocrx_word' id='word_1_469' title='bbox 1080 1486 1148 1507; x_wconf 91' lang='lat' dir='ltr'>rem</span> <span class='ocrx_word' id='word_1_470' title='bbox 1160 1477 1256 1507; x_wconf 86' lang='lat' dir='ltr'>aliam</span> <span class='ocrx_word' id='word_1_471' title='bbox 1271 1477 1305 1508; x_wconf 92' lang='lat' dir='ltr'>in</span> <span class='ocrx_word' id='word_1_472' title='bbox 1322 1477 1436 1510; x_wconf 88' lang='lat' dir='ltr'>Verbo.</span> 
     </span>
    </p>

    <p class='ocr_par' dir='ltr' id='par_1_11' title="bbox 1005 1529 1782 1994">
     <span class='ocr_line' id='line_1_71' title="bbox 1048 1529 1782 1575; baseline 0.01 -15"><span class='ocrx_word' id='word_1_473' title='bbox 1048 1529 1125 1560; x_wconf 90' lang='lat' dir='ltr'>ltem</span> <span class='ocrx_word' id='word_1_474' title='bbox 1139 1555 1146 1567; x_wconf 91' lang='lat'>,</span> <span class='ocrx_word' id='word_1_475' title='bbox 1164 1530 1305 1562; x_wconf 86' lang='lat' dir='ltr'>Verbum</span> <span class='ocrx_word' id='word_1_476' title='bbox 1326 1534 1372 1562; x_wconf 89' lang='lat' dir='ltr'>est</span> <span class='ocrx_word' id='word_1_477' title='bbox 1393 1532 1554 1564; x_wconf 83' lang='lat' dir='ltr'>sufficiens</span> <span class='ocrx_word' id='word_1_478' title='bbox 1567 1534 1647 1565; x_wconf 88' lang='lat' dir='ltr'>ratio</span> <span class='ocrx_word' id='word_1_479' title='bbox 1663 1544 1782 1575; x_wconf 89' lang='lat' dir='ltr'>cogno-</span> 
     </span>
     <span class='ocr_line' id='line_1_72' title="bbox 1007 1584 1780 1627; baseline 0.01 -14"><span class='ocrx_word' id='word_1_480' title='bbox 1007 1584 1113 1614; x_wconf 86' lang='lat' dir='ltr'>scendi</span> <span class='ocrx_word' id='word_1_481' title='bbox 1124 1585 1232 1615; x_wconf 86' lang='lat' dir='ltr'>omnia</span> <span class='ocrx_word' id='word_1_482' title='bbox 1240 1585 1300 1615; x_wconf 87' lang='lat' dir='ltr'>alia</span> <span class='ocrx_word' id='word_1_483' title='bbox 1311 1595 1330 1616; x_wconf 88' lang='lat' dir='ltr'>a</span> <span class='ocrx_word' id='word_1_484' title='bbox 1337 1585 1451 1624; x_wconf 90' lang='lat' dir='ltr'>Verbo,</span> <span class='ocrx_word' id='word_1_485' title='bbox 1461 1589 1492 1617; x_wconf 91' lang='lat' dir='ltr'>et</span> <span class='ocrx_word' id='word_1_486' title='bbox 1501 1589 1654 1627; x_wconf 87' lang='lat' dir='ltr'>tanquam</span> <span class='ocrx_word' id='word_1_487' title='bbox 1668 1598 1780 1620; x_wconf 76' lang='lat' dir='ltr'>exem-</span> 
     </span>
     <span class='ocr_line' id='line_1_73' title="bbox 1006 1637 1779 1681; baseline 0.01 -14"><span class='ocrx_word' id='word_1_488' title='bbox 1006 1637 1075 1676; x_wconf 91' lang='lat' dir='ltr'>plar</span> <span class='ocrx_word' id='word_1_489' title='bbox 1093 1639 1139 1668; x_wconf 89' lang='lat' dir='ltr'>est</span> <span class='ocrx_word' id='word_1_490' title='bbox 1153 1638 1232 1669; x_wconf 88' lang='lat' dir='ltr'>ratio</span> <span class='ocrx_word' id='word_1_491' title='bbox 1247 1640 1458 1678; x_wconf 88' lang='lat' dir='ltr'>cognoscendi</span> <span class='ocrx_word' id='word_1_492' title='bbox 1473 1642 1709 1681; x_wconf 80' lang='lat' dir='ltr'>exemplatum:</span> <span class='ocrx_word' id='word_1_493' title='bbox 1726 1645 1779 1675; x_wconf 89' lang='lat' dir='ltr'>sed</span> 
     </span>
     <span class='ocr_line' id='line_1_74' title="bbox 1006 1693 1780 1737; baseline 0.01 -17"><span class='ocrx_word' id='word_1_494' title='bbox 1006 1699 1197 1728; x_wconf 88' lang='lat' dir='ltr'>cognoscere</span> <span class='ocrx_word' id='word_1_495' title='bbox 1221 1693 1432 1724; x_wconf 86' lang='lat' dir='ltr'>sufficientem</span> <span class='ocrx_word' id='word_1_496' title='bbox 1456 1695 1612 1725; x_wconf 86' lang='lat' dir='ltr'>rationem</span> <span class='ocrx_word' id='word_1_497' title='bbox 1640 1696 1780 1737; x_wconf 87' lang='lat' dir='ltr'>alterius,</span> 
     </span>
     <span class='ocr_line' id='line_1_75' title="bbox 1006 1743 1782 1790; baseline 0.013 -18"><span class='ocrx_word' id='word_1_498' title='bbox 1006 1743 1066 1773; x_wconf 90' lang='lat' dir='ltr'>hoc</span> <span class='ocrx_word' id='word_1_499' title='bbox 1088 1753 1154 1774; x_wconf 91' lang='lat' dir='ltr'>non</span> <span class='ocrx_word' id='word_1_500' title='bbox 1179 1745 1225 1774; x_wconf 75' lang='lat' dir='ltr'>est</span> <span class='ocrx_word' id='word_1_501' title='bbox 1248 1745 1333 1776; x_wconf 81' lang='lat' dir='ltr'>aliud</span> <span class='ocrx_word' id='word_1_502' title='bbox 1356 1755 1455 1786; x_wconf 84' lang='lat' dir='ltr'>quam</span> <span class='ocrx_word' id='word_1_503' title='bbox 1470 1756 1662 1786; x_wconf 86' lang='lat' dir='ltr'>cognoscere</span> <span class='ocrx_word' id='word_1_504' title='bbox 1679 1750 1782 1790; x_wconf 86' lang='lat' dir='ltr'>ipsam</span> 
     </span>
     <span class='ocr_line' id='line_1_76' title="bbox 1006 1795 1782 1839; baseline 0.012 -15"><span class='ocrx_word' id='word_1_505' title='bbox 1006 1803 1073 1825; x_wconf 90' lang='lat' dir='ltr'>rem</span> <span class='ocrx_word' id='word_1_506' title='bbox 1083 1805 1090 1833; x_wconf 89' lang='lat'>;</span> <span class='ocrx_word' id='word_1_507' title='bbox 1107 1795 1217 1826; x_wconf 83' lang='lat' dir='ltr'>eadem</span> <span class='ocrx_word' id='word_1_508' title='bbox 1227 1797 1314 1827; x_wconf 88' lang='lat' dir='ltr'>euim</span> <span class='ocrx_word' id='word_1_509' title='bbox 1323 1801 1369 1828; x_wconf 83' lang='lat' dir='ltr'>est</span> <span class='ocrx_word' id='word_1_510' title='bbox 1382 1799 1519 1830; x_wconf 86' lang='lat' dir='ltr'>conditio</span> <span class='ocrx_word' id='word_1_511' title='bbox 1532 1800 1570 1839; x_wconf 79' lang='lat' dir='ltr'>(a)</span> <span class='ocrx_word' id='word_1_512' title='bbox 1584 1801 1716 1832; x_wconf 87' lang='lat' dir='ltr'>rationis</span> <span class='ocrx_word' id='word_1_513' title='bbox 1726 1812 1782 1833; x_wconf 90' lang='lat' dir='ltr'>co-</span> 
     </span>
     <span class='ocr_line' id='line_1_77' title="bbox 1007 1849 1778 1894; baseline 0.013 -17"><span class='ocrx_word' id='word_1_514' title='bbox 1007 1849 1201 1887; x_wconf 85' lang='lat' dir='ltr'>gnoscendi,</span> <span class='ocrx_word' id='word_1_515' title='bbox 1219 1851 1249 1880; x_wconf 91' lang='lat' dir='ltr'>et</span> <span class='ocrx_word' id='word_1_516' title='bbox 1270 1849 1372 1889; x_wconf 89' lang='lat' dir='ltr'>ipsius</span> <span class='ocrx_word' id='word_1_517' title='bbox 1394 1852 1441 1883; x_wconf 90' lang='lat' dir='ltr'>rei</span> <span class='ocrx_word' id='word_1_518' title='bbox 1456 1853 1612 1892; x_wconf 80' lang='lat' dir='ltr'>cognitae:</span> <span class='ocrx_word' id='word_1_519' title='bbox 1634 1864 1711 1894; x_wconf 88' lang='lat' dir='ltr'>ergo</span> <span class='ocrx_word' id='word_1_520' title='bbox 1726 1865 1778 1887; x_wconf 91' lang='lat' dir='ltr'>ea-</span> 
     </span>
     <span class='ocr_line' id='line_1_78' title="bbox 1005 1900 1782 1945; baseline 0.013 -15"><span class='ocrx_word' id='word_1_521' title='bbox 1005 1900 1077 1931; x_wconf 89' lang='lat' dir='ltr'>dem</span> <span class='ocrx_word' id='word_1_522' title='bbox 1097 1902 1282 1940; x_wconf 86' lang='lat' dir='ltr'>cognitione</span> <span class='ocrx_word' id='word_1_523' title='bbox 1294 1927 1302 1942; x_wconf 90' lang='lat'>,</span> <span class='ocrx_word' id='word_1_524' title='bbox 1318 1913 1382 1943; x_wconf 84' lang='lat' dir='ltr'>qua</span> <span class='ocrx_word' id='word_1_525' title='bbox 1397 1905 1504 1936; x_wconf 82' lang='lat' dir='ltr'>anima</span> <span class='ocrx_word' id='word_1_526' title='bbox 1520 1907 1683 1945; x_wconf 86' lang='lat' dir='ltr'>cognoscit</span> <span class='ocrx_word' id='word_1_527' title='bbox 1706 1908 1782 1940; x_wconf 86' lang='lat' dir='ltr'>Ver·</span> 
     </span>
     <span class='ocr_line' id='line_1_79' title="bbox 1005 1954 1591 1994; baseline 0.012 -10"><span class='ocrx_word' id='word_1_528' title='bbox 1005 1954 1096 1993; x_wconf 89' lang='lat' dir='ltr'>bum,</span> <span class='ocrx_word' id='word_1_529' title='bbox 1113 1956 1276 1994; x_wconf 87' lang='lat' dir='ltr'>cognoscit</span> <span class='ocrx_word' id='word_1_530' title='bbox 1291 1966 1340 1988; x_wconf 90' lang='lat' dir='ltr'>res</span> <span class='ocrx_word' id='word_1_531' title='bbox 1355 1958 1431 1989; x_wconf 85' lang='lat' dir='ltr'>alias</span> <span class='ocrx_word' id='word_1_532' title='bbox 1444 1968 1463 1989; x_wconf 87' lang='lat' dir='ltr'>a</span> <span class='ocrx_word' id='word_1_533' title='bbox 1478 1958 1591 1991; x_wconf 86' lang='lat' dir='ltr'>Verbo.</span> 
     </span>
    </p>

    <p class='ocr_par' dir='ltr' id='par_1_12' title="bbox 1002 2008 1780 2364">
     <span class='ocr_line' id='line_1_80' title="bbox 1046 2008 1780 2050; baseline 0.01 -12"><span class='ocrx_word' id='word_1_534' title='bbox 1046 2008 1125 2038; x_wconf 89' lang='lat' dir='ltr'>Item</span> <span class='ocrx_word' id='word_1_535' title='bbox 1161 2009 1275 2040; x_wconf 78' lang='lat' dir='ltr'>melius</span> <span class='ocrx_word' id='word_1_536' title='bbox 1302 2012 1507 2050; x_wconf 88' lang='lat' dir='ltr'>cognoscitur</span> <span class='ocrx_word' id='word_1_537' title='bbox 1535 2022 1586 2043; x_wconf 89' lang='lat' dir='ltr'>res</span> <span class='ocrx_word' id='word_1_538' title='bbox 1614 2013 1647 2043; x_wconf 91' lang='lat' dir='ltr'>in</span> <span class='ocrx_word' id='word_1_539' title='bbox 1672 2014 1780 2046; x_wconf 87' lang='lat' dir='ltr'>divino</span> 
     </span>
     <span class='ocr_line' id='line_1_81' title="bbox 1005 2061 1780 2102; baseline 0.012 -13"><span class='ocrx_word' id='word_1_540' title='bbox 1005 2061 1192 2100; x_wconf 82' lang='lat' dir='ltr'>exemplari,</span> <span class='ocrx_word' id='word_1_541' title='bbox 1207 2071 1306 2101; x_wconf 84' lang='lat' dir='ltr'>quam</span> <span class='ocrx_word' id='word_1_542' title='bbox 1321 2067 1532 2102; x_wconf 82' lang='lat' dir='ltr'>cognoscatur</span> <span class='ocrx_word' id='word_1_543' title='bbox 1544 2065 1578 2095; x_wconf 93' lang='lat' dir='ltr'>in</span> <span class='ocrx_word' id='word_1_544' title='bbox 1593 2075 1625 2096; x_wconf 87' lang='lat' dir='ltr'>se</span> <span class='ocrx_word' id='word_1_545' title='bbox 1640 2077 1646 2096; x_wconf 91' lang='lat'>:</span> <span class='ocrx_word' id='word_1_546' title='bbox 1664 2067 1780 2098; x_wconf 85' lang='lat' dir='ltr'>melius</span> 
     </span>
     <span class='ocr_line' id='line_1_82' title="bbox 1005 2112 1777 2159; baseline 0.012 -17"><span class='ocrx_word' id='word_1_547' title='bbox 1005 2112 1101 2143; x_wconf 86' lang='lat' dir='ltr'>etiam</span> <span class='ocrx_word' id='word_1_548' title='bbox 1126 2115 1333 2152; x_wconf 89' lang='lat' dir='ltr'>cognoscitur</span> <span class='ocrx_word' id='word_1_549' title='bbox 1351 2125 1408 2155; x_wconf 89' lang='lat' dir='ltr'>per</span> <span class='ocrx_word' id='word_1_550' title='bbox 1432 2117 1580 2148; x_wconf 89' lang='lat' dir='ltr'>divinum</span> <span class='ocrx_word' id='word_1_551' title='bbox 1603 2120 1777 2159; x_wconf 86' lang='lat' dir='ltr'>exemplar,</span> 
     </span>
     <span class='ocr_line' id='line_1_83' title="bbox 1005 2170 1779 2210; baseline 0.01 -14"><span class='ocrx_word' id='word_1_552' title='bbox 1005 2174 1103 2205; x_wconf 87' lang='lat' dir='ltr'>quam</span> <span class='ocrx_word' id='word_1_553' title='bbox 1118 2170 1328 2206; x_wconf 83' lang='lat' dir='ltr'>cognoscatur</span> <span class='ocrx_word' id='word_1_554' title='bbox 1346 2178 1403 2208; x_wconf 85' lang='lat' dir='ltr'>per</span> <span class='ocrx_word' id='word_1_555' title='bbox 1417 2171 1580 2210; x_wconf 89' lang='lat' dir='ltr'>propriam</span> <span class='ocrx_word' id='word_1_556' title='bbox 1594 2172 1779 2203; x_wconf 90' lang='lat' dir='ltr'>similitudi-</span> 
     </span>
     <span class='ocr_line' id='line_1_84' title="bbox 1004 2220 1779 2264; baseline 0.009 -15"><span class='ocrx_word' id='word_1_557' title='bbox 1004 2227 1078 2249; x_wconf 90' lang='lat' dir='ltr'>nem</span> <span class='ocrx_word' id='word_1_558' title='bbox 1092 2228 1099 2250; x_wconf 89' lang='lat'>:</span> <span class='ocrx_word' id='word_1_559' title='bbox 1112 2220 1166 2250; x_wconf 89' lang='lat' dir='ltr'>sed</span> <span class='ocrx_word' id='word_1_560' title='bbox 1176 2220 1287 2251; x_wconf 88' lang='lat' dir='ltr'>eadem</span> <span class='ocrx_word' id='word_1_561' title='bbox 1298 2222 1490 2261; x_wconf 85' lang='lat' dir='ltr'>cognitione,</span> <span class='ocrx_word' id='word_1_562' title='bbox 1500 2233 1564 2263; x_wconf 87' lang='lat' dir='ltr'>qua</span> <span class='ocrx_word' id='word_1_563' title='bbox 1577 2225 1649 2264; x_wconf 89' lang='lat' dir='ltr'>quis</span> <span class='ocrx_word' id='word_1_564' title='bbox 1660 2234 1779 2264; x_wconf 89' lang='lat' dir='ltr'>cogno-</span> 
     </span>
     <span class='ocr_line' id='line_1_85' title="bbox 1003 2272 1774 2317; baseline 0.009 -15"><span class='ocrx_word' id='word_1_565' title='bbox 1003 2272 1061 2303; x_wconf 88' lang='lat' dir='ltr'>scit</span> <span class='ocrx_word' id='word_1_566' title='bbox 1073 2273 1315 2305; x_wconf 88' lang='lat' dir='ltr'>similitudinem</span> <span class='ocrx_word' id='word_1_567' title='bbox 1329 2275 1386 2313; x_wconf 87' lang='lat' dir='ltr'>rei,</span> <span class='ocrx_word' id='word_1_568' title='bbox 1403 2277 1566 2315; x_wconf 90' lang='lat' dir='ltr'>cognoscit</span> <span class='ocrx_word' id='word_1_569' title='bbox 1576 2278 1678 2317; x_wconf 88' lang='lat' dir='ltr'>ipsam</span> <span class='ocrx_word' id='word_1_570' title='bbox 1691 2287 1774 2309; x_wconf 89' lang='lat' dir='ltr'>rem:</span> 
     </span>
     <span class='ocr_line' id='line_1_86' title="bbox 1002 2328 1166 2364; baseline 0.012 -9"><span class='ocrx_word' id='word_1_571' title='bbox 1002 2334 1091 2364; x_wconf 88' lang='lat' dir='ltr'>ergo,</span> <span class='ocrx_word' id='word_1_572' title='bbox 1108 2328 1166 2357; x_wconf 89' lang='lat' dir='ltr'>etc.</span> 
     </span>
    </p>

    <p class='ocr_par' dir='ltr' id='par_1_13' title="bbox 1002 2377 1778 2586">
     <span class='ocr_line' id='line_1_87' title="bbox 1043 2377 1775 2423; baseline 0.01 -15"><span class='ocrx_word' id='word_1_573' title='bbox 1043 2377 1143 2416; x_wconf 88' lang='lat' dir='ltr'>Item,</span> <span class='ocrx_word' id='word_1_574' title='bbox 1160 2379 1186 2409; x_wconf 90' lang='lat' dir='ltr'>si</span> <span class='ocrx_word' id='word_1_575' title='bbox 1200 2380 1375 2412; x_wconf 88' lang='lat' dir='ltr'>similitudo</span> <span class='ocrx_word' id='word_1_576' title='bbox 1399 2383 1445 2413; x_wconf 89' lang='lat' dir='ltr'>rei</span> <span class='ocrx_word' id='word_1_577' title='bbox 1470 2383 1504 2413; x_wconf 93' lang='lat' dir='ltr'>in</span> <span class='ocrx_word' id='word_1_578' title='bbox 1533 2384 1661 2423; x_wconf 89' lang='lat' dir='ltr'>speculo</span> <span class='ocrx_word' id='word_1_579' title='bbox 1686 2384 1775 2415; x_wconf 92' lang='lat' dir='ltr'>nullo</span> 
     </span>
     <span class='ocr_line' id='line_1_88' title="bbox 1002 2432 1778 2477; baseline 0.008 -15"><span class='ocrx_word' id='word_1_580' title='bbox 1002 2432 1097 2463; x_wconf 87' lang='lat' dir='ltr'>modo</span> <span class='ocrx_word' id='word_1_581' title='bbox 1112 2433 1253 2465; x_wconf 78' lang='lat' dir='ltr'>differret</span> <span class='ocrx_word' id='word_1_582' title='bbox 1266 2436 1307 2466; x_wconf 88' lang='lat' dir='ltr'>ab</span> <span class='ocrx_word' id='word_1_583' title='bbox 1322 2436 1389 2476; x_wconf 90' lang='lat' dir='ltr'>ipso</span> <span class='ocrx_word' id='word_1_584' title='bbox 1397 2437 1536 2476; x_wconf 86' lang='lat' dir='ltr'>speculo,</span> <span class='ocrx_word' id='word_1_585' title='bbox 1546 2437 1656 2468; x_wconf 88' lang='lat' dir='ltr'>eadem</span> <span class='ocrx_word' id='word_1_586' title='bbox 1670 2438 1778 2477; x_wconf 86' lang='lat' dir='ltr'>cogni-</span> 
     </span>
     <span class='ocr_line' id='line_1_89' title="bbox 1003 2487 1774 2532; baseline 0.008 -15"><span class='ocrx_word' id='word_1_587' title='bbox 1003 2487 1088 2518; x_wconf 87' lang='lat' dir='ltr'>tione</span> <span class='ocrx_word' id='word_1_588' title='bbox 1111 2497 1174 2528; x_wconf 88' lang='lat' dir='ltr'>qua</span> <span class='ocrx_word' id='word_1_589' title='bbox 1191 2493 1438 2530; x_wconf 84' lang='lat' dir='ltr'>cognosceretur</span> <span class='ocrx_word' id='word_1_590' title='bbox 1464 2492 1570 2531; x_wconf 90' lang='lat' dir='ltr'>ipsum</span> <span class='ocrx_word' id='word_1_591' title='bbox 1597 2492 1774 2532; x_wconf 86' lang='lat' dir='ltr'>speculum,</span> 
     </span>
     <span class='ocr_line' id='line_1_90' title="bbox 1004 2545 1777 2586; baseline 0.006 -15"><span class='ocrx_word' id='word_1_592' title='bbox 1004 2545 1248 2581; x_wconf 87' lang='lat' dir='ltr'>cognosceretur</span> <span class='ocrx_word' id='word_1_593' title='bbox 1273 2545 1342 2585; x_wconf 86' lang='lat' dir='ltr'>ipsa</span> <span class='ocrx_word' id='word_1_594' title='bbox 1366 2545 1538 2576; x_wconf 87' lang='lat' dir='ltr'>similitudo</span> <span class='ocrx_word' id='word_1_595' title='bbox 1562 2545 1620 2584; x_wconf 83' lang='lat' dir='ltr'>rei,</span> <span class='ocrx_word' id='word_1_596' title='bbox 1651 2547 1681 2576; x_wconf 88' lang='lat' dir='ltr'>et</span> <span class='ocrx_word' id='word_1_597' title='bbox 1708 2547 1777 2586; x_wconf 88' lang='lat' dir='ltr'>ipsa</span> 
     </span>
    </p>
   </div>
   <div class='ocr_carea' id='block_1_11' title="bbox 1004 2622 1776 2694">
    <p class='ocr_par' dir='ltr' id='par_1_14' title="bbox 1004 2622 1776 2694">
     <span class='ocr_line' id='line_1_91' title="bbox 1005 2622 1776 2658; baseline 0.008 -12"><span class='ocrx_word' id='word_1_598' title='bbox 1005 2622 1091 2653; x_wconf 85' lang='lat' dir='ltr'>Steph-</span> <span class='ocrx_word' id='word_1_599' title='bbox 1108 2623 1212 2656; x_wconf 67' lang='lat' dir='ltr'>BruleL,</span> <span class='ocrx_word' id='word_1_600' title='bbox 1227 2625 1261 2649; x_wconf 83' lang='lat'>111</span> <span class='ocrx_word' id='word_1_601' title='bbox 1277 2626 1356 2656; x_wconf 66' lang='lat' dir='ltr'>Seni„</span> <span class='ocrx_word' id='word_1_602' title='bbox 1377 2625 1434 2649; x_wconf 86' lang='lat' dir='ltr'>dist.</span> <span class='ocrx_word' id='word_1_603' title='bbox 1445 2631 1500 2656; x_wconf 78' lang='lat' dir='ltr'>xlv,</span> <span class='ocrx_word' id='word_1_604' title='bbox 1515 2633 1540 2656; x_wconf 88' lang='lat' dir='ltr'>q.</span> <span class='ocrx_word' id='word_1_605' title='bbox 1557 2632 1625 2650; x_wconf 84' lang='lat' dir='ltr'>1v.—</span> <span class='ocrx_word' id='word_1_606' title='bbox 1635 2626 1646 2643; x_wconf 78' lang='lat'>⁸</span> <span class='ocrx_word' id='word_1_607' title='bbox 1658 2627 1733 2658; x_wconf 69' lang='lat' dir='ltr'>Aug„</span> <span class='ocrx_word' id='word_1_608' title='bbox 1746 2627 1776 2651; x_wconf 79' lang='lat' dir='ltr'>de</span> 
     </span>
     <span class='ocr_line' id='line_1_92' title="bbox 1004 2657 1773 2694; baseline 0.008 -13"><span class='ocrx_word' id='word_1_609' title='bbox 1004 2657 1090 2682; x_wconf 75' lang='lat' dir='ltr'>Genes.</span> <span class='ocrx_word' id='word_1_610' title='bbox 1106 2659 1140 2683; x_wconf 81' lang='lat' dir='ltr'>ad</span> <span class='ocrx_word' id='word_1_611' title='bbox 1150 2659 1211 2689; x_wconf 66' lang='lat' dir='ltr'>litt„</span> <span class='ocrx_word' id='word_1_612' title='bbox 1226 2659 1269 2685; x_wconf 77' lang='lat' dir='ltr'>lib.</span> <span class='ocrx_word' id='word_1_613' title='bbox 1285 2661 1317 2690; x_wconf 86' lang='grc' dir='ltr'>ΙΙ,</span> <span class='ocrx_word' id='word_1_614' title='bbox 1330 2667 1352 2685; x_wconf 89' lang='lat' dir='ltr'>c.</span> <span class='ocrx_word' id='word_1_615' title='bbox 1369 2666 1402 2685; x_wconf 76' lang='lat' dir='ltr'>vt.</span> <span class='ocrx_word' id='word_1_616' title='bbox 1413 2674 1444 2679; x_wconf 91' lang='lat'>-—-</span> <span class='ocrx_word' id='word_1_617' title='bbox 1457 2661 1491 2692; x_wconf 79' lang='lat' dir='ltr'>(a)</span> <span class='ocrx_word' id='word_1_618' title='bbox 1504 2660 1574 2685; x_wconf 70' lang='lat' dir='ltr'>Edit.</span> <span class='ocrx_word' id='word_1_619' title='bbox 1585 2669 1639 2686; x_wconf 80' lang='lat' dir='ltr'>ven.</span> <span class='ocrx_word' id='word_1_620' title='bbox 1651 2662 1773 2694; x_wconf 80' lang='lat' dir='ltr'>cognitio.</span> 
     </span>
    </p>
   </div>
   <div class='ocr_carea' id='block_1_12' title="bbox 1798 706 1902 729">
    <p class='ocr_par' dir='ltr' id='par_1_15' title="bbox 1798 706 1902 729">
     <span class='ocr_line' id='line_1_93' title="bbox 1798 706 1902 729; baseline 0.019 -2"><span class='ocrx_word' id='word_1_621' title='bbox 1798 706 1902 729; x_wconf 82' lang='lat' dir='ltr'>Fundam.</span> 
     </span>
    </p>
   </div>
  </div>
 </body>
</html>
