2017 2960
4 2207 6 2210 ·
36 2196 72 2220 Ad
80 2203 133 2226 opp.

620 144 807 178 ntsTlNc‘r.
832 143 884 175 lll.
911 141 999 173 ΛΒΤ.
1026 141 1047 172 l.
1072 140 1221 179 QUAEST.
1247 141 1284 171 ll.

147 219 285 258 objecta,
302 217 379 257 quia
392 224 507 248 verum
529 213 723 246 concludunt
743 211 921 244 secundum

147 271 287 302 diversas
301 270 380 307 vias,
392 269 477 310 quod
490 266 716 299 incarnationis
731 265 920 307 mysterium

146 323 279 356 diversis
293 323 331 355 de
345 322 449 354 causis
464 324 564 363 potest
579 320 777 362 appropriari
795 319 922 350 cuilibet

146 377 244 409 trium
268 385 489 417 personarum.
513 376 544 406 Si
573 375 646 416 quis
671 376 778 404 autem
804 382 843 404 ex
875 373 922 403 liis

146 430 222 461 velit
232 438 370 469 arguere
383 454 390 468 ‚
405 429 489 470 quod
507 427 733 459 incarnationis
750 436 832 466 opus
854 435 923 456 ma-

145 483 196 523 gis
211 483 303 514 debet
317 482 515 523 appropriari
533 481 626 518 Patri,
645 480 694 512 vel
709 480 786 510 Filio
797 504 804 518 ‚
824 488 921 519 quam

144 535 277 577 Spiritui
294 539 413 573 sancto,
427 536 466 567 ad
481 535 588 567 omnia
601 536 648 565 est
662 543 728 564 una
738 532 900 573 responsio
914 543 920 563 :

144 591 221 631 quia
240 590 415 631 procedunt
435 598 475 620 ex
496 587 700 619 insufficienti
713 611 720 624 ,
738 589 769 618 et
793 588 923 627 peccant

144 645 322 676 secundum
337 652 534 683 consequens
550 652 558 673 z
574 641 650 682 quia
672 651 737 672 uua
758 641 825 672 sola
841 640 921 671 ratio

145 707 209 730 non
233 697 350 730 sufficit
373 696 572 738 appropriari
596 696 650 726 uni
672 695 729 726 soli
758 704 921 735 personae,

145 751 200 783 ubi
214 752 357 792 respectu
369 749 500 781 alterius
516 758 659 790 person&¹
673 748 831 789 reperitur
843 747 922 778 ratio

145 804 277 845 majoris
297 804 517 843 congruentiae
537 814 543 834 :
561 805 591 833 et
614 803 659 833 sic
681 805 727 833 est
751 802 785 832 in
808 811 924 842 propo-

145 858 215 890 sito.
231 857 295 889 111ae
310 860 418 889 tamen
431 857 504 888 (luae
521 856 674 893 rationes,
694 865 768 896 quae
786 855 922 885 fundan-

145 914 199 944 tur
213 921 309 952 super
327 912 398 948 hoc,
414 911 499 951 quod
515 910 584 941 Filii
602 909 654 941 Dei
670 909 845 940 incarnatio
859 918 923 939 nou

146 967 194 998 est
211 965 297 996 aliud
311 974 410 1006 quam
427 964 533 995 missio
545 988 554 1001 ‚
573 966 604 994 et
620 963 782 1003 conceptio
799 972 862 993 nou
879 965 925 993 est

146 1018 232 1050 aliud
255 1027 353 1059 quam
370 1017 475 1049 carnis
497 1016 692 1056 assumptio,
709 1025 772 1046 non
792 1016 899 1046 valent
915 1025 922 1046 :

146 1072 222 1113 quia
235 1074 300 1103 tam
315 1071 423 1102 missio
439 1080 536 1111 quam
551 1070 726 1110 assumptio
753 1070 926 1110 important

146 1125 331 1157 relationem
345 1149 354 1162 ,
379 1134 453 1165 quae
483 1124 610 1164 proprie
639 1125 740 1163 potest
771 1123 926 1163 respicere

147 1188 316 1220 personam
334 1178 434 1210 Patris
449 1181 479 1209 et
495 1177 518 1209 F
520 1177 566 1208 ilii
583 1190 589 1209 :
607 1177 660 1208 sed
675 1177 838 1217 conceptio
853 1176 927 1207 dicit

147 1233 296 1264 effectum
310 1234 341 1263 et
356 1231 585 1273 operationem,
602 1239 676 1271 quae
690 1230 872 1262 communis
881 1232 927 1260 est

148 1286 250 1317 tribus
274 1285 418 1326 personis
444 1296 451 1316 ε
477 1287 509 1316 et
535 1284 762 1325 appropriatur
795 1283 927 1324 Spiritui

148 1341 256 1370 sancto
270 1348 311 1370 ex
326 1339 429 1370 causis
447 1339 606 1379 praedictis
617 1363 626 1377 ‚
648 1337 797 1378 quamvis
812 1340 843 1368 et
857 1337 928 1368 aliae

149 1392 288 1424 rationes
302 1393 524 1432 congruentiae
539 1391 660 1432 possint
674 1391 848 1431 assignari:
860 1391 928 1422 sive

148 1446 225 1487 quia
246 1446 412 1478 nominato
427 1446 548 1486 Spiritu
569 1448 678 1476 sancto
703 1445 929 1485 intelliguntur

149 1499 220 1531 atiae
239 1509 400 1540 personae,
416 1500 493 1540 quia
515 1502 563 1530 est
585 1499 756 1530 amborum
778 1500 884 1529 unitas
899 1501 930 1529 et

151 1554 352 1591 communio,
376 1553 458 1584 sicut
481 1553 684 1593 Augustinus
715 1552 867 1593 explanat
896 1552 929 1582 in

150 1606 265 1645 littera,
284 1606 352 1637 sive
369 1607 444 1646 quia
460 1606 492 1636 in
508 1606 724 1636 incarnatione
742 1606 802 1636 suit
823 1604 930 1645 copio-

150 1660 275 1691 sissima
287 1659 405 1691 divinae
420 1659 571 1690 bonitatis
583 1659 714 1697 effusio,
731 1661 761 1689 et
775 1659 819 1688 sic
833 1658 931 1698 Spiri-

151 1713 199 1744 tui
223 1715 331 1744 saneto
354 1713 579 1754 appropriatur
603 1712 764 1752 conceptio
790 1711 903 1743 Christi
922 1722 928 1742 :

152 1768 222 1798 tum
238 1767 359 1798 ratione
375 1767 507 1807 proprii,
521 1766 597 1806 quia
610 1768 658 1797 est
673 1766 845 1797 amborum
859 1765 932 1796 uni-

153 1819 201 1849 tas
207 1828 216 1856 ;
232 1820 302 1849 tum
317 1818 439 1850 ratione
453 1818 658 1859 appmpriati,
675 1817 751 1858 quia
764 1819 811 1848 est
823 1817 932 1848 ambo-

153 1880 229 1903 rum
245 1872 379 1903 bonitas.
398 1871 446 1903 Ex
459 1872 511 1903 his
524 1874 634 1902 autem
653 1871 729 1902 satis
750 1873 857 1911 patere
875 1879 932 1911 po-

155 1927 215 1956 test
228 1925 392 1966 responsio
407 1925 447 1957 ad
461 1925 594 1966 obJecta.

420 2032 601 2071 QUAEsTto
622 2033 663 2065 ΙΙ.

194 2115 239 2144 An
254 2115 375 2144 Christus
386 2117 473 2151 possit
488 2116 543 2142 dici
560 2116 634 2150 fitius
649 2116 770 2151 Spiritus
784 2116 873 2142 sancti
886 2114 904 2142 ¹.

198 2195 311 2228 Utrum
326 2196 470 2228 Christus
491 2196 589 2237 possit
610 2196 672 2227 dici
695 2196 782 2227 sslius
797 2195 935 2236 Spiritus

156 2249 273 2287 sancti;
291 2253 322 2281 et
335 2250 420 2290 quod
435 2249 490 2288 sic,
507 2250 634 2281 videtur
651 2261 657 2281 :
673 2250 749 2290 quia
765 2250 934 2281 Damasce-

156 2311 220 2334 nus
233 2303 328 2335 dicit¹
343 2315 350 2335 ι
363 2316 378 2334 <1
392 2304 555 2335 Descendit
568 2305 602 2335 in
613 2303 778 2343 Virginem
794 2303 934 2335 Verbum

158 2358 311 2398 tanquam
319 2358 394 2394 θεῖος
410 2358 522 2398 πάρες,
539 2357 569 2388 id
585 2360 631 2388 est
645 2357 792 2388 divinum
801 2367 910 2389 semen
925 2368 932 2388 :

158 2411 211 2442 sed
225 2412 311 2453 quod
321 2414 473 2454 operatur
487 2412 526 2444 ad
540 2412 679 2452 alicujus
692 2412 934 2451 generationem

159 2465 318 2498 mediante
330 2467 464 2506 semine,
481 2466 578 2498 habet
590 2466 747 2498 rationem
763 2465 865 2498 Patris
880 2478 887 2498 :
908 2467 934 2498 si

191 2565 200 2581 ¹
215 2565 256 2595 01.
269 2565 341 2590 Δια.
352 2566 465 2597 Mensis,
480 2574 505 2598 p.
517 2566 562 2597 ΙΙΙ,
575 2574 600 2598 q.
617 2572 663 2591 vui
674 2586 680 2595 ,
693 2568 789 2592 memb.
806 2569 820 2592 3
830 2586 836 2597 ,
848 2571 896 2592 art.
909 2570 934 2599 ⁴;

160 2601 187 2624 S.
202 2599 326 2632 Thomas,
346 2608 371 2632 p.
389 2601 431 2633 tu,
443 2609 469 2634 q.
485 2607 572 2633 xxxii,
587 2604 635 2627 art.
651 2604 678 2633 2;
697 2605 723 2627 et
734 2603 765 2627 ui
782 2604 863 2635 Sem„
877 2604 935 2628 dist.

160 2643 195 2666 ιν,
211 2645 236 2669 q.
254 2643 270 2667 ι,
286 2641 332 2662 an.
349 2639 380 2669 ες
395 2640 422 2663 et
438 2639 470 2664 tv
484 2641 570 2664 eonem
581 2639 664 2670 Geni„
680 2647 703 2665 c.
718 2646 806 2672 um,-
821 2642 936 2673 :tigidiu-

1717 142 1756 171 95

980 218 1059 248 ergo
1074 209 1133 239 hoc
1157 208 1250 239 modo
1274 210 1423 248 operatus
1441 210 1487 238 cst
1507 206 1643 247 Spiritus
1664 216 1755 236 sauc-

979 267 1039 299 tus,
1052 266 1085 293 ut
1100 263 1173 293 dicit
1190 262 1410 299 liamasceuus,
1423 270 1502 300 ergo
1514 263 1559 291 est
1572 260 1664 292 l’ater
1674 261 1700 299 ej
1708 270 1754 291 uS.

1018 320 1046 348 2.
1065 317 1141 347 item
1161 318 1248 356 pater
1263 318 1326 353 ost,
1344 315 1393 346 vel
1408 315 1542 352 dicitur,
1559 315 1613 354 qui
1631 314 1758 344 deducit

978 380 1045 401 retu
1061 371 1098 401 ad
1115 380 1182 401 esse
1200 379 1207 400 :
1227 379 1305 409 ergo
1320 369 1345 399 si
1364 369 1467 408 magis
1487 368 1613 398 deducit
1636 377 1703 398 rem
1717 367 1756 398 ad

978 434 1055 460 esse,
1075 424 1178 462 inagis
1194 423 1284 454 ‹li-bet
1305 423 1364 453 ilici
1391 424 1479 462 pater
1495 433 1501 452 :
1518 430 1597 460 ergo
1612 421 1637 451 si
1655 421 1755 461 Spiri-

979 481 1030 508 tus
1045 480 1172 508 sanctus
1187 477 1292 514 magis
1308 478 1459 516 operatus
1472 478 1519 506 est
1532 475 1571 505 ad
1587 475 1657 513 hoc,
1670 475 1755 515 quod

978 540 1050 561 earo
1067 530 1179 561 Christi
1197 530 1425 570 produceretur
1441 530 1473 559 iu
1489 538 1568 564 csse,
1584 538 1683 569 quam
1698 529 1756 561 ali-

978 584 1050 623 quis
1065 586 1153 624 pater
1167 585 1311 623 respectu
1327 583 1423 623 prolis
1440 583 1654 623 procreandae,
1672 583 1757 614 vide-

979 639 1032 668 tur
1047 637 1132 677 quod
1147 637 1289 668 Christus
1313 636 1352 667 sit
1376 636 1460 667 illius
1483 636 1619 677 Spiritus
1635 637 1756 673 sancti,

979 691 1137 731 loquendo
1157 691 1294 731 proprie.

1021 748 1049 776 3.
1069 745 1147 775 ltem
1159 745 1296 785 Spiritus
1307 746 1435 775 sauctus
1449 753 1524 775 cum
1539 744 1670 783 Virgine
1685 754 1758 785 ope-

981 802 1068 830 ratus
1084 801 1130 830 cst
1146 798 1213 829 Filii
1228 799 1340 830 Christi
1357 799 1613 839 conceptionem,
1628 808 1684 829 uec
1698 799 1759 829 mi-

981 863 1042 884 uus
1067 855 1216 893 operatus
1244 855 1290 883 cst
1321 852 1457 892 Spiritus
1489 854 1633 889 sauctus,
1660 862 1758 893 quam

983 907 1090 947 Virgo,
1107 907 1159 937 sed
1178 906 1278 937 multo
1294 906 1432 946 amplius
1449 915 1456 936 :
1476 906 1502 936 si
1517 915 1596 945 ergo
1615 906 1759 937 Christus

981 961 1096 991 dicitur
1112 961 1195 991 silius
1213 959 1371 999 Virginis,
1388 962 1419 990 et
1445 959 1542 1000 Virgo
1558 961 1674 991 dicitur
1691 962 1760 1000 eJus

982 1017 1102 1052 inuti-r,
1128 1014 1254 1045 videtur
1277 1014 1362 1054 quod
1389 1014 1490 1045 multo
1514 1014 1626 1045 fortius
1649 1014 1760 1046 debeat

982 1068 1120 1108 Spiritus
1131 1070 1259 1098 sanctus
1275 1067 1334 1097 dici
1348 1068 1420 1107 ejus
1436 1069 1534 1107 pater.

1022 1124 1051 1152 t.
1077 1121 1154 1152 ltem
1173 1130 1269 1152 omne
1286 1121 1371 1161 quod
1387 1124 1433 1152 est
1455 1121 1494 1151 de
1511 1121 1618 1161 aliquo
1640 1130 1695 1161 per
1709 1130 1760 1152 ac-

983 1177 1053 1205 tum
1067 1175 1283 1215 conceptionis
1297 1175 1419 1205 habens
1433 1174 1674 1205 similitudinem
1690 1175 1762 1205 sub-

983 1229 1108 1260 stantiae
1130 1238 1204 1260 cum
1232 1229 1305 1265 illo,
1330 1229 1446 1259 (licitur
1469 1229 1540 1268 ejus
1564 1230 1652 1269 pater
1676 1239 1683 1260 ι
1708 1228 1761 1259 sed

984 1283 1126 1315 Christus
1142 1286 1314 1323 conceptus
1331 1285 1377 1313 est
1393 1282 1431 1313 de
1446 1282 1567 1324 Spiritu
1582 1285 1709 1321 sancto,
1732 1285 1763 1313 et

983 1337 1096 1367 similis
1117 1339 1163 1367 est
1197 1337 1229 1366 in
1255 1335 1433 1367 substantia
1461 1345 1535 1367 cum
1566 1336 1620 1366 illo
1651 1344 1658 1365 :
1684 1344 1764 1375 ergo

985 1391 1129 1422 Christus
1143 1393 1189 1421 est
1204 1391 1288 1421 tilius
1304 1390 1442 1430 Spiritus
1456 1391 1567 1421 sancti.

1026 1447 1054 1476 5.
1074 1445 1150 1476 ltem
1175 1446 1371 1486 quicumque
1394 1445 1488 1476 habet
1510 1445 1648 1485 gratiam
1664 1445 1765 1485 Spiri-

986 1502 1037 1530 tus
1049 1499 1160 1537 sancti,
1178 1499 1237 1530 hoc
1252 1499 1320 1540 ipso
1335 1501 1382 1530 est
1395 1499 1478 1530 tilius
1492 1500 1563 1539 ejus
1575 1510 1582 1531 :
1594 1499 1647 1530 sed
1663 1499 1766 1530 Chris-

987 1555 1038 1583 tus
1054 1552 1094 1583 ab
1116 1552 1244 1583 instanti
1260 1552 1476 1593 conceptionis
1494 1552 1607 1583 habuit
1627 1553 1764 1591 gratiam

987 1605 1285 1636 excellentissimam
1298 1605 1436 1646 Spiritus
1452 1605 1551 1636 saneti
1567 1616 1573 1636 :
1588 1614 1667 1645 ergo
1683 1605 1766 1636 vide-

987 1661 1040 1689 tur
1059 1659 1143 1698 quod
1160 1659 1268 1690 filiatio
1284 1659 1453 1690 conveniat
1474 1659 1599 1689 Christo
1620 1660 1765 1698 respectu

988 1712 1124 1753 Spiritus
1139 1713 1251 1743 sancti.

1029 1766 1089 1797 Sed
1106 1769 1216 1797 contra
1233 1775 1241 1797 ι
1259 1765 1402 1797 Christus
1414 1765 1538 1797 nullius
1549 1768 1595 1797 est
1611 1766 1694 1797 silius
1706 1766 1762 1796 nis*

988 1821 1104 1850 natura
1130 1830 1136 1850 :
1159 1820 1214 1851 sed
1240 1819 1338 1851 solius
1363 1819 1484 1857 Patris,
1509 1820 1561 1850 vel
1586 1820 1698 1851 matris
1720 1824 1767 1850 est

989 1872 1075 1904 filius
1110 1883 1166 1914 per
1201 1875 1351 1905 naturam
1381 1883 1389 1904 :
1422 1882 1486 1904 non
1520 1882 1599 1914 ergo
1631 1873 1768 1914 Spiritus

989 1927 1100 1958 sancti.

1032 1981 1110 2012 Item
1127 1981 1237 2012 filiatio
1253 1982 1382 2022 respicit
1398 1981 1597 2022 hypostasim
1614 1993 1621 2013 :
1639 1981 1691 2013 sed
1707 1981 1769 2022 hy-

991 2035 1123 2074 postasis
1138 2034 1208 2066 Filii
1225 2035 1277 2066 Dei
1298 2035 1389 2066 nullo
1404 2035 1499 2066 modo
1522 2035 1618 2066 habet
1639 2044 1770 2075 compa-

991 2089 1054 2120 rari
1083 2089 1123 2120 ad
1151 2088 1308 2127 Spiritum
1338 2092 1483 2120 sanctum
1516 2089 1549 2119 in
1583 2089 1769 2121 habitudine

992 2142 1173 2181 filiationis,
1197 2143 1262 2174 imo
1284 2143 1391 2183 potius
1417 2143 1449 2174 in
1473 2143 1658 2175 habitudine
1681 2144 1770 2184 prin-

992 2195 1065 2236 cipii
1082 2206 1089 2226 :
1106 2205 1186 2236 ergo
1201 2196 1349 2227 similiter
1364 2196 1478 2228 salsum
1500 2200 1547 2228 est
1567 2197 1669 2228 dicere
1684 2197 1768 2238 quod

992 2250 1134 2281 Christus
1145 2250 1184 2281 sit
1197 2251 1281 2282 sslius
1296 2251 1434 2291 Spiritus
1446 2252 1557 2282 sancti.

1035 2303 1123 2342 Item,
1141 2304 1166 2334 si
1182 2304 1324 2335 Christus
1337 2307 1383 2335 est
1398 2305 1483 2336 [llius
1498 2305 1634 2345 Spiritus
1651 2305 1747 2336 sam-ti
1759 2329 1768 2345 ,

992 2367 1072 2398 ergo
1093 2358 1230 2399 Spiritus
1254 2362 1382 2390 sanctus
1409 2362 1456 2390 est
1476 2362 1566 2400 pater
1590 2359 1715 2397 Christi,
1739 2361 1771 2390 et

994 2411 1076 2443 Deus
1095 2410 1187 2444 Pater
1210 2415 1257 2444 est
1278 2416 1367 2454 pater
1383 2413 1496 2446 Christi
1515 2424 1521 2445 :
1539 2422 1617 2453 ergo
1632 2413 1697 2443 duo
1712 2421 1768 2453 pa-

993 2468 1056 2497 tres
1071 2465 1105 2497 in
1118 2465 1282 2498 Trinitate.

995 2566 1078 2597 ltom„
1088 2566 1118 2591 ΙΙΙ
1134 2568 1214 2595 Sene..
1231 2567 1292 2591 dist.
1310 2572 1349 2598 w,
1365 2574 1390 2598 q.
1409 2572 1442 2596 u;
1459 2565 1616 2595 uicum-aus,
1635 2566 1666 2589 ΙΙΙ
1683 2566 1767 2596 Sem„

994 2601 1052 2625 dist.
1066 2607 1105 2634 iv,
1121 2610 1146 2635 q.
1163 2609 1196 2634 115
1210 2603 1301 2628 Tuom.
1317 2604 1432 2634 Argeia„
1450 2603 1479 2627 ιΙι
1495 2604 1574 2630 sene„
1589 2601 1647 2626 dist.
1659 2606 1696 2633 iv.
1711 2608 1735 2634 q.
1751 2607 1769 2634 ι,

994 2640 1041 2662 nrt.
1059 2639 1082 2664 6.
1094 2639 1145 2656 —’
1155 2639 1282 2670 Dumnsc„
1293 2638 1323 2662 tle
1337 2638 1399 2662 Fide
1409 2638 1492 2668 Orth„
1502 2637 1544 2661 lib.
1557 2637 1600 2668 tlt,
1615 2643 1637 2662 c.
1651 2638 1675 2662 2.

1782 1779 1888 1801 Fundam.
