2017 2960
863 159 1053 190 DlSTlNCT.
1074 159 1153 190 xlx.

207 228 383 267 veritatem,
399 227 423 258 si
438 226 636 266 intelligatur
648 227 732 267 quod
752 227 830 258 illud
844 227 978 257 retineat

208 282 364 313 rationem
395 281 560 321 injustitiae
583 283 653 322 post
678 280 866 312 meritorum
882 281 980 311 inter-

212 335 391 367 ventionem
409 345 416 365 :
433 334 477 365 sic
498 336 605 366 autem
622 344 687 366 non
702 336 748 365 est
761 334 824 371 hic,
839 334 920 365 sicut
933 335 980 366 vi-

208 397 279 418 sum
296 389 352 418 est.

248 440 277 469 5.
299 438 348 469 Ad
370 438 448 469 illud
468 440 553 480 quod
568 440 726 480 obiicitur,
742 440 826 481 quod
848 439 984 471 charitas

208 495 349 524 meretur
361 493 498 533 gloriam
522 496 677 526 aeternam
694 504 734 526 ex
749 495 918 534 condigno,
936 494 983 524 di-

208 546 345 578 cendum
362 548 447 587 quod
462 551 532 588 post
546 549 671 589 lapsum
693 548 834 580 hominis
849 548 985 579 charitas

208 608 273 631 non
285 603 425 632 meretur
438 602 499 632 nisi
516 603 712 643 praeambulo
726 604 816 634 motu
831 602 905 633 fidei
923 610 930 631 :
943 602 983 632 fi-

209 653 263 685 des
277 658 384 685 autem
400 656 545 687 absoluta
559 666 623 687 non
637 656 764 695 sufficit,
781 656 841 687 nisi
854 657 893 687 sit
908 655 985 686 fides

210 707 364 739 Creatoris
389 711 420 740 et
442 709 631 748 Mediatoris‚
650 710 717 741 sine
741 719 805 750 qua
818 719 912 741 nemo
927 719 983 750 po-

210 764 269 792 test
288 762 457 802 justificari
476 774 483 793 :
511 763 581 794 ideo
596 764 734 794 efficacia
751 765 856 794 omnis
881 764 985 794 meriti

209 814 342 846 fundata
354 818 399 846 est
414 825 510 856 super
524 817 638 848 merita
653 816 778 848 Christi.
796 817 833 848 Et
844 819 986 857 propter-

209 877 247 899 ea
277 877 342 900 non
371 870 530 909 sequitur,
557 871 642 911 quod
664 870 800 902 charitas
827 873 987 902 mereatur

210 921 360 961 gloriam,
378 923 626 964 circumscriptis
653 924 776 955 meritis
788 925 916 962 Christi,
935 924 985 956 vel

210 974 389 1007 introducat
404 977 436 1007 in
462 977 582 1017 ipsam;
600 986 657 1018 pro
682 987 719 1008 eo
734 977 817 1017 quod
836 978 985 1009 meritum

211 1029 372 1060 charitatis
384 1032 501 1062 nostrae
520 1040 584 1062 non
599 1031 738 1063 excludit
761 1032 874 1063 Christi
890 1033 986 1063 meri-

212 1085 294 1122 tum,
309 1084 472 1124 sedpotius
486 1085 633 1116 includit.

1753 167 1808 196 4οι

1080 230 1109 257 6.
1137 227 1185 258 Ad
1214 227 1289 258 illud
1313 228 1398 267 quod
1425 228 1598 268 objicitur,
1628 231 1709 270 quod
1736 231 1814 263 fides

1039 280 1153 311 Christi
1169 283 1241 312 ante
1253 282 1431 321 passionem
1457 282 1676 314 introducebat
1695 284 1727 314 in
1743 294 1814 324 gra-

1039 334 1126 372 tiam,
1145 345 1224 374 ergo
1248 336 1317 375 pari
1345 336 1468 367 ratione
1491 339 1521 368 et
1545 337 1578 367 in
1606 337 1754 376 gloriam,
1771 338 1816 368 di-

1039 388 1175 418 cendum
1205 390 1291 428 quod
1321 400 1386 420 non
1407 393 1453 421 est
1484 390 1596 429 simile,
1616 391 1691 431 quia
1717 393 1816 422 status

1040 443 1153 480 gratiae
1163 443 1242 473 bene
1258 444 1450 483 compatitur
1462 454 1570 475 secum
1586 445 1816 484 obligationem

1040 495 1079 525 ad
1108 505 1255 535 pomam:
1287 506 1351 528 non
1368 498 1412 528 sic
1434 501 1541 529 autem
1568 501 1667 529 status
1692 499 1815 537 gloriae,

1040 549 1095 588 qui
1109 550 1251 580 excludit
1266 560 1395 581 omnem
1420 552 1691 592 imperfectionem
1714 562 1818 593 poenae

1040 604 1069 632 et
1086 603 1200 642 culpae.
1213 603 1297 642 Ideo,
1309 604 1457 643 quamvis
1471 605 1622 636 Dominus
1637 606 1724 637 daret
1739 615 1818 645 gra-

1041 656 1117 686 tiam
1146 660 1273 696 propter
1297 658 1540 689 satisfactionem
1563 660 1654 689 nobis
1680 660 1818 699 promis-

1041 719 1120 748 sam,
1144 713 1334 742 nontamen
1362 711 1471 742 debuit
1485 712 1560 743 dare
1580 713 1728 752 gloriam,
1758 713 1820 744 nisi

1041 764 1253 796 satisfactione
1269 765 1372 796 soluta
1389 776 1395 797 :
1413 768 1443 796 et
1458 766 1527 797 ideo
1544 776 1608 797 non
1623 767 1751 806 patebat
1770 768 1820 797 in-

1044 826 1175 856 gressus
1191 819 1225 849 in
1246 828 1398 857 regnum,
1425 820 1488 850 nisi
1510 821 1599 859 prius
1615 820 1822 852 interveniret

1043 872 1146 912 passio
1162 872 1286 911 Christi,
1304 883 1360 913 per
1375 883 1472 914 quam
1489 875 1667 906 solveretur
1681 875 1821 915 pretium

1043 926 1299 965 satisfactorium,
1315 930 1345 958 et
1360 937 1418 959 nos
1445 938 1509 959 non
1535 930 1660 959 tantum
1675 928 1822 960 liberare-

1044 989 1117 1010 mur
1146 990 1164 1011 a
1188 981 1292 1021 culpa,
1316 982 1369 1012 sed
1405 982 1500 1012 etiam
1528 982 1768 1013 absolveremur
1804 992 1822 1012 a

1044 1036 1145 1065 reatu.
1164 1034 1239 1065 Haec
1265 1038 1372 1066 autem
1404 1035 1486 1066 infra
1499 1036 1614 1067 melius
1644 1037 1823 1068 manifesta>

1044 1088 1178 1119 buntur.

739 1203 1153 1249 DISTINCTIO
1208 1205 1331 1249 XIX

291 1330 329 1351 DE
343 1329 552 1352 REDEMPTIONE
567 1329 683 1352 NOSTRA
699 1331 754 1352 PER
768 1330 937 1352 PASSIONEM
951 1331 1067 1353 CHRJST!
1081 1331 1226 1357 QUANTUM
1242 1332 1281 1353 AD
1296 1332 1478 1354 EFFICACIAM
1493 1333 1530 1355 ET
1545 1333 1740 1356 UTILITATEM.

260 1416 356 1449 Nunc
370 1428 447 1460 ergo
465 1428 653 1461 quaeramus
668 1418 833 1461 quomodo
849 1429 906 1463 per
922 1422 1059 1452 mortem
1075 1419 1178 1463 ipsius
1202 1431 1220 1452 a
1235 1419 1379 1462 diabolo,
1407 1424 1438 1453 et
1453 1432 1471 1454 a
1487 1426 1630 1465 peccato,
1647 1425 1678 1454 et
1692 1433 1711 1454 a
1726 1433 1822 1466 poena

215 1474 375 1519 redempti
390 1486 516 1508 sumus.
534 1476 563 1508 A
578 1475 708 1508 diabolo
730 1487 807 1518 ergo
831 1480 863 1508 et
886 1488 904 1508 a
921 1481 1048 1520 peccato
1064 1488 1121 1520 per
1143 1476 1262 1510 Christi
1288 1482 1424 1511 mortem
1440 1478 1569 1512 liberati
1583 1491 1710 1521 sumus,
1727 1480 1818 1524 quia,
1836 1513 1877 1533 Hic
1900 1522 1910 1534 u

216 1536 253 1565 ut
267 1532 313 1566 ait
327 1533 504 1578 Apostolus
521 1536 541 1573 ¹,
562 1534 597 1566 in
613 1534 776 1578 sanquine
791 1534 895 1578 ipsius
904 1535 1090 1579 justificati
1105 1546 1219 1568 sumus
1229 1547 1243 1575 ,·
1257 1540 1288 1568 et
1302 1535 1337 1568 in
1352 1547 1389 1569 eo
1405 1537 1493 1581 quod
1508 1549 1623 1570 sumus
1634 1537 1817 1582 justificati,
1835 1520 1943 1572 murel-iffi-

1849 1576 1898 1597 litei·
1918 1585 1930 1598 a

217 1591 251 1624 id
264 1595 323 1634 est,
340 1603 358 1624 a
372 1592 510 1636 peccatis
525 1592 636 1634 soluti,
654 1604 673 1625 a
687 1592 817 1625 diabolo
843 1604 957 1626 sumus
976 1593 1117 1635 liberati,
1144 1594 1203 1638 qui
1226 1605 1285 1626 nos
1299 1593 1441 1627 vinculis
1456 1599 1661 1639 peccatorum
1677 1596 1816 1630 tenebat.
1845 1606 1930 1629 ‹fiahoio

216 1648 280 1683 Sed
295 1650 460 1695 quomodo
477 1662 496 1683 a
510 1651 646 1695 peccatis
669 1662 727 1695 per
748 1651 818 1695 ejus
841 1655 980 1684 mortem
1001 1651 1100 1685 soluti
1126 1654 1265 1684 sumus?
1289 1651 1375 1691 Quia
1397 1664 1456 1697 per
1469 1653 1540 1697 ejus
1555 1657 1706 1696 mortem,
1723 1658 1761 1687 ut
1775 1654 1820 1687 ait
1835 1640 1882 1691 {ing
1894 1646 1943 1693 ¹³33}

215 1708 393 1753 Apostolus
410 1710 432 1751 ²,
450 1708 697 1742 commendatur
711 1709 803 1742 nobis
820 1709 968 1742 charitas
990 1710 1062 1751 Dei,
1080 1709 1113 1742 id
1125 1714 1183 1751 est,
1205 1714 1339 1754 apparet
1363 1710 1484 1743 eximia
1506 1716 1537 1743 et
1551 1712 1820 1745 commendabilis
1836 1702 1943 1760 ζξζίῗζζζῑ

215 1765 355 1800 charitas
382 1767 442 1800 Dei
471 1779 548 1811 erga
574 1779 633 1801 nos
660 1767 695 1800 in
723 1767 796 1810 hoc,
837 1768 926 1812 quod
962 1767 1086 1800 Filium
1119 1780 1218 1800 suum
1246 1767 1381 1801 tradidit
1408 1768 1443 1802 in
1472 1773 1611 1802 mortem
1640 1781 1699 1815 pro
1727 1766 1886 1803 nobistem.

216 1826 450 1871 peccatoribus.
481 1826 637 1859 Exhibita
665 1831 775 1859 autem
799 1830 896 1859 tantae
932 1837 1009 1870 erga
1047 1838 1106 1859 nos
1143 1826 1329 1859 dilectionis
1360 1826 1470 1870 arrha,
1503 1831 1535 1860 et
1563 1839 1623 1861 nos
1651 1840 1824 1862 movemur

217 1885 490 1930 accendimurque
506 1885 545 1917 ad
560 1884 767 1928 diligendum
783 1885 902 1927 Deum,
919 1885 978 1930 qui
992 1896 1051 1929 pro
1067 1885 1162 1918 nobis
1176 1888 1266 1917 tauta
1281 1885 1369 1928 fecit,
1393 1889 1424 1918 et
1438 1897 1496 1930 per
1514 1885 1575 1919 hoc
1586 1886 1821 1930 justificamur,

218 1943 252 1977 id
266 1943 424 1976 estsoluti
439 1955 458 1976 a
481 1943 630 1988 peccatis,
657 1942 739 1987 justi
759 1943 935 1976 efficimur.
959 1943 1048 1976 Mors
1069 1954 1147 1987 ergo
1171 1943 1291 1976 Christi
1316 1955 1375 1976 nos
1393 1943 1562 1988 justificat,
1584 1944 1665 1978 dum
1681 1957 1738 1990 per
1752 1957 1824 1979 eam

218 2001 358 2035 charitas
381 2001 539 2035 excitatur
562 2001 597 2034 in
620 2001 773 2035 cordibus
797 2001 928 2034 nostris.
956 2001 1104 2034 Dicimur
1129 2013 1262 2046 quoque
1287 2005 1319 2034 et
1341 2001 1436 2035 aliter
1459 2013 1517 2046 per
1544 2007 1683 2036 mortem
1704 2003 1824 2037 Christi

216 2060 402 2104 justificari,
420 2060 499 2105 quia
513 2071 570 2105 per
584 2060 684 2093 fidem
700 2060 814 2093 mortis
829 2059 900 2104 ejus
917 2071 936 2092 a
949 2060 1088 2104 peccatis
1104 2060 1320 2093 mundamur.
1338 2059 1433 2093 Unde
1448 2060 1643 2105 Apostolus³
1662 2074 1669 2094 :
1685 2063 1824 2097 εῙιιειίἰιά

219 2119 281 2152 Dei
293 2125 340 2152 est
350 2130 410 2164 per
422 2117 525 2163 fidem
543 2120 619 2151 „lesu
637 2118 773 2152 Christi.
791 2118 830 2150 Et
845 2117 966 2151 iterum
982 2118 1005 2151 ⁴:
1027 2120 1130 2159 Quem
1146 2119 1233 2151 Deus
1250 2118 1422 2163 proposuit
1429 2119 1687 2165 propitiatorem
1705 2121 1749 2165 (a)
1761 2133 1825 2166 per

220 2177 320 2214 fidem
335 2177 371 2210 in
386 2177 547 2222 sanquine
561 2177 673 2222 ipsi-us,
692 2176 724 2210 id
748 2181 794 2210 cst
810 2188 867 2221 per
882 2176 982 2210 fidem
998 2177 1166 2222 passionis,
1198 2181 1233 2210 ut
1255 2177 1335 2210 olim
1350 2182 1360 2198 ⁵
1382 2177 1573 2222 aspicientes
1586 2179 1621 2212 in
1640 2184 1823 2224 serpentem

220 2247 348 2269 aeneum
375 2236 410 2268 in
432 2236 524 2279 ligno
551 2240 696 2268 ereetum
714 2261 722 2277 ,
754 2247 773 2268 a
806 2235 969 2268 morsibus
994 2240 1184 2280 serpentum
1218 2235 1432 2269 sanabantur.
1465 2235 1501 2269 Si
1525 2248 1602 2280 ergo
1631 2241 1723 2271 rectae
1747 2238 1825 2271 fidei

219 2294 340 2328 intuitu
372 2294 407 2327 in
438 2294 536 2327 illum
564 2293 769 2339 inspicimus,
800 2294 858 2338 qui
883 2305 942 2338 pro
979 2294 1074 2327 nobis
1110 2294 1264 2339 pependit
1292 2294 1326 2327 in
1355 2294 1458 2338 ligno,
1487 2306 1506 2328 a
1534 2295 1675 2329 vinculis
1702 2295 1825 2330 diaboii

221 2352 393 2395 solvimur,
409 2352 443 2385 id
458 2357 505 2385 est
519 2364 538 2385 a
553 2352 701 2397 peccatis,
718 2356 749 2385 et
763 2352 808 2385 ita
823 2363 842 2385 a
865 2352 996 2385 diabolo
1020 2353 1214 2396 liberamur,
1241 2359 1279 2386 ut
1300 2365 1359 2386 nec
1379 2357 1451 2398 post
1465 2353 1549 2387 hanc
1564 2355 1665 2388 vitam
1680 2354 1714 2387 in
1730 2354 1824 2388 nobis

222 2408 368 2444 inveniat
381 2410 470 2455 quod
486 2410 613 2455 puniat.
630 2410 735 2443 Morte
750 2410 872 2456 quippe
888 2422 960 2453 sua,
986 2422 1053 2444 uno
1075 2411 1245 2445 verissimo
1269 2411 1442 2454 sacrificio,
1460 2412 1626 2457 quidquid
1649 2413 1823 2458 culparum

222 2470 302 2510 erat,
318 2469 475 2502 undenos
489 2469 640 2504 diabolus
654 2469 695 2502 ad
715 2469 837 2502 luenda
857 2469 1018 2515 supplicia
1040 2469 1221 2512 detinebat,
1243 2470 1393 2503 Christus
1411 2470 1562 2513 extinxit,
1580 2471 1666 2504 utin
1680 2470 1742 2504 hac
1756 2471 1824 2506 vita

223 2526 377 2560 tentando
391 2527 484 2561 nobis
496 2539 564 2562 non
577 2527 764 2573 praevaleat.
783 2527 873 2561 Licet
888 2528 976 2561 enim
997 2539 1057 2561 nos
1079 2532 1180 2561 tentet
1202 2532 1273 2572 post
1287 2528 1408 2562 Christi
1423 2532 1559 2562 mortem
1577 2528 1701 2573 quibus
1716 2530 1822 2564 modis

257 2598 355 2629 1ιῐονη.,
370 2604 397 2628 v,
413 2600 437 2624 9.
451 2612 477 2617 -
492 2600 502 2616 ²
517 2600 592 2631 ibat,
605 2602 629 2625 8.
640 2614 671 2618 -
684 2600 694 2616 ³
708 2600 782 2631 mid„
799 2606 838 2631 ιιι,
854 2600 1034 2630 22.—·1b1‘cl.,
1048 2602 1087 2623 25.
1101 2613 1130 2618 -
1141 2600 1150 2616 ⁶
1164 2600 1250 2630 Num„
1267 2606 1328 2630 xxi,
1343 2601 1366 2623 9.

256 2644 286 2674 (a)
303 2642 389 2674 Vulg„
401 2644 613 2674 propitiationem.

361 2696 435 2720 rou.
460 2698 505 2720 iv.
1631 2692 1669 2722 *26
