2017 2960
589 184 685 214 Dts't'.
711 183 762 214 lll.
788 182 902 214 PART.
929 182 965 213 ll.
992 182 1080 214 ΛΒΤ.
1107 182 1143 213 ll.
1168 182 1319 220 QvAEs'T.
1347 183 1384 213 ll.
1757 185 1795 213 83

186 253 322 283 sormam
337 251 513 282 secundum
524 260 621 291 quam
636 251 752 281 animae
764 251 876 281 Christi
890 260 963 280 von-

181 307 294 346 juncta
307 307 369 343 est,
386 307 416 335 et
438 314 456 335 a
475 304 578 335 Verbo
594 305 626 336 in
645 305 798 336 unitatem
819 312 961 344 persona}

185 361 358 399 assumpta.
375 358 406 389 Si
424 358 595 398 loquamur
615 358 653 389 de
675 368 769 389 carne
784 358 897 388 Christi
913 368 961 387 se-

186 411 329 442 cundum
346 412 524 449 materiam,
542 412 600 442 hoc
615 414 658 442 est
675 412 712 441 de
728 422 765 441 eo
781 412 865 441 unde
885 412 963 441 sacta

185 467 231 496 est
244 474 316 496 caro
331 466 457 504 Christi,
476 467 518 496 sir
536 466 719 496 conceditur
735 466 819 505 quod
839 469 964 505 pem-ato

185 519 281 550 suerit
314 520 452 551 obnoxia
474 530 481 551 ι
511 520 586 560 quia
618 522 690 550 ante
724 519 963 558 ‹·onceptioiwin

186 575 299 607 Christi
316 578 380 607 tota
400 586 503 608 massa
518 576 652 607 humani
673 575 800 615 generis
815 577 964 615 corrupta

186 631 268 666 erat,
289 630 371 660 sieut
390 631 422 661 in
445 629 634 670 praecedenti
657 628 851 669 problemate
868 638 963 658 inon-

185 685 319 714 stratuin
346 686 402 714 est.
426 683 458 714 Si
483 686 590 714 auu-m
613 682 786 722 loquamur
809 682 847 713 de
868 691 963 712 carne

186 736 300 767 Christi
318 736 494 767 secundum
511 737 660 773 sormam,
677 736 721 766 sic
735 736 906 766 dicendum
919 737 965 765 cst

185 789 285 830 ipsam
297 799 425 820 carnem
438 799 605 829 nunqnam
621 791 749 829 peccato
762 790 857 820 fuisse
867 789 964 819 ohno-

185 843 288 880 xiain‚
305 843 380 883 qnia
400 852 568 883 nunquam
584 843 695 874 habuit
711 843 797 873 illam
814 843 962 880 sormam,

185 897 263 938 quin
280 900 360 928 esset
374 897 495 928 munda
505 900 535 927 et
550 897 765 928 immaculata.
779 896 964 927 Secundum

185 953 293 982 autem
308 951 392 991 qnod
408 960 481 982 caro
495 951 612 981 dicitur
627 950 808 990 dupliciter,
825 951 869 981 sic
883 953 915 981 et
927 951 964 980 de,

186 1005 416 1045 propagatione
431 1004 598 1044 dupliciter
610 1004 765 1043 contingit
780 1003 866 1044 loqui
885 1015 891 1034 ;
909 1006 965 1034 aut

186 1058 308 1089 ratione
328 1057 516 1095 materialis,
535 1059 591 1087 aut
611 1057 733 1088 ratione
755 1057 906 1088 formalis.
933 1056 964 1088 Si

186 1111 308 1142 ratione
338 1111 509 1142 materialis
524 1135 531 1146 ,
560 1110 604 1140 sic
634 1113 809 1150 propagata
838 1110 898 1140 fuit
925 1110 965 1141 ab

186 1164 287 1195 Adam
301 1174 402 1204 usque
417 1164 455 1194 ad
471 1163 637 1203 Virginem
654 1163 687 1193 in
699 1166 763 1194 tota
778 1163 830 1193 illa
843 1172 965 1203 genea-

187 1217 284 1256 logia,
302 1219 332 1248 et
350 1219 414 1248 tota
433 1217 485 1247 illa
501 1217 688 1257 propagatio
708 1217 768 1247 suit
786 1217 964 1248 secuudum

187 1271 291 1310 legem
308 1273 433 1302 naturae
449 1273 481 1302 et
501 1270 778 1311 concupiscentiae.
801 1270 833 1301 Si
859 1280 964 1311 quan-

185 1326 256 1356 tum
272 1325 311 1355 ad
328 1333 394 1356 esse
410 1324 532 1356 actuale
547 1327 578 1355 ct
593 1324 735 1361 formale,
756 1324 800 1354 sic.
815 1327 966 1365 concepta

185 1378 245 1410 suit
259 1389 278 1410 a
293 1377 424 1418 Virgine
439 1381 555 1419 praeter
572 1387 703 1409 omnem
719 1378 824 1417 legem
840 1381 965 1410 natnrae

185 1435 217 1464 et
240 1433 516 1474 concupiscentiae.
543 1432 580 1464 Et
600 1433 645 1463 sic
671 1435 756 1473 patet
780 1433 866 1474 quod
897 1442 965 1464 uno

186 1487 281 1519 modo
296 1487 420 1519 dicendi
434 1487 563 1519 concedi
579 1489 683 1527 potest
695 1487 781 1528 quod
791 1496 865 1519 caro
880 1488 967 1518 Chri-

185 1541 237 1580 sti,
254 1542 459 1572 materialiter
473 1541 644 1581 loquendo,
660 1541 706 1571 sic
722 1541 783 1571 suit
798 1541 830 1572 in
847 1541 966 1572 lumbis

186 1597 357 1635 parentum
378 1595 556 1626 secundum
582 1595 859 1635 propagationem,
885 1595 966 1625 sicut

187 1657 260 1680 caro
279 1649 416 1680 aliorum
431 1649 615 1680 hominum.
633 1649 693 1680 Sed
709 1649 864 1688 quoniam
879 1658 964 1685 caro,

185 1704 344 1743 quantum
365 1704 412 1733 est
433 1702 471 1733 de
491 1702 614 1733 ratione
639 1702 688 1733 sui
715 1702 873 1740 nominis,
900 1711 965 1733 non

185 1756 330 1787 nominat
345 1756 512 1787 materiam
529 1756 631 1796 ipsam
645 1758 784 1792 tantum,
799 1755 853 1786 sed
868 1757 966 1786 mate-

185 1810 268 1841 riam
282 1810 342 1841 sul)
359 1810 412 1841 tali
426 1810 540 1848 forma,
557 1812 588 1841 et
603 1810 662 1840 hoc
676 1811 779 1840 totum
792 1809 878 1849 quod
892 1809 966 1840 dici-

185 1866 238 1895 tur
250 1863 439 1904 propagatio
450 1866 481 1895 et
493 1863 544 1894 lex
557 1863 808 1904 propagationis,
821 1862 965 1894 additum

185 1917 214 1949 ei
224 1918 309 1959 quod
322 1921 368 1949 est
382 1927 455 1949 caro
467 1917 594 1954 Christi,
606 1917 735 1957 respicit
749 1918 819 1956 ejus
829 1917 966 1948 eductio-

186 1980 260 2003 nem
275 1971 453 2003 secundum
473 1980 541 2003 esse
557 1970 697 2009 actuale;
716 1970 792 2001 bine
806 1973 864 2009 est,
881 1971 964 2011 quod

186 2025 256 2057 haec
266 2028 313 2057 est
323 2026 498 2066 impropria
510 2037 517 2057 2
527 2037 541 2055 α
555 2026 634 2056 Caro
645 2025 759 2057 Christi
770 2025 829 2056 fuit
841 2028 966 2065 peccato

187 2081 345 2119 obnoxia;
368 2093 381 2110 n
406 2083 437 2112 et
458 2081 550 2112 haec:
576 2092 590 2109 α
607 2081 686 2111 Caro
708 2080 821 2110 Christi
845 2080 905 2110 fuit
926 2089 966 2111 ex

187 2135 372 2176 parentibus
393 2134 588 2166 seminaliter
609 2134 768 2171 traducta,
787 2145 801 2160 n
823 2136 852 2164 et
874 2133 963 2164 haec:

192 2201 205 2218 a
221 2189 299 2221 Caro
314 2189 428 2220 Christi
443 2189 476 2219 in
491 2188 676 2229 parentibus
690 2188 749 2219 suit
761 2187 917 2218 decimata
929 2199 934 2218 :
948 2199 962 2216 ι)

187 2252 245 2284 pro
257 2252 294 2274 eo
308 2243 394 2284 quod
409 2243 441 2274 in
456 2243 608 2274 omnibus
619 2267 628 2280 ‚
645 2244 804 2282 quantum
820 2244 866 2272 est
882 2241 919 2271 de
935 2241 965 2272 vi

187 2297 361 2335 sermonis,
378 2296 587 2337 praedicatum
603 2305 668 2326 non
685 2295 872 2326 attribuitur
887 2295 967 2325 sub-

183 2351 270 2391 jecto
289 2351 411 2382 ratione
435 2349 574 2381 materian
598 2351 740 2387 tantum,
767 2349 820 2379 sed
845 2349 966 2379 ratione

188 2404 330 2435 materiae
350 2404 410 2435 sub
429 2403 485 2434 tali
504 2403 617 2434 forma.
636 2402 714 2434 Caro
733 2403 820 2433 enim
839 2405 884 2433 cst
904 2405 967 2433 ter-

188 2457 296 2489 minus
314 2457 550 2488 substantialis:
572 2458 603 2487 et
620 2456 690 2487 ideo
713 2456 862 2496 quamvis
887 2465 966 2496 sup-

189 2513 286 2552 ponat
302 2511 400 2543 verbo
416 2510 454 2542 de
471 2510 646 2551 praeterito‚
667 2512 791 2550 oportet
805 2511 912 2540 tamen
927 2509 966 2540 ad

189 2565 273 2597 idem
289 2568 417 2607 tempus
431 2565 542 2597 referri
564 2565 700 2596 sormam
714 2564 877 2605 praedicati
892 2574 967 2595 cum

190 2620 352 2660 subjecto:
367 2623 398 2652 et
408 2620 478 2652 ideo
489 2629 601 2652 omnes
615 2619 775 2660 praedictae
790 2619 967 2651 locutiones

191 2677 345 2714 tanquam
359 2675 444 2706 falsae
461 2677 492 2706 et
506 2674 689 2715 impropriae
705 2676 780 2705 sunt
795 2673 964 2714 negandae,

1019 250 1078 280 nisi
1092 251 1294 290 proferantur
1304 259 1378 280 cum
1389 249 1667 288 determinatione,
1679 250 1795 281 scilicet

1019 304 1141 334 ratione
1155 303 1325 334 materialis
1339 303 1496 343 principii.
1513 303 1544 334 Si
1559 305 1665 333 autem
1679 303 1794 334 alis-uhi

1019 357 1162 388 absolute
1179 358 1391 397 proferantur,
1403 359 1479 388 sunt
1493 357 1704 397 exponendae.
1719 356 1797 387 Nota

1020 413 1126 442 tamen
1158 412 1243 451 qnod
1271 412 1339 442 haer
1363 413 1410 442 cst
1438 411 1612 452 impropria
1635 422 1641 442 :
1673 423 1686 440 α
1720 411 1798 442 Caro

1020 466 1132 496 Christi
1151 466 1208 496 t'uit
1220 468 1345 506 pem-ato
1355 466 1511 503 obnoxia,
1522 478 1535 493 »
1551 465 1604 496 sed
1617 465 1685 496 liaec
1694 465 1799 504 magis

1020 519 1194 558 impropria
1204 530 1210 549 z
1224 520 1322 549 «Caro
1333 519 1446 550 Christi
1456 520 1515 550 suit
1526 519 1720 550 seminaliter
1738 521 1798 549 tra-

1019 572 1129 603 ducta:
1146 586 1158 600 n
1178 573 1247 603 haze
1262 576 1370 604 autern
1387 574 1490 613 magis
1506 573 1682 614 impropria
1695 573 1801 604 adhue

1020 628 1050 656 et
1072 625 1168 656 falsa:
1196 627 1303 657 «Caro
1324 626 1437 657 Christi
1454 627 1514 657 fuit
1528 627 1699 664 decimata,
1713 639 1727 655 ι)
1748 636 1800 658 se-

1020 680 1163 711 cundum
1178 681 1263 721 quod
1289 681 1392 720 magis
1409 683 1439 711 et
1459 681 1564 720 magis
1587 681 1618 711 in
1642 680 1802 720 praedictis

1019 733 1237 765 locutionibus
1260 744 1335 765 caro
1355 735 1509 775 accipitur
1533 735 1654 766 ratione
1676 735 1799 766 sormae.

1021 788 1264 819 Concedendum
1284 790 1331 819 est
1346 797 1424 828 ergo
1440 788 1525 829 quod
1541 788 1633 819 aliter
1647 788 1707 819 fuit
1729 798 1802 820 caro

1021 842 1134 872 Christi
1163 843 1341 873 secundum
1375 842 1614 883 propagationis
1641 843 1745 882 legem
1770 843 1801 874 in

1022 895 1223 935 parentibus,
1239 905 1337 936 quain
1360 896 1496 927 aliorum
1516 896 1698 927 hominum.
1722 896 1802 928 Nam

1021 959 1094 980 caro
1107 950 1245 981 aliorum
1262 951 1435 982 hominum
1450 953 1558 982 ortum
1578 951 1692 982 habuit
1711 960 1730 982 a
1746 961 1802 991 pa-

1022 1004 1166 1035 rentibus
1180 1004 1357 1035 secundum
1377 1004 1564 1035 seminalem
1580 1005 1737 1036 rationem
1748 1029 1756 1043 ,
1772 1007 1802 1036 et

1022 1058 1197 1089 secundum
1218 1058 1324 1098 legem
1346 1058 1631 1098 concupiscentiae:
1652 1059 1729 1090 illud
1743 1068 1804 1090 au-

1023 1114 1085 1142 tem
1108 1112 1225 1142 dicitur
1251 1112 1421 1152 procedere
1441 1113 1620 1143 secundum
1646 1113 1803 1144 rationem

1022 1165 1222 1203 seminalem,
1238 1165 1323 1205 quod
1339 1166 1470 1206 quidem
1486 1167 1554 1197 exit
1564 1166 1597 1197 in
1611 1176 1679 1198 esse
1693 1176 1804 1198 secun—

1022 1217 1100 1248 dum
1119 1218 1275 1250 virtutem
1288 1221 1319 1250 et
1333 1219 1551 1259 operationem
1566 1222 1704 1257 naturae,
1723 1221 1806 1252 sicut

1022 1275 1098 1303 sunt
1115 1272 1179 1312 illa,
1192 1273 1224 1303 in
1240 1282 1380 1313 quorum
1395 1273 1604 1314 productione
1615 1277 1730 1306 natura
1739 1284 1806 1306 non

1022 1325 1128 1357 solum
1152 1336 1184 1358 se
1210 1327 1307 1358 habet
1330 1336 1387 1367 per
1411 1328 1543 1359 modum
1573 1328 1750 1360 obedientis
1775 1331 1807 1360 et

1022 1380 1234 1421 suscipientis,
1255 1381 1322 1412 imo
1338 1382 1434 1412 etiam
1456 1391 1513 1422 per
1532 1381 1665 1413 modum
1681 1384 1806 1413 naturae

1022 1435 1161 1474 agentis,
1185 1437 1217 1466 et
1239 1435 1343 1466 dantis
1367 1435 1505 1476 speciem
1526 1435 1594 1467 sive
1617 1436 1806 1476 completio-

1023 1496 1097 1518 nem
1111 1498 1117 1519 :
1135 1490 1166 1519 et
1183 1488 1244 1519 hoc
1260 1489 1413 1529 importat
1427 1489 1498 1527 hoc,
1514 1489 1600 1530 quod
1615 1489 1684 1521 dico
1705 1491 1806 1522 semi-

1021 1541 1109 1573 nalis
1132 1542 1231 1580 ratio,
1250 1543 1377 1583 proprie
1398 1543 1575 1583 loquendo,
1596 1543 1678 1574 sicut
1695 1545 1806 1574 osten-

1022 1603 1096 1624 sum
1107 1595 1166 1625 suit
1179 1595 1213 1626 in
1225 1596 1366 1627 seeundo
1374 1596 1468 1635 libro,
1482 1596 1632 1636 quamvis
1639 1597 1806 1636 contingat

1023 1649 1195 1680 extensiori
1209 1650 1304 1681 modo
1315 1650 1361 1681 uti
1372 1650 1525 1690 praedicto
1539 1650 1706 1682 vocabulo.
1723 1650 1805 1682 lllud

1022 1704 1130 1733 autem
1146 1703 1338 1743 intelligItur
1358 1704 1482 1734 traduci
1505 1704 1683 1735 secundum
1698 1704 1805 1744 legem

1022 1756 1289 1796 concupiscentiae
1300 1781 1308 1795 ,
1326 1757 1358 1787 in
1380 1758 1475 1796 quus
1490 1758 1710 1797 procreatione
1726 1767 1804 1789 con-

1023 1809 1122 1840 currit
1146 1810 1268 1840 toeditas
1289 1810 1506 1841 delectationis
1525 1811 1631 1842 carnis
1654 1820 1695 1842 ex
1717 1814 1806 1852 parte

1022 1864 1084 1894 viri
1112 1865 1298 1904 generantis
1310 1889 1318 1903 ,
1349 1867 1381 1895 et
1408 1865 1553 1896 mulieris
1584 1865 1803 1906 concipientis.

1022 1917 1181 1949 Neutrum
1196 1920 1305 1949 autem
1317 1918 1434 1949 horum
1450 1918 1483 1949 in
1497 1919 1704 1959 generatione
1718 1920 1806 1951 Chri-

1023 1971 1138 2003 stituit
1155 1980 1162 2001 :
1183 1981 1259 2002 nam
1279 1972 1442 2012 oonceptio
1462 1973 1532 2012 ejus
1553 1972 1710 2004 mirabilis
1732 1973 1803 2011 fuit,

1023 2027 1053 2056 et
1068 2034 1166 2065 supra
1179 2025 1333 2056 virtutem
1350 2027 1486 2056 naturae.
1503 2025 1573 2057 Non
1589 2026 1650 2057 fuit
1663 2027 1750 2057 enim
1764 2036 1804 2058 ex

1024 2079 1108 2110 virili
1128 2079 1261 2118 semine,
1284 2088 1342 2119 pro
1363 2088 1401 2110 eo
1425 2079 1512 2119 quod
1534 2088 1608 2110 caro
1630 2081 1702 2120 ejus
1725 2089 1805 2111 con-

1024 2135 1114 2173 cepta
1136 2133 1197 2164 fuit
1216 2142 1257 2164 ex
1278 2133 1345 2164 sola
1360 2135 1482 2172 matre·‚
1505 2143 1609 2174 neque
1627 2134 1804 2165 secundum

1023 2186 1130 2227 legem
1149 2187 1415 2227 concupiscentiae
1426 2211 1434 2225 ,
1455 2187 1533 2227 quia
1549 2195 1616 2218 non
1633 2187 1805 2219 intervenit

1023 2242 1187 2273 delectatio
1202 2250 1242 2272 ex
1258 2241 1487 2272 commixtione
1503 2250 1600 2273 sexus
1613 2253 1619 2273 :
1633 2245 1804 2283 conceptus

1024 2296 1112 2327 enirn
1128 2295 1187 2327 suit
1201 2304 1242 2326 ex
1259 2295 1444 2326 castissimis
1460 2294 1604 2337 Virginis
1615 2296 1802 2327 visceribus.

1026 2350 1098 2381 ideo
1112 2349 1322 2381 concedendae
1336 2351 1409 2380 sunt
1422 2349 1572 2388 rationes,
1584 2358 1658 2390 quae
1669 2349 1708 2380 ad
1721 2349 1804 2380 hanc

1025 2406 1148 2445 partem
1165 2403 1378 2434 inducuntur.

1066 2461 1095 2489 1.
1118 2457 1165 2489 Ad
1181 2457 1259 2489 illud
1273 2457 1359 2498 quod
1374 2457 1548 2498 opponitur
1561 2457 1600 2488 de
1615 2457 1804 2489 auctoritate

1026 2511 1190 2552 Magistri,
1221 2510 1393 2541 dicendum
1417 2510 1504 2551 quod
1530 2510 1648 2541 locutio
1673 2510 1734 2541 ista
1757 2512 1805 2542 est

1025 2563 1212 2605 impropria,
1228 2563 1375 2595 videlicet
1388 2563 1473 2604 quod
1485 2566 1612 2604 peccato
1626 2563 1687 2595 fuit
1701 2563 1804 2596 obno—

1026 2618 1098 2649 xia:
1123 2619 1154 2648 et
1168 2617 1228 2648 hoc
1243 2616 1489 2656 intelligendum
1509 2619 1556 2648 est
1575 2617 1802 2649 materialiter:

1025 2674 1057 2703 et
1076 2672 1135 2703 hoc
1149 2671 1300 2711 Magister
1320 2671 1462 2701 insinuat
1483 2679 1558 2702 cum
1572 2670 1668 2702 dicit:
1692 2683 1707 2701 a
1723 2671 1805 2709 Quia
