2017 2960
648 163 838 196 DISTINCT.
862 162 951 194 XXX.
975 162 1066 194 ART.
1089 163 1111 194 Ι.
1136 163 1289 201 QUAEST.
1312 162 1334 193 l.

505 270 572 292 DUB.
589 271 636 291 111.

186 334 303 365 Quisquis
316 339 379 357 vero
394 334 495 364 roganti
510 335 534 357 et
553 334 686 364 paenitenti
700 339 753 356 non
769 332 872 357 (limittit
885 349 890 361 ,
906 339 959 355 non

287 368 414 392 existimet
427 376 442 393 a
456 369 567 393 Domino
583 376 627 392 sua
641 371 744 399 peccata
757 367 857 391 dimitti.

225 443 339 473 Contra
367 452 374 473 :
402 442 534 473 Videtur
566 442 740 473 secundum
766 441 844 478 hoc,
873 440 956 480 quod

185 496 290 527 omnis
304 495 359 535 qui
371 496 476 526 servat
490 504 655 526 rancorem
669 503 746 533 erga
759 493 956 533 proximum,

184 549 269 588 quod
284 550 393 578 contra
406 547 546 587 seipsum
561 549 628 578 oret
646 558 652 577 :
671 547 763 586 quia,
781 555 855 577 cum
878 546 958 577 nolit

184 602 237 632 alii
253 601 420 638 dimittere,
429 602 497 640 Jam
508 600 583 640 petit
599 610 638 631 ex
653 599 859 639 consequenti
873 599 957 639 quod

183 663 242 685 nec
264 654 346 684 Deus
372 654 510 684 dimittat
533 653 602 683 sibi.
630 653 666 683 Et
691 653 747 692 qui
772 653 849 692 petit
873 652 957 691 quod

184 707 266 738 Deus
285 715 351 737 non
371 706 524 743 dimittat,
540 708 648 746 peccat
663 705 838 736 mortaliter
854 716 861 736 ε
878 714 956 744 ergo

182 760 288 791 omnis
305 760 361 800 qui
375 762 422 790 est
438 760 471 789 in
487 768 628 797 rancore,
649 762 679 790 et
694 759 768 790 dicit
780 759 956 789 orationem

181 812 388 849 dominicam,
404 812 530 843 videtur
546 812 720 842 mortaliter
735 820 873 851 peccare.

222 865 313 905 Resp.
335 865 508 896 Dicendum
530 866 615 905 quod
639 865 743 896 omnis
765 865 821 905 qui
840 865 956 895 oratio—

181 927 256 948 nem
270 918 463 949 dominicam
478 927 516 949 ex
533 918 625 948 corde
640 918 731 955 dicit,
748 917 880 948 intendit
900 926 956 957 per

181 980 252 1002 eam
266 971 435 1011 impetrare
451 971 649 1002 collationem
665 971 823 1001 bonorum
834 995 841 1008 ,
860 972 891 1000 et
905 979 956 1001 re—

180 1025 365 1055 missionem
383 1025 541 1055 malorum
558 1034 564 1054 :
583 1026 613 1055 et
633 1025 689 1064 qui
708 1025 767 1055 1100
788 1024 921 1055 intendit
937 1034 956 1054 a

179 1078 312 1110 Domino
333 1079 466 1118 exequi,
484 1080 631 1109 constans
651 1078 796 1117 estquod
813 1080 868 1108 aut
888 1087 955 1118 poe-

178 1132 273 1169 nitet,
302 1134 357 1163 aut
386 1131 536 1171 proponit
562 1131 731 1171 aliquando
765 1131 917 1170 poenitere
946 1141 952 1161 ε

177 1185 250 1216 licet
264 1194 342 1224 ergo
363 1184 477 1224 aliquis
498 1184 607 1215 odium
628 1184 742 1215 habeat
755 1208 762 1220 ,
781 1186 889 1215 tamen
904 1184 954 1215 di-

177 1240 277 1271 cendo
307 1239 482 1270 orationem
509 1239 703 1269 dominicam
729 1248 794 1269 non
820 1239 955 1269 incurrit

177 1293 332 1324 offensam
354 1292 534 1328 mortalem,
557 1292 633 1331 quia
654 1301 718 1323 non
738 1292 875 1323 intendit
898 1300 954 1332 pe-

176 1348 242 1377 tere
256 1346 341 1386 quod
354 1346 410 1376 fiat
423 1345 483 1375 sibi
498 1345 676 1376 secundum
696 1345 814 1375 malam
834 1345 952 1376 volun—

177 1401 285 1437 tatem,
302 1408 399 1439 quam
414 1407 500 1429 nunc
515 1398 622 1436 habet,
638 1398 692 1428 sed
709 1398 885 1429 secundum
902 1407 953 1429 vo—

176 1454 333 1484 luntatem
354 1453 482 1490 honam,
502 1461 600 1491 quam
623 1452 680 1482 etsi
707 1454 781 1483 tunc
802 1461 868 1482 non
892 1452 953 1483 ha-

177 1507 260 1544 beat,
276 1506 411 1537 intendit
433 1508 540 1536 tamen
562 1505 615 1536 Dei
641 1505 761 1536 auxilio
781 1505 952 1545 aliquando

178 1559 332 1590 obtinere.
349 1558 381 1590 Si
396 1559 469 1598 quis
484 1560 591 1589 autem
606 1558 693 1589 illam
712 1559 887 1589 orationem
901 1558 952 1589 di-

178 1614 271 1649 ceret,
296 1620 464 1652 nunquam
489 1620 668 1651 proponens
691 1612 730 1642 ab
755 1611 826 1642 odio
848 1612 953 1642 fratris

176 1664 333 1701 recedere,
352 1664 499 1704 quamvis
513 1672 577 1694 non
592 1663 768 1694 intenderet
790 1664 871 1695 iram
893 1673 952 1704 pe-

175 1719 253 1756 tere,
269 1717 395 1757 culpam
411 1719 518 1747 tamen
533 1726 626 1747 suam
641 1717 759 1756 absque
780 1717 878 1748 dubio
893 1727 951 1757 ag-

174 1773 336 1810 gravaret.
361 1770 460 1801 Aliter
491 1771 600 1800 tamen
625 1772 728 1809 posset
755 1770 836 1808 dici,
867 1771 952 1810 quod

175 1823 270 1854 istam
291 1823 467 1854 orationem
489 1824 618 1863 quando
640 1823 754 1863 aliquis
775 1824 868 1862 dicit,
886 1833 951 1855 non

174 1876 249 1907 dicit
270 1877 303 1907 in
322 1885 457 1916 persona
471 1885 546 1913 sua,
563 1876 616 1907 sed
631 1877 663 1906 in
686 1886 821 1917 persona
844 1878 951 1909 Eccle-

175 1930 246 1968 siae,
259 1931 353 1970 cujus
367 1930 437 1961 vult
451 1939 518 1960 esse
531 1930 725 1961 membrum.
742 1931 781 1961 Et
793 1934 950 1971 quantum

174 1983 213 2014 ad
227 1983 288 2014 11οο
304 1992 368 2014 11011
383 1983 461 2023 petit
477 1985 587 2014 contra
601 1983 758 2023 seipsum,
775 1993 832 2015 nec
848 1985 952 2016 inten-

175 2035 260 2066 tione
274 2036 453 2076 principali,
469 2045 527 2066 nec
543 2045 583 2066 ex
600 2037 815 2076 consequenti.

341 2121 584 2156 ARTICULUS
609 2122 778 2156 UNICUS.

213 2196 261 2227 Ad
276 2196 520 2236 intelligentiam
541 2197 642 2237 hujus
661 2198 759 2237 partis
774 2198 884 2230 incidit
898 2198 948 2230 hic

172 2250 307 2290 quaestio
329 2250 368 2281 de
383 2249 534 2281 charitate
548 2253 703 2290 quantum
723 2252 762 2282 ad
781 2252 948 2292 perfectio-

171 2311 246 2334 nem
269 2303 374 2334 meriti
389 2314 396 2341 ;
413 2305 444 2334 et
466 2303 548 2334 circa
562 2304 622 2334 hoc
635 2314 691 2336 sex
713 2305 852 2337 breviter
873 2316 948 2347 pos-

171 2357 247 2386 sunt
269 2356 370 2396 quaeri
398 2367 404 2387 :
430 2356 574 2396 primum
598 2359 654 2395 est,
680 2360 791 2389 utrum
814 2359 887 2399 quis
908 2368 948 2390 ex

171 2409 466 2450 quantulacumque
494 2410 646 2441 charitate
675 2411 772 2451 possit
802 2414 949 2452 quantae-

171 2470 309 2500 cumque
329 2462 496 2493 tentationi
516 2463 677 2502 resistere,
693 2473 735 2494 an
754 2464 814 2495 hoc
834 2465 874 2496 sit
893 2475 948 2496 so—

202 2558 210 2574 ¹
222 2558 262 2588 Cf.
274 2558 396 2582 Alexand.
408 2559 504 2588 Ateus„
517 2559 599 2591 Cone„
608 2567 634 2591 p.
648 2561 689 2590 111,
701 2561 851 2588 0011111111,
864 2565 911 2586 art.
926 2566 946 2593 ¹3

170 2593 298 2624 Richard.,
314 2594 344 2617 111
363 2594 441 2622 Sent.,
458 2595 516 2619 dist.
530 2601 606 2627 xxxi,
617 2603 641 2627 q.
656 2597 947 2629 111;5101111011.3111101,,

172 2629 203 2652 lH
221 2629 366 2660 Sent.,‹nsv..
383 2635 446 2658 xxx,
461 2637 487 2661 q.
502 2637 525 2660 1;
542 2631 616 2656 Guill.
634 2631 725 2657 Vorss..
739 2632 770 2656 111
791 2633 870 2663 Sent„
887 2634 945 2659 dist.

1730 171 1786 199 667

1014 229 1076 260 lius
1107 230 1267 260 charitatis
1304 229 1448 269 perfectae
1467 240 1474 266 ;
1513 233 1689 264 secundum
1724 238 1786 272 est,

1013 285 1125 314 utrum
1146 284 1243 314 homo
1265 283 1297 313 in
1322 283 1613 322 quantulacumque
1637 286 1788 318 charitate

1014 337 1202 367 constitutus
1214 338 1358 367 teneatur
1367 338 1501 366 mortem
1518 345 1574 375 pro
1583 336 1704 368 Christo
1713 340 1786 369 sub-

1014 389 1079 425 ire3
1099 389 1228 419 tertium
1248 391 1312 427 est,
1333 391 1442 419 utrum
1462 389 1582 420 habens
1606 390 1789 422 charitatem

1014 443 1185 482 perfectam
1200 444 1344 473 teneatur
1359 451 1395 472 ea
1410 451 1482 482 quae
1498 444 1572 472 sunt
1592 444 1790 482 perfectionis

1013 495 1164 534 implere3
1192 496 1343 534 quartum
1372 498 1418 525 est
1444 497 1552 525 utrum
1578 505 1699 534 01111105,
1725 499 1788 526 tam

1013 548 1141 588 perfecti
1163 555 1260 587 quam
1279 548 1464 587 imperfecti,
1487 550 1657 579 teneantur
1682 549 1790 579 inimi-

1013 608 1065 630 cos
1079 600 1213 639 diligere
1229 603 1385 640 quantum
1402 601 1439 631 ad
1454 601 1619 639 affeetum3
1638 602 1789 641 quintum

1013 655 1068 690 est,
1093 655 1201 683 utrum
1226 662 1337 684 omnes
1360 656 1529 684 teneantur
1553 655 1697 686 inimicos
1723 656 1790 687 dili-

1012 714 1088 744 gere
1116 708 1274 745 quantum
1299 707 1339 737 ad
1364 707 1537 745 effectnm3
1568 711 1695 738 sextum
1721 711 1786 746 est,

1012 759 1098 797 quod
1117 759 1156 789 sit
1176 759 1307 798 melius,
1329 762 1360 790 et
1383 760 1514 799 maj0ris
1534 761 1656 798 meriti,
1678 763 1786 792 utrum

1012 810 1145 850 diligere
1160 812 1311 849 amicum,
1327 822 1368 843 an
1383 813 1517 852 diligere
1532 814 1710 844 inimicum.

1292 927 1469 964 QUAESTlo
1492 927 1515 958 Ι.

1051 1008 1096 1034 An
1119 1009 1179 1042 quis
1200 1016 1257 1034 cum
1275 1009 1500 1043 quatumcumque
1519 1010 1651 1037 charitate
1668 1014 1753 1046 possit

1125 1054 1342 1086 quantoecumque
1358 1055 1504 1080 tentationi
1519 1056 1638 1082 resistere
1651 1056 1669 1082 ¹.

1051 1131 1164 1162 Utrum
1197 1141 1270 1162 cum
1305 1133 1599 1174 quantulacumque
1634 1135 1785 1167 charitate

1010 1184 1107 1224 possit
1128 1184 1200 1223 quis
1222 1186 1366 1216 resistere
1392 1188 1661 1227 quantaecumque
1685 1191 1787 1219 tenta-

1009 1237 1106 1274 tioni;
1132 1239 1162 1267 et
1195 1238 1280 1276 quod
1314 1238 1376 1275 sic,
1409 1239 1546 1269 videtur.
1573 1239 1676 1280 Super
1708 1241 1786 1272 illud

1010 1289 1128 1319 Psalmi
1139 1291 1149 1306 ²
1167 1301 1174 1320 :
1189 1292 1313 1322 Bonum
1329 1292 1411 1323 milii
1425 1292 1478 1323 lex
1489 1294 1554 1324 oris
1566 1294 1626 1331 tui,
1641 1295 1786 1332 etc.,Au-

1009 1343 1180 1381 13111511111153
1202 1355 1209 1374 :
1243 1355 1256 1373 (1
1281 1344 1357 1375 Plus
1380 1345 1484 1384 diligit
1507 1346 1643 1377 charitas
1665 1347 1784 1387 Deum,

1009 1405 1107 1435 quam
1121 1397 1275 1436 cupiditas
1290 1398 1391 1428 millia
1407 1399 1476 1429 auri
1492 1402 1522 1430 et
1538 1401 1675 1439 argenti.
1692 1412 1706 1429 11
1722 1401 1786 1432 Hoc

1009 1451 1055 1480 est
1069 1459 1183 1481 verum
1198 1451 1236 1481 de
1251 1452 1546 1493 quantulacumque
1562 1454 1713 1486 charitate
1731 1465 1738 1486 :
1756 1459 1786 1487 et

1009 1503 1034 1533 si
1062 1503 1142 1542 hoc,
1172 1504 1307 1535 charitas
1336 1506 1632 1547 quantulacumque
1664 1509 1786 1540 excedit

1009 1565 1138 1587 omnem
1167 1557 1370 1597 cupiditatem
1393 1568 1451 1589 sua
1476 1560 1595 1591 virtute
1621 1572 1627 1591 ;
1655 1562 1681 1591 51
1707 1571 1786 1602 ergo

1009 1610 1196 1649 magnitudo
1216 1611 1396 1642 tentationis
1416 1613 1588 1644 attenditur
1610 1615 1785 1646 secundum

1009 1663 1269 1702 magnitudinem
1284 1665 1474 1704 cupiditatis,
1487 1666 1614 1697 videtur
1627 1668 1713 1707 quod
1730 1677 1786 1707 per

1008 1714 1340 1755 quantulamcumque
1383 1716 1568 1748 charitatem
1615 1727 1785 1758 possumus

1009 1767 1160 1798 maximae
1176 1769 1341 1799 tentationi
1355 1769 1510 1800 resistere.

1049 1821 1126 1851 Item
1149 1822 1320 1861 Gregorius
1337 1833 1343 1853 :
1367 1834 1381 1852 (1
1396 1823 1513 1853 Debilis
1535 1826 1581 1854 est
1602 1825 1710 1863 hostis,
1727 1826 1784 1865 qui

1007 1883 1072 1905 non
1087 1874 1185 1905 vincit
1200 1875 1259 1905 nisi
1279 1875 1451 1906 volentem.
1470 1888 1484 1905 »
1504 1877 1563 1908 Sed
1579 1879 1782 1917 quantulam-

1007 1937 1147 1967 cumque
1169 1928 1285 1959 habeat
1301 1929 1339 1967 (a)
1355 1929 1452 1960 homo
1468 1930 1669 1968 charitatem,
1690 1931 1785 1963 habet

1006 1990 1071 2020 quo
1083 1983 1183 2020 potest
1197 1981 1278 2012 velle
1292 1991 1356 2012 non
1371 1982 1455 2013 vinci
1473 1993 1479 2013 ε
1497 1992 1576 2022 ergo
1590 1984 1616 2014 si
1631 1993 1688 2024 per
1700 1985 1784 2016 nolle

1007 2036 1090 2066 vinci
1119 2036 1235 2067 resistit
1262 2037 1350 2067 omni
1372 2038 1540 2068 tentationi
1564 2041 1594 2069 et
1617 2041 1782 2077 tentatori,

1006 2090 1132 2120 videtur
1146 2090 1230 2129 quod
1250 2099 1306 2130 per
1330 2091 1659 2132 quantulamcumque
1680 2093 1785 2124 chari-

1005 2145 1101 2174 tatem
1122 2144 1219 2184 possit
1237 2144 1334 2175 homo
1356 2154 1506 2185 superare
1528 2155 1657 2178 omnem
1678 2149 1784 2179 tenta-

1005 2197 1136 2228 tionem.

1046 2250 1124 2280 Item
1155 2251 1313 2291 potentior
1346 2253 1392 2282 est
1420 2251 1555 2283 charitas
1581 2252 1615 2282 in
1639 2253 1780 2292 bonum,

1005 2313 1103 2343 quam
1127 2304 1166 2334 sit
1186 2304 1279 2344 culpa
1300 2304 1333 2334 in
1358 2305 1480 2336 malum
1506 2316 1513 2336 ι
1541 2306 1595 2337 sed
1619 2310 1783 2346 peccatum

1005 2356 1137 2387 mortale
1169 2359 1468 2398 quantumcumque
1498 2368 1635 2399 parvum
1668 2361 1783 2392 sufficit

1005 2410 1044 2441 ad
1070 2410 1290 2450 expellendam
1315 2420 1468 2451 magnam
1495 2413 1633 2452 gratiam
1663 2425 1669 2445 :
1704 2424 1782 2454 ergo

1004 2463 1152 2502 charitas,
1175 2466 1474 2505 quantumcumque
1496 2476 1594 2506 parva
1614 2468 1670 2507 sit,
1692 2469 1782 2500 suffi—

1005 2517 1090 2548 ciens
1104 2519 1152 2548 est
1165 2517 1309 2548 resistere
1325 2519 1491 2550 tentationi
1507 2520 1667 2552 maximae.

1005 2604 1066 2627 xxx,
1079 2605 1103 2629 q.
1118 2604 1135 2621 1.
1149 2611 1174 2614 --
1187 2598 1197 2614 ³
1211 2598 1277 2622 Psal.
1293 2601 1433 2627 cxv111‚72.
1446 2600 1494 2617 —³
1507 2601 1586 2631 Aug„
1599 2601 1691 2626 Enarr.
1702 2603 1727 2626 in
1738 2604 1777 2627 Ps.

1005 2639 1094 2664 cxvni,
1109 2640 1186 2658 serm.
1197 2639 1262 2665 xvn,
1278 2641 1303 2658 11.
1323 2636 1359 2658 1ο.
1372 2648 1400 2652 -
1420 2635 1451 2665 (a)
1467 2635 1536 2660 Edit.
1556 2636 1611 2660 Ven.
1632 2636 1718 2662 habet.

1803 1146 1906 1168 Fundam.
