2017 2960
216 194 274 225 568

216 262 269 293 sed
283 262 315 292 in
331 271 446 301 genere
461 262 598 292 habitus.
622 261 651 291 Si
673 268 750 298 ergo
765 267 835 298 spes
855 266 918 288 non
941 257 988 287 est

217 315 319 346 virtus
330 339 338 351 ,
355 317 475 346 constat
489 315 572 354 qnod
587 322 643 343 nec
658 313 758 343 virtus
773 311 921 350 gratuita.

258 370 288 398 -2,
305 367 393 400 11901,
411 368 489 398 sic-nt
504 365 661 402 contingit
679 367 844 404 expectare
859 364 986 400 sutura,

218 421 261 451 sic
273 421 428 457 contingit
444 418 649 450 rememorari
665 418 823 457 praeterita
841 426 848 446 :
865 417 917 446 scd
938 425 988 447 re-

221 474 404 504 memoratio
419 473 456 503 119
470 471 637 511 praeteritis
654 480 719 501 non
734 473 779 501 951
796 470 915 506 virtus⁷
933 477 989 499 1199

219 527 300 558 circa
315 535 384 556 cam
406 525 546 555 consistit
571 525 676 564 aliqua
697 525 800 555 virtus
825 523 987 563 specialis:

220 587 297 618 ergo
311 587 369 608 1199
382 577 463 608 circa
477 577 726 616 expectationem
741 577 922 607 futurorum
938 575 991 606 ali·

220 641 283 671 qua
298 631 400 661 virtus
413 630 552 661 consistit
569 640 575 659 ;
600 629 653 660 sed
671 629 844 669 expectatio
865 628 991 658 futuro-

221 693 293 715 rum
308 683 359 714 vel
374 686 419 714 est
436 684 503 723 ipsa
517 692 603 723 spes,
621 682 670 712 vel
686 682 825 722 procedit
844 682 883 712 ab
901 681 967 720 ipsa
983 689 990 710 :

221 746 299 776 ergo
314 736 440 767 videtur
453 736 537 775 qnod
553 736 619 775 ipsa
635 744 704 774 spes
719 744 783 765 non
798 734 912 764 habeat
927 741 994 763 esse

222 790 335 820 viitus.

264 846 291 873 3.
310 842 398 879 ltem,
417 842 497 871 sicut
519 841 677 879 contingit
700 849 827 880 sperare
846 843 928 871 recte
941 864 948 876 ,
967 842 996 870 et

224 905 288 926 non
305 898 386 925 recte
400 919 407 932 ‚
424 895 466 924 sic
482 894 637 932 contingit
650 894 745 924 etiam
765 894 875 924 timere
891 896 972 924 19919
984 917 993 931 ,

225 950 255 979 91
269 957 333 978 non
348 950 448 978 recte:
465 947 517 977 sed
533 947 660 977 habitus
670 946 723 985 (1111
736 946 844 984 dirigit
857 946 996 976 animam

226 1001 258 1031 in
273 1001 424 1036 timendo,
444 1009 505 1029 non
523 999 687 1039 reponitur
706 999 739 1028 in
754 1007 871 1037 genere
893 998 997 1028 virtu-

226 1054 277 1089 tis,
294 1055 401 1092 utpote
418 1053 513 1082 timor
528 1063 535 1082 z
553 1061 632 1091 ergo
648 1061 706 1081 099
731 1051 857 1081 habitus
871 1051 926 1090 qui
948 1051 996 1080 di-

228 1107 343 1145 rigitin
355 1105 525 1145 sperando:
538 1114 616 1143 ergo
628 1114 708 1144 51195,
716 1104 812 1134 etiam
824 1104 998 1134 secundum

228 1159 310 1198 quod
331 1160 472 1189 nominat
489 1158 646 1194 habitum,
664 1166 729 1187 11011
752 1160 796 1187 cst
823 1157 855 1187 in
882 1166 999 1196 genere

228 1212 364 1242 virtutis.

269 1265 298 1295 ’4.
335 1265 412 1295 Item
441 1265 543 1295 omnis
573 1264 673 1294 virtus
704 1263 832 1293 moralis
862 1263 1002 1293 consistit

230 1318 313 1348 circa
337 1319 458 1348 bonum
484 1321 513 1347 et
544 1317 689 1352 dil'licile,
709 1319 743 1346 ut
766 1315 833 1346 vult
860 1316 1001 1346 Philoso—

231 1371 314 1410 phus
329 1372 335 1387 ¹
355 1382 361 1401 :
379 1380 456 1409 crgo
482 1370 582 1400 mult)
597 1369 708 1399 fortius
723 1369 883 1407 gratuita:
901 1369 953 1398 sed
970 1369 1002 1398 in

231 1424 447 1463 expectatione
478 1424 635 1453 bonorum
665 1423 889 1461 promissorum
915 1422 1003 1452 nulla

231 1479 277 1507 est
289 1476 456 1506 difficultas
473 1486 479 1506 :
497 1485 575 1514 ergo
590 1484 663 1505 cum
677 1484 746 1514 spes
768 1484 831 1505 non
856 1475 1004 1505 consistat

231 1531 311 1561 eirca
336 1529 462 1559 difficile
478 1553 486 1566 ,
504 1538 567 1558 non
592 1528 718 1558 videtur
741 1537 807 1558 esse
828 1528 861 1557 10
886 1536 1004 1566 genere

232 1582 356 1613 virtutis
371 1582 528 1621 gratuitae.

274 1638 302 1665 ὃ.
321 1635 396 1664 item
412 1634 500 1664 nulla
516 1634 618 1663 virtus
635 1633 775 1672 gratuita
796 1633 829 1662 111
851 1641 908 1662 suo
931 1634 1004 1662 actu

233 1690 392 1727 repugnat
408 1687 589 1726 perfectioni
604 1686 706 1716 meriti
720 1695 727 1716 :
744 1686 796 1716 sed
814 1694 884 1725 spes
898 1686 932 1715 10
946 1694 1004 1715 suo

233 1744 303 1772 actu
319 1740 499 1780 perfectioni
516 1740 619 1769 meriti
636 1741 813 1779 repugnat3
832 1748 872 1768 ex
886 1739 1005 1777 imper-

234 1795 365 1826 fectione
378 1795 463 1825 enim
481 1794 629 1833 procedit,
646 1793 730 1833 quod
744 1793 816 1832 quis
831 1792 927 1822 servit
943 1792 1005 1822 Deo

234 1851 361 1887 propter
373 1848 611 1878 retributionem
628 1847 780 1880 futuram,
798 1846 883 1885 quia,
895 1854 1005 1876 secun-

234 1902 311 1932 dum
328 1901 411 1941 quod
427 1901 499 1930 dicit
515 1899 724 1936 Bernardus’,
742 1911 756 1927 «
771 1899 911 1929 Charitas
924 1907 1006 1937 prae—

235 1955 336 1984 mium
349 1963 411 1983 non
421 1954 578 1983 intuetur:
588 1963 601 1979 n
615 1952 639 1981 si
650 1961 727 1990 ergo
736 1961 806 1990 spes
816 1952 886 1981 facit
897 1960 1007 1990 expec-

235 2010 301 2037 tare
316 2006 557 2037 retributionem
575 2005 727 2041 futuram,
745 2005 870 2034 videtur
886 2004 1006 2043 persec-

236 2060 312 2089 tioni
326 2059 429 2089 meriti
444 2067 624 2097 repugnare
641 2068 647 2088 :
664 2066 742 2096 ergo
760 2066 824 2087 non
839 2059 885 2087 est
900 2057 931 2086 in
950 2065 1005 2095 ge-

236 2120 311 2143 nere
326 2112 452 2142 virtutis
467 2111 628 2149 gratuilae.

505 2230 730 2261 CoNCLUSm.

237 2318 302 2352 Spes
318 2324 370 2344 non
380 2316 457 2343 modo
471 2316 542 2342 inter
549 2316 684 2349 gratuitas
693 2315 808 2341 virtutes
824 2316 861 2341 est
873 2315 1007 2348 ponenda,

272 2361 316 2388 sed
339 2361 454 2388 omnium
474 2361 655 2393 qratuz'tarmn
677 2360 811 2385 virtutum
831 2358 953 2394 [anchora
984 2361 1009 2385 ct

272 2407 509 2433 sustentamentum
524 2406 561 2431 cst
577 2404 714 2430 censenda.

281 2484 370 2524 Resp.
401 2484 437 2513 ad
472 2492 541 2521 arg.
568 2482 741 2513 Dicendum
768 2483 853 2521 quod
881 2484 1010 2515 nomine

239 2538 304 2577 spei
318 2536 561 2577 potestintelligi
577 2535 698 2565 allectio
711 2535 922 2575 animi‚juxta
933 2537 1010 2568 illud

240 2591 325 2630 quod
340 2590 516 2629 philosophi
528 2592 558 2619 et
571 2589 784 2619 sanctidicunt
796 2593 933 2629 quatuor
944 2600 1010 2621 esse

275 2652 281 2666 ¹
301 2651 383 2679 Arist„
399 2650 489 2677 amic„
505 2649 545 2672 lib.
561 2648 591 2677 ll,
607 2652 665 2673 cont
696 2651 716 2671 3.
732 2662 759 2666 —-
772 2650 779 2664 ²
793 2651 877 2677 Rern„
895 2650 924 2674 rle
936 2651 1011 2682 taliq.

771 189 1078 223 SENTENTIARUM
1112 193 1182 224 [ΑΒ.
1207 194 1259 224 111.

1041 259 1139 290 animi
1154 260 1344 299 affectiones,
1359 261 1502 293 videlicet
1516 262 1671 301 gaudium
1683 263 1713 292 et
1725 261 1813 292 dolo-

1042 321 1121 350 1910,
1139 322 1227 352 511901
1240 315 1271 344 91
1285 313 1443 345 timorem.
1455 314 1560 346 Potest
1575 314 1670 346 etiam
1686 313 1814 345 nomine

1043 366 1109 405 spei
1136 365 1270 405 intelligi
1302 367 1368 405 ipsa
1392 375 1442 397 rcs
1461 368 1642 405 expectata,
1661 368 1755 405 Juxta
1777 366 1814 396 il-

1045 418 1098 448 lud
1118 419 1127 433 ³
1146 427 1153 449 ι
1179 419 1392 458 Expectantes
1428 419 1550 450 beata-m
1587 427 1683 458 spem.
1714 419 1817 450 Potest

1046 470 1255 502 nihilominus
1270 472 1353 502 sumi
1369 481 1426 510 pro
1444 471 1553 502 habitu
1568 472 1622 511 qui
1633 472 1817 511 (1111311901-

1049 532 1108 554 inae
1124 526 1248 554 motum
1263 526 1294 554 et
1308 524 1458 554 affectum
1472 524 1593 554 inillud
1608 525 1692 564 quod
1707 533 1819 564 expec-

1047 576 1181 606 tandum
1195 578 1252 608 cst.
1270 576 1306 607 Et
1322 577 1379 607 isto
1394 577 1485 607 tertio
1500 577 1593 607 modo
1613 577 1736 607 dicendi
1750 586 1820 616 spes

1048 638 1110 659 non
1126 631 1250 660 tantum
1264 632 1310 660 est
1330 630 1432 660 virtus
1457 630 1614 669 gratuita,
1635 630 1700 660 imo
1725 630 1820 661 etiam

1049 683 1204 713 virtutum
1231 683 1448 721 gratuitarum
1474 684 1762 713 sustentamentum
1791 685 1822 713 et

1049 732 1197 763 anchora.
1224 732 1330 762 Virtus
1356 732 1484 772 quidem
1507 733 1650 771 gratuita
1664 735 1725 771 est,
1742 742 1822 773 quo-

1050 786 1136 815 niam
1160 786 1192 815 in
1213 786 1272 816 1109
1288 785 1371 825 quod
1398 786 1468 815 facit
1492 786 1633 816 animam
1658 788 1823 825 expectare

1051 847 1087 869 ea
1102 848 1174 878 queo
1185 841 1257 869 sunt
1268 848 1363 878 super
1372 847 1499 869 omnem
1508 839 1748 869 aestimationem
1762 839 1821 870 hu-

1053 900 1191 929 manain⁷
1207 893 1237 921 et
1250 901 1285 920 ca
1301 900 1372 930 quae
1387 891 1529 930 promisit
1552 891 1682 930 largitas
1699 891 1821 930 divina,

1053 945 1123 974 facit
1139 945 1269 974 omnino
1284 944 1439 974 confidere
1465 945 1495 973 et
1518 943 1609 973 inniti
1638 952 1772 974 summae
1794 946 1825 974 et

1055 998 1217 1027 1101090519
1231 996 1380 1035 largitati,
1397 996 1477 1026 sicut
1491 995 1568 1026 fides
1590 996 1662 1026 facit
1675 997 1825 1027 assentire

1055 1050 1166 1089 primae
1188 1049 1332 1085 veritati,
1358 1051 1388 1079 et
1410 1048 1547 1078 charitas
1568 1049 1638 1079 facit
1665 1049 1825 1079 adhaerere

1055 1112 1191 1133 summae
1216 1102 1359 1132 bonitati.
1384 1102 1421 1132 Et
1445 1102 1522 1132 (11110
1548 1102 1655 1132 anima
1676 1101 1735 1140 ipsi
1763 1101 1826 1131 im-

1056 1165 1174 1186 mcnsae
1192 1155 1330 1194 largitati
1345 1155 1492 1184 innititur
1517 1157 1644 1194 propter
1658 1164 1690 1184 se
1701 1178 1709 1191 ‚
1725 1156 1756 1184 et
1768 1163 1827 1184 su—

1056 1219 1111 1249 per
1124 1209 1242 1243 omnia,
1257 1207 1457 1243 rectfficatur,
1473 1210 1504 1237 et
1518 1216 1612 1246 super
1627 1216 1659 1238 se
1672 1207 1824 1244 elevatur,

1056 1265 1086 1292 et
1116 1262 1176 1291 Deo
1199 1263 1324 1300 accepta
1344 1260 1479 1290 efficitur
1500 1271 1506 1290 t
1530 1269 1655 1290 necesse
1677 1262 1722 1290 est
1749 1268 1826 1298 ergo

1057 1315 1140 1355 quod
1156 1314 1299 1349 habitus,
1318 1323 1380 1353 quo
1405 1313 1562 1343 mediante
1581 1314 1616 1343 fit
1632 1313 1828 1349 illnd‚ralio-

1058 1376 1130 1397 nem
1146 1367 1257 1397 habeat
1273 1367 1421 1405 gratuitae
1437 1366 1566 1396 virtutis
1579 1365 1598 1395 ⁴.
1615 1364 1652 1395 Et
1667 1365 1743 1404 quia
1755 1373 1827 1394 cum

1058 1420 1164 1450 anima
1177 1419 1322 1449 innititur
1338 1419 1366 1448 ei
1392 1419 1447 1457 qui
1468 1427 1532 1448 non
1554 1420 1655 1457 potest
1674 1417 1806 1447 deficere
1818 1441 1826 1455 ‚

1058 1473 1204 1512 quamvis
1219 1473 1285 1511 ipsa
1300 1473 1331 1501 in
1347 1480 1379 1501 se
1394 1471 1433 1500 sit
1447 1471 1594 1501 deficiens
1608 1472 1638 1501 et
1657 1469 1807 1501 vacillans
1818 1493 1826 1507 ‚

1059 1527 1209 1556 fundatur
1223 1527 1330 1555 tamen
1344 1533 1398 1564 per
1414 1533 1501 1563 spem
1512 1547 1521 1562 ‚
1539 1523 1629 1563 quasi
1653 1532 1749 1562 super
1773 1523 1827 1552 fir-

1060 1586 1146 1608 mam
1160 1578 1282 1616 petram
1305 1576 1344 1613 1111
1372 1577 1536 1614 propterea
1556 1574 1638 1611 dixi,
1654 1573 1738 1614 quod
1759 1581 1830 1613 spes

1060 1640 1125 1661 non
1148 1629 1366 1660 tantummodo
1395 1631 1440 1658 est
1468 1627 1501 1657 in
1531 1635 1647 1666 genere
1673 1627 1829 1656 virtutum

1060 1684 1274 1724 gratuitarum
1287 1706 1294 1719 ‚
1311 1681 1362 1712 sed
1388 1681 1483 1711 etiam
1504 1689 1615 1711 earum
1637 1680 1776 1710 anchora
1801 1681 1831 1710 et

1059 1737 1355 1768 sustentamentum.
1373 1733 1461 1764 Unde
1477 1732 1683 1763 concedendae
1696 1733 1770 1762 sunt
1784 1740 1832 1762 ra-

1060 1790 1171 1827 tiones,
1189 1798 1261 1828 quae
1276 1787 1335 1817 hoc
1349 1786 1529 1816 ostendunt.

1106 1846 1131 1873 l.
1157 1842 1203 1872 Ad
1224 1841 1300 1871 illud
1316 1848 1392 1870 vero
1415 1839 1499 1878 quod
1523 1837 1625 1878 primo
1639 1836 1786 1875 objicitur
1798 1835 1831 1866 in

1062 1895 1270 1931 contrarium,
1287 1893 1372 1933 quod
1386 1900 1455 1931 spes
1470 1893 1515 1921 est
1530 1890 1631 1930 passio
1645 1913 1653 1926 ‚
1666 1889 1734 1928 jam
1750 1890 1833 1928 patet

1062 1947 1223 1987 responsio
1240 1955 1246 1976 z
1263 1947 1338 1985 quia
1352 1954 1469 1976 nomen
1482 1944 1548 1983 spei
1567 1942 1728 1982 aequivoce
1749 1941 1833 1972 acci-

1064 2002 1167 2040 pitur,
1185 2000 1328 2031 videlicet
1348 2007 1404 2038 pro
1428 1998 1497 2037 ipsa
1520 1996 1703 2032 affectione,
1720 1997 1750 2024 et
1776 2003 1832 2034 pro

1063 2055 1173 2085 habitu
1193 2053 1358 2092 regul-ante
1380 2051 1478 2090 ipsius
1501 2049 1674 2080 affectionis
1696 2049 1831 2078 motum.

1065 2106 1152 2137 Unde
1167 2113 1237 2145 spes
1249 2128 1256 2140 ,
1272 2103 1448 2134 secundum
1468 2100 1553 2140 quod
1576 2102 1622 2130 est
1641 2099 1742 2129 virtus
1754 2122 1762 2135 ‚
1789 2100 1834 2128 est

1065 2159 1189 2190 habitus
1205 2157 1376 2196 gratuitus,
1388 2155 1443 2194 qui
1454 2156 1500 2185 est
1510 2152 1703 2193 principium
1718 2153 1833 2189 motus,

1064 2212 1120 2253 qui
1134 2214 1181 2243 est
1194 2212 1234 2241 ah
1250 2207 1357 2241 anima
1376 2219 1382 2239 :
1409 2207 1511 2248 passio
1534 2208 1643 2237 autem
1664 2204 1769 2243 magis
1789 2205 1836 2234 est

1065 2266 1103 2297 ad
1117 2265 1258 2296 animam
1275 2274 1282 2294 ;
1299 2265 1329 2293 91
1343 2261 1519 2292 secundum
1540 2259 1626 2299 quod
1649 2259 1753 2289 motus
1775 2265 1835 2287 ex-

1064 2318 1248 2360 pectationis
1258 2341 1266 2355 ‚
1285 2317 1351 2348 sive
1365 2315 1430 2355 spei
1443 2338 1451 2351 ,
1467 2314 1507 2344 ab
1521 2313 1629 2344 anima
1642 2313 1704 2350 est,
1720 2311 1763 2342 sic
1777 2318 1834 2350 po—

1065 2375 1123 2404 test
1133 2371 1203 2403 sieri
1217 2372 1312 2407 recte,
1326 2370 1356 2400 et
1370 2377 1434 2399 non
1446 2370 1541 2404 recte,
1552 2365 1725 2397 secundum
1738 2364 1835 2403 impe-

1065 2427 1151 2457 rium
1166 2424 1257 2455 liberi
1270 2422 1404 2454 arbitrii.
1415 2421 1452 2452 Et
1465 2421 1619 2460 quantum
1634 2418 1673 2448 ad
1688 2417 1759 2454 hoc,
1773 2416 1833 2446 ha-

1066 2481 1117 2511 bet
1130 2478 1327 2516 circaipsum
1339 2474 1456 2506 attendi
1471 2471 1616 2512 perfectio
1631 2469 1768 2507 virtutis,
1784 2469 1834 2500 vel

1066 2528 1251 2561 deformatio
1266 2527 1345 2559 vitii.

1070 2615 1125 2637 Ino.
1137 2620 1157 2635 c.
1176 2617 1214 2636 111,
1237 2623 1246 2627 s
1266 2610 1274 2623 ²
1290 2609 1345 2635 Tit..
1362 2613 1389 2637 11,
1409 2607 1442 2628 Ι3.
1454 2619 1483 2622 -
1499 2604 1508 2619 ⁴
1523 2603 1653 2627 Consentit
1667 2604 1692 2625 5.
1706 2601 1832 2628 Thomas,

1070 2651 1096 2674 ll·
1107 2651 1135 2677 11,
1146 2656 1170 2678 q.
1185 2641 1451 2676 11111,;11·1.1,--(α)1511.
1466 2641 1520 2663 Vnt.
1533 2643 1639 2669 petram,
1652 2638 1678 2661 Et
1689 2638 1831 2667 propterea.
