2017 2960
32 2225 97 2253 Opin.
110 2226 129 2246 1.

640 145 739 177 DtST.
761 144 856 177 XXII.
881 145 971 178 ART.
996 147 1020 178 1.
1044 147 1196 185 QUAEST.
1221 148 1274 180 111.

157 215 328 254 certitudo,
342 223 406 255 qua
423 213 584 245 credimus
607 222 666 244 nos
688 215 935 252 resurrecturos,

158 269 291 300 fundata
320 270 367 298 est
402 276 500 307 supra
532 275 643 297 veram
671 266 936 297 resurrectionem

158 320 288 351 Christi.
304 320 352 351 Ad
367 320 429 350 hoc
442 321 549 350 autem
565 319 649 359 quod
664 320 785 350 constet
795 319 888 349 nohis
898 319 936 350 de

158 374 291 404 veritate
306 373 548 404 resurrectionis
563 371 690 410 Christi,
712 371 776 402 duo
803 381 935 403 concur-

156 428 233 456 runt
258 437 264 456 :
289 426 431 466 primum
446 429 512 463 est,
535 426 620 466 quod
644 428 863 465 opportunum
888 427 936 455 est

157 479 242 518 quod
258 482 379 510 constet
399 480 437 510 de
463 480 597 510 veritate
610 479 740 516 mortis;
755 479 934 509 secundum

156 534 214 570 est,
231 533 317 572 quod
346 536 468 573 oportet
494 533 580 573 quod
605 534 726 563 constet
749 532 788 562 de
801 532 935 563 veritate

154 586 389 626 conjunctionis
403 587 524 617 iteratae
538 586 655 616 animae
669 587 700 616 et
712 585 828 616 carnis.
844 584 934 615 Veri-

156 641 204 669 tas
219 640 331 670 mortis
345 649 411 671 non
427 639 617 671 constitisset
631 638 734 676 nobis,
751 638 778 668 si
792 638 934 669 Christus

157 694 264 723 statim
289 694 515 724 resurrexisset
524 704 531 730 ;
555 692 610 723 sed
637 692 791 732 potuisset
819 691 934 732 aliquis

154 746 309 786 suspicari
323 747 430 786 ipsum
444 746 575 776 finxisse
590 755 622 776 se
649 748 826 776 mortuum.
841 744 933 776 Veri-

153 801 200 829 tas
223 800 344 830 iteratae
360 799 593 838 conjunctionis
607 807 671 829 non
691 798 892 835 constitisset,
907 800 933 828 si

154 851 298 883 Christus
311 853 417 884 adhuc
431 862 496 883 non
513 852 754 884 resurrexisset:
771 861 850 892 ergo
875 862 931 892 po-

156 906 220 937 tius
230 909 334 946 posset
348 906 421 946 quis
433 906 611 946 desperare,
629 914 727 945 quam
742 908 909 945 expectare
923 917 929 936 :

152 959 219 990 imo
234 961 317 990 certe
332 960 358 990 si
373 969 439 990 non
449 959 685 997 resurrexisset,
697 959 776 990 fides
791 960 825 990 in
839 969 932 1000 apos-

151 1013 223 1043 tolis
245 1013 377 1043 omnino
409 1013 580 1050 defecisset,
609 1022 667 1043 nec
692 1013 807 1052 aliquis
834 1014 932 1044 fuisse

154 1065 315 1097 Christum
327 1066 429 1096 Deum
451 1066 601 1104 crederet,
619 1066 672 1096 sed
687 1066 852 1097 hominem
867 1076 931 1106 pu-

151 1127 237 1149 rum.
255 1117 388 1149 Necesse
402 1128 481 1158 ergo
496 1119 566 1156 fuit,
583 1122 712 1158 propter
725 1121 842 1150 nostrae
857 1119 931 1150 fidei

152 1171 321 1202 veritatem
360 1175 390 1202 et
419 1172 622 1208 firmitatem,
663 1172 930 1203 resurrectionem

154 1224 266 1255 Christi
277 1225 457 1262 accelerari,
472 1234 530 1255 nec
538 1227 645 1256 tamen
661 1225 739 1256 adeo
747 1225 928 1261 accelerari,

150 1278 230 1317 quin
247 1278 505 1309 manifestaretur
516 1279 632 1309 veritas
647 1278 775 1309 mortis:
788 1278 858 1309 ideo
874 1288 930 1309 us-

151 1340 214 1370 que
227 1331 267 1362 ad
280 1332 410 1362 tertium
421 1332 505 1363 diem
513 1332 644 1371 distulit,
657 1334 687 1363 et
698 1341 763 1362 non
776 1332 928 1372 amplius,

150 1384 227 1423 quia
240 1393 296 1424 per
310 1387 436 1425 tempus
450 1385 528 1416 illud
550 1393 626 1416 vere
641 1387 763 1425 poterat
778 1386 929 1416 manifes-

149 1437 210 1467 tari
230 1437 328 1468 fuisse
350 1441 530 1469 mortuus:
547 1439 707 1478 requievit
734 1448 829 1478 ergo,
848 1439 930 1470 sicut

151 1490 224 1521 dicit
237 1490 315 1521 fides
329 1494 454 1528 nostra,
472 1501 529 1532 per
551 1492 697 1523 triduum
720 1492 754 1523 in
770 1493 927 1532 sepulcro.

150 1543 223 1574 Non
235 1546 344 1574 tamen
357 1554 414 1584 per
430 1547 492 1575 tres
505 1545 571 1576 dies
585 1545 729 1585 integros
741 1548 771 1576 et
786 1547 928 1586 comple-

150 1599 218 1634 tos;
236 1597 290 1628 sed
304 1607 361 1637 per
371 1598 519 1629 ultimam
534 1601 657 1638 partem
672 1599 734 1630 diei
744 1598 887 1638 Veneris,
898 1602 930 1631 et

153 1659 210 1690 per
230 1651 369 1691 primam
392 1654 517 1691 partem
538 1652 711 1683 Dominicae
727 1652 800 1689 diei,
818 1655 849 1683 et
871 1662 928 1693 per

151 1706 251 1735 totam
274 1705 358 1735 diem
380 1704 520 1743 Sabbati,
536 1705 580 1736 ita
596 1705 684 1745 quod
702 1706 860 1745 requietio
874 1706 928 1737 illa

151 1766 208 1797 per
222 1757 366 1789 triduum
389 1758 597 1797 intelligenda
619 1761 665 1790 est
688 1768 744 1799 per
770 1760 928 1799 synecdo-

151 1810 244 1842 chen.
262 1811 299 1841 Et
309 1811 343 1841 in
357 1811 418 1842 hoc
433 1821 544 1843 omnes
557 1812 870 1850 sancticoncordant,
886 1813 927 1844 li-

151 1866 202 1900 cet
215 1865 254 1896 de
275 1865 356 1896 hora
377 1866 530 1906 temporis
545 1866 691 1897 videatur
710 1876 779 1897 esse
798 1869 927 1898 contro-

150 1918 266 1949 versia.
290 1917 372 1949 Nam
393 1918 526 1958 quidam
540 1919 693 1951 videntur
719 1920 824 1951 dicere
841 1920 928 1960 quod

151 1971 292 2001 surrexit
318 1971 423 2002 media
449 1974 556 2010 nocte3
577 1972 708 2012 quidam
731 1981 821 2011 vero,
842 1973 928 2012 quod

151 2025 292 2056 surrexit
306 2024 340 2055 in
353 2033 481 2055 aurora.
491 2024 582 2056 Ratio
595 2027 703 2057 autem
715 2026 772 2066 huj
778 2036 816 2057 us
826 2027 929 2059 diver-

152 2078 253 2110 sitatis
266 2080 313 2109 est
327 2088 386 2118 pro
409 2088 458 2117 00,
474 2079 561 2119 quod
574 2080 776 2112 considerant
798 2081 929 2112 diversi—

151 2132 245 2163 mode
258 2132 294 2163 in
318 2132 371 2163 illa
392 2132 542 2164 dilatione
565 2135 812 2173 congruentiam
826 2144 929 2175 quan-

152 2187 224 2217 tum
235 2185 276 2216 ad
287 2195 462 2217 numerum
476 2186 643 2218 horarum.
667 2187 750 2219 Nam
763 2189 862 2228 aliqui
876 2189 930 2219 in-

153 2236 277 2278 cipiunt
299 2239 427 2278 tempus
455 2240 642 2278 computare
667 2239 707 2269 ab
733 2240 813 2271 hora
827 2242 927 2279 sexta,

151 2299 217 2331 qua
232 2291 405 2322 crucifixus
419 2294 476 2330 est,
505 2294 536 2323 et
558 2295 567 2312 ¹
583 2292 716 2325 tenebroe
733 2294 829 2332 factae
852 2298 930 2327 sunt

140 2367 142 2370 >
156 2351 250 2384 super
267 2347 387 2377 terram
401 2345 588 2377 universam
601 2357 609 2376 :
626 2349 656 2377 et
669 2347 718 2377 isti
735 2348 931 2388 protendunt

156 2399 283 2437 tempus
296 2407 399 2438 usque
413 2398 452 2429 ad
461 2399 600 2430 mediam
613 2402 740 2431 noctem
750 2401 832 2432 inter
846 2401 930 2432 diem

157 2451 286 2481 sabbati
298 2454 329 2482 et
350 2452 434 2483 diem
453 2453 669 2491 Dominicum‚
691 2457 722 2485 et
736 2455 780 2485 sic
796 2464 930 2496 compu-

188 2506 197 2522 ¹
213 2506 315 2535 Matth.‚
329 2513 412 2539 xxvu,
427 2510 467 2533 45.
483 2521 514 2528 —
531 2510 542 2527 ²
553 2511 679 2534 Numerus
697 2510 813 2534 senarius
827 2513 865 2535 est
877 2512 933 2542 pri-

158 2548 216 2565 mus
226 2548 348 2566 numerus
357 2543 497 2575 perfectus,
509 2545 581 2576 cujus
594 2547 680 2576 partes
691 2546 778 2570 divisae
784 2565 792 2577 ‚
802 2549 829 2570 ut
837 2548 860 2578 3,
872 2548 896 2578 2,
909 2550 931 2579 1,

171 2583 312 2645 hfflmEdit.
328 2584 410 2609 Venet.
422 2586 592 2618 ineoeperunt.
607 2602 639 2607 —
651 2588 686 2620 (b)
702 2588 763 2613 Coet.
774 2589 835 2614 edit.
847 2590 931 2621 sepul-

159 2627 170 2645 t
252 2637 258 2644 .

1709 153 1768 185 &67

994 217 1062 246 tant
1077 218 1115 247 36
1129 215 1236 252 110135,
1263 217 1340 256 quia
1361 219 1438 248 tunc
1460 220 1527 248 erat
1541 219 1769 258 aequinoctium

992 269 1134 306 vernale,
1156 270 1284 309 quando
1309 271 1453 302 Christus
1480 271 1635 303 Dominus
1658 283 1770 312 passus

992 323 1055 359 est;
1077 322 1176 362 aliqui
1198 323 1354 364 incipiunt
1375 327 1415 363 (a)
1442 328 1626 365 computare
1652 336 1670 356 a
1685 337 1767 366 sero,

991 373 1025 404 in
1040 384 1105 414 quo
1134 376 1251 415 positus
1277 377 1336 408 fuit
1360 377 1393 408 in
1409 379 1554 418 sepulcro
1568 379 1619 418 (b),
1636 382 1667 410 et
1691 389 1769 419 pro-

991 427 1125 458 tendunt
1145 431 1271 469 tempus
1297 440 1400 470 usque
1416 431 1455 462 ad
1471 431 1652 462 diluculum
1667 432 1770 469 Domi-

990 479 1071 510 nicae
1086 481 1147 511 (1101
1164 492 1170 511 :
1186 484 1217 512 et
1232 484 1297 512 tam
1313 484 1375 521 isti,
1393 493 1490 524 quam
1510 485 1553 515 illi
1568 486 1769 517 considerant

990 533 1135 563 eamdem
1147 537 1392 574 congruentiam
1409 540 1506 568 tantae
1515 538 1683 570 dilationis.
1695 539 1707 570 Ι
1720 540 1769 571 100

990 586 1076 615 0111111
1092 586 1248 618 Dominus
1262 597 1432 628 resurgere
1447 590 1568 621 distulit
1583 601 1640 631 per
1656 594 1694 623 36
1706 593 1768 624 110-

989 647 1052 677 135,
1067 642 1103 669 01
1118 639 1150 670 111
1170 640 1231 671 1100
1254 642 1466 681 significetur,
1482 644 1557 684 quia
1577 645 1722 677 liberatio
1738 650 1768 677 et

989 691 1122 723 victoria
1136 696 1182 723 est
1197 695 1344 733 perfecta.
1364 696 1418 726 Ille
1443 697 1530 727 0111111
1542 707 1698 729 numerus
1721 703 1768 731 est

989 754 1028 775 ex
1043 746 1170 777 senario
1183 747 1193 764 ²
1209 757 1346 779 numero
1361 749 1394 779 in
1406 759 1439 780 se
1454 749 1558 789 ducto,
1569 751 1623 791 qui
1637 752 1767 791 quidem

988 807 1146 830 numerus
1162 803 1208 830 est
1223 801 1348 841 primus
1374 812 1530 834 numerus
1546 805 1702 843 perfectus
1718 815 1768 836 se-

989 852 1131 882 cundum
1141 853 1399 886 Arithmeticum.
1414 856 1467 886 Est
1475 859 1506 887 et
1514 856 1576 887 alia
1587 866 1768 897 congruen-

988 902 1042 940 tia,
1059 903 1135 943 quia
1150 904 1182 934 in
1198 907 1236 935 36
1244 905 1332 936 horis
1342 909 1418 937 sunt
1431 907 1503 938 duae
1519 910 1627 938 noctes
1640 911 1670 939 et
1681 918 1767 940 unus

988 955 1065 994 dies,
1080 956 1124 987 ita
1138 958 1223 997 quod
1252 959 1340 990 salva
1355 962 1401 990 est
1420 960 1462 991 ibi
1482 962 1645 1001 proportio
1660 962 1766 1002 simpli

987 1009 1027 1039 ad
1040 1009 1187 1049 duplum,
1204 1014 1240 1042 ut
1267 1013 1342 1043 dicit
1357 1013 1575 1052 Augustinus:
1593 1016 1626 1045 in
1642 1025 1706 1055 quo
1721 1017 1766 1046 si-

989 1064 1163 1102 gnificatur
1190 1066 1278 1105 quod
1303 1066 1446 1097 Christus
1472 1077 1537 1098 una
1565 1068 1678 1108 simpla
1708 1079 1766 1100 sua

986 1119 1143 1148 vetustate
1168 1118 1298 1149 abstulit
1327 1120 1405 1150 duas
1430 1124 1554 1152 nostras
1579 1125 1764 1162 vetustates,

986 1179 1060 1209 quae
1075 1171 1204 1210 quidem
1219 1173 1445 1213 intelliguntur
1465 1185 1522 1214 per
1536 1176 1615 1207 duas
1630 1181 1738 1208 noctes
1757 1189 1762 1208 :

986 1225 1015 1252 ct
1031 1223 1113 1254 hanc
1124 1225 1281 1256 rationem
1297 1227 1441 1266 assignat
1461 1229 1664 1268 Augustinus
1679 1232 1713 1262 in
1725 1232 1764 1262 li-

986 1275 1042 1306 bro
1055 1276 1094 1308 de
1109 1277 1267 1310 Trinitate
1279 1279 1299 1309 ⁸.
1317 1279 1391 1310 Haec
1404 1281 1515 1311 eadem
1526 1283 1607 1313 ratio
1617 1284 1766 1324 assigna-

984 1329 1038 1359 tur
1053 1339 1148 1370 super
1176 1331 1256 1362 illud
1270 1332 1364 1363 Lucae
1380 1336 1390 1351 ⁸
1409 1343 1415 1364 :
1437 1334 1585 1373 oportuit
1602 1335 1765 1370 Christum

983 1383 1074 1421 Pati3
1101 1383 1233 1415 Glossa:
1255 1398 1269 1414 1(
1287 1385 1398 1417 Merito
1426 1398 1491 1418 uno
1513 1389 1562 1419 die
1588 1392 1619 1420 et
1640 1390 1765 1422 duabus

985 1436 1133 1467 noctibus
1154 1437 1187 1468 in
1198 1439 1489 1480 sepulchrojacuit‚
1506 1443 1583 1482 quia
1599 1444 1715 1484 lucem,
1733 1446 1765 1476 id

985 1492 1031 1520 est
1061 1491 1201 1529 gratiam
1229 1502 1298 1523 suae
1329 1495 1453 1533 mortis,
1474 1504 1546 1535 quae
1576 1499 1703 1528 tantum
1731 1498 1764 1529 in

985 1553 1080 1574 031110
1095 1547 1172 1583 erat,
1202 1546 1342 1577 tenebris
1363 1551 1481 1579 nostrae
1507 1549 1615 1590 duplae
1639 1552 1761 1589 mortis,

984 1606 1057 1637 quae
1074 1597 1108 1628 iu
1133 1608 1228 1629 carne
1245 1602 1275 1629 et
1291 1600 1400 1631 anima
1417 1605 1519 1641 erant,
1535 1605 1677 1643 opponit.
1694 1616 1708 1633 ι)
1726 1605 1764 1635 Et

984 1650 1045 1680 hoc
1068 1651 1174 1690 ipsum
1190 1651 1264 1682 dicit
1279 1662 1375 1693 super
1396 1654 1476 1686 illud
1499 1656 1538 1687 ad
1553 1656 1714 1688 Romanos
1727 1658 1737 1674 ³
1752 1667 1760 1689 z

984 1703 1050 1735 1100
1061 1705 1210 1742 scientes,
1227 1707 1304 1745 quia
1321 1710 1411 1739 vetus
1423 1708 1524 1747 homo,
1540 1712 1611 1748 etc„
1629 1710 1737 1742 Glossa
1753 1723 1760 1743 z

990 1768 1003 1785 a
1019 1757 1146 1794 Quievit
1167 1758 1200 1788 111
1220 1759 1390 1799 sepulchro
1414 1771 1479 1792 uno
1508 1762 1557 1793 die
1584 1766 1615 1794 et
1638 1764 1763 1795 duabus

984 1811 1142 1848 noctibus,
1159 1812 1236 1852 quia
1259 1816 1403 1844 nostram
1423 1815 1555 1855 duplam
1572 1819 1762 1848 vetustatem

984 1872 1044 1894 sua
1058 1864 1174 1905 simpla
1202 1867 1411 1907 consumpsit.
1435 1879 1449 1897 »
1467 1868 1506 1899 Et
1528 1869 1610 1908 ideo,
1625 1870 1698 1902 licet
1713 1872 1764 1903 vi-

984 1917 1120 1948 deantur
1146 1918 1273 1950 differre
1294 1920 1328 1950 in
1351 1922 1503 1961 temporis
1528 1923 1618 1962 hora,
1642 1933 1762 1956 conve-

985 1970 1080 2001 niunt
1096 1974 1206 2003 tamen
1235 1973 1270 2003 iu
1298 1974 1492 2013 assignando
1511 1977 1664 2017 temporis
1685 1987 1763 2009 con—

985 2025 1181 2062 gruentiam.
1201 2025 1264 2056 Nec
1278 2028 1387 2058 tamen
1401 2028 1434 2058 111
1450 2028 1530 2060 hora
1552 2030 1613 2060 sibi
1635 2034 1764 2063 contra-

985 2076 1105 2115 dicunt,
1122 2078 1198 2117 quia
1226 2079 1397 2119 dupliciter
1412 2081 1527 2113 dicitur
1542 2093 1592 2114 res
1612 2085 1693 2124 fieri,
1708 2089 1765 2117 aut

985 2131 1113 2169 quando
1127 2131 1164 2162 fit
1184 2133 1362 2164 secundum
1379 2135 1558 2176 veritatem,
1571 2140 1627 2169 aut
1637 2139 1764 2179 quando

986 2183 1166 2216 innotescit.
1182 2185 1221 2216 Et
1242 2187 1298 2226 illi,
1315 2187 1372 2227 qui
1390 2189 1506 2220 horam
1533 2192 1673 2223 mediam
1687 2202 1765 2224 noc-

986 2237 1026 2267 tis
1041 2237 1205 2277 assignant
1221 2241 1457 2281 resurrectioni,
1471 2245 1599 2284 tempus
1613 2246 1762 2277 determi-

985 2293 1065 2321 nant
1076 2292 1204 2331 quando
1218 2293 1322 2332 primo
1344 2294 1404 2326 suit
1418 2295 1508 2327 facta.
1527 2297 1588 2335 Qui
1603 2308 1680 2330 vero
1693 2309 1764 2331 ma-
1779 2314 1844 2342 Opin.
1855 2319 1878 2339 2.

987 2353 1027 2374 ne
1041 2345 1218 2384 assignant,
1244 2348 1371 2387 tempus
1396 2348 1609 2382 determinant
1637 2354 1765 2392 quando

988 2397 1139 2429 innotuit.
1155 2399 1213 2431 Vel
1224 2404 1306 2433 certe
1322 2404 1514 2435 resurrectio
1528 2406 1588 2436 fuit
1600 2406 1683 2438 inter
1705 2408 1764 2439 ho-

988 2460 1058 2482 ram
1071 2453 1186 2484 mediae
1200 2455 1311 2494 noetis,
1335 2459 1366 2487 et
1379 2466 1473 2489 mane
1488 2458 1549 2490 diei
1571 2458 1743 2493 Dominicae
1756 2473 1764 2500 ς

990 2554 1082 2578 deinde
1093 2555 1168 2579 simul
1177 2559 1323 2588 aggregatae
1335 2559 1453 2583 eamdem
1461 2566 1588 2584 summam
1600 2562 1767 2593 constituunt.

990 2603 1018 2608 -
1029 2591 1040 2607 ⁸
1053 2592 1129 2622 Aug„
1141 2591 1172 2616 (Ie
1181 2592 1281 2625 Ynm't„
1292 2594 1336 2618 lib.
1347 2595 1388 2625 lv,
1403 2602 1425 2619 c.
1438 2602 1475 2626 111,
1485 2602 1510 2620 n.
1521 2597 1544 2620 6.
1554 2609 1584 2614 -
1594 2598 1605 2614 ⁵
1617 2597 1685 2629 Luc„
1695 2603 1767 2630 xxm,

992 2627 1029 2651 46.
1043 2626 1091 2645 -ῑ
1107 2627 1184 2658 Rom„
1200 2634 1235 2657 vr,
1248 2630 1270 2654 6.
