2017 2960
74 878 179 900 Fundam.

691 160 788 192 DIST.
811 159 893 191 ΧΙΙΙ.
917 159 1007 191 ART.
1031 160 1056 192 1.
1080 158 1232 197 QUAEST.
1257 160 1296 192 11.

191 229 217 259 si
234 238 313 268 ergo
327 238 393 260 esse
407 229 508 259 Deum
533 230 580 259 est
600 228 721 259 honum
744 228 918 266 inf'mitum,
934 229 966 258 et

193 283 297 322 majus
322 282 357 312 in
380 281 543 312 infinitum
567 283 614 312 est
632 290 700 312 esse
726 280 839 318 Deum,
866 290 964 320 quam

191 335 307 366 habere
319 334 431 372 Deum,
448 334 574 366 videtur
588 334 672 374 quod
690 334 795 373 gratia
809 333 893 364 illius
907 333 966 364 ho-

193 387 287 418 minis
296 387 336 418 sit
350 387 474 417 infinita
487 387 521 418 in
532 397 576 426 se,
590 389 621 418 et
629 387 714 427 quod
725 396 836 418 omnes
846 387 966 426 gratias

191 441 225 471 in
239 440 402 471 infinitum
416 440 558 472 excedat.

231 496 260 524 6.
278 493 368 531 Item,
384 494 491 525 anima
506 494 621 525 Christi
640 496 697 525 aut
711 496 814 533 potest
831 494 967 533 amplio-

190 556 259 578 rem
280 547 418 586 gratiam
434 547 622 585 desiderare,
639 549 695 578 aut
714 556 779 577 non
800 557 807 577 ι
825 547 851 577 si
866 548 968 586 potest

189 600 365 631 desiderare
377 600 565 640 ampliorem
580 600 730 639 gratiam,
746 609 824 639 ergo
836 600 967 631 'videtur

191 653 277 692 quod
291 662 356 684 non
370 653 410 684 sit
424 654 572 693 perfecta,
589 663 664 684 cum
678 653 706 684 ei
721 653 819 693 possit
831 653 900 683 fieri
914 653 967 683 ad-

192 705 288 744 ditio;
306 706 333 736 si
353 715 420 737 non
447 708 559 746 potest,
578 715 654 737 cum
677 715 756 746 ergo
773 706 862 737 omni
878 706 967 737 finito

194 759 291 799 possit
299 759 418 799 aliquid
428 761 490 799 maj
496 768 533 790 us
543 760 724 797 desiderari,
741 760 868 791 videtur
882 760 968 800 quod

194 812 264 851 ejus
279 812 384 851 gratia
398 812 437 842 sit
446 812 611 844 immensa.

235 865 297 897 Sed
311 868 439 897 contra:
455 866 556 898 Omne
570 869 712 898 creatum
736 867 831 898 habet
846 870 968 898 certum

198 919 337 959 pondus,
361 929 536 951 numerum
547 944 554 958 ‚
571 922 602 951 et
630 930 814 952 mensuram
826 945 833 958 ‚
852 930 969 952 secun-

196 973 274 1004 dum
288 973 367 1004 illud
381 973 467 1013 quod
480 974 594 1004 dicitur
611 974 685 1013 Sap.
703 984 737 1004 Xl
748 974 756 989 ¹
772 983 780 1004 ι
797 974 851 1005 sed
866 975 970 1013 gratia

197 1026 283 1057 illius
306 1026 465 1063 hominis,
481 1026 600 1057 scilicet
619 1026 752 1065 Christi,
772 1030 819 1058 est
839 1030 944 1058 creata
961 1039 967 1059 :

196 1089 292 1119 ergo,
307 1083 365 1110 etc.

237 1132 326 1172 Item,
343 1134 491 1173 quamvis
503 1135 607 1173 gratia
622 1144 687 1165 non
702 1144 827 1175 semper
841 1145 970 1175 respon-

196 1188 267 1218 deat
278 1187 477 1218 naturalibus
489 1197 545 1227 per
560 1189 785 1228 aequalitatem,
802 1189 971 1229 respondet

195 1243 302 1272 tamen
317 1241 495 1272 secuudum
504 1241 643 1272 debitam
654 1243 903 1282 proportionem,
916 1243 971 1274 uhi

195 1304 262 1326 non
275 1297 323 1326 est
332 1296 470 1327 defectus
482 1298 596 1334 aparte
609 1296 808 1336 suscipientis
828 1308 834 1327 z
847 1297 901 1327 sed
912 1306 969 1327 na-

197 1349 313 1380 turalia
337 1349 451 1381 Christi
472 1359 537 1380 non
550 1352 625 1380 sunt
649 1350 786 1388 infinita,
803 1360 861 1382 nec
875 1360 970 1381 exce-

198 1403 278 1434 dunt
288 1403 319 1433 in
329 1403 494 1433 infinitum
508 1403 665 1434 naturalia
679 1404 850 1443 cujuslibet
863 1404 972 1435 homi-

198 1457 248 1488 nis
260 1467 267 1488 :
279 1466 357 1496 ergo
374 1466 432 1487 nec
443 1457 594 1496 gratuita.

239 1511 317 1541 Item
339 1511 480 1541 infinitas
494 1511 529 1541 in
543 1512 688 1541 creatura
706 1511 786 1542 tollit
806 1512 927 1543 bonum
942 1514 973 1543 et

198 1565 433 1605 perfectionem,
450 1565 527 1604 quia
541 1565 625 1604 quod
635 1567 681 1595 est
695 1565 870 1603 infinitum,
888 1568 972 1596 caret

198 1619 261 1649 fine
285 1620 316 1648 et
336 1618 473 1649 termino
490 1628 496 1649 :
514 1627 591 1658 ergo
620 1619 770 1658 bonitate,
788 1622 818 1650 et
832 1620 972 1660 comple-

198 1675 317 1703 mento.
334 1672 395 1703 Sed
408 1673 512 1711 gratia
522 1672 635 1703 Christi
651 1673 721 1703 haec
732 1674 795 1704 duo
811 1674 972 1714 praecipue

197 1727 330 1758 habuit:
348 1736 427 1766 ergo
442 1727 571 1758 videtur
588 1727 673 1767 quod
686 1727 823 1758 conditio
843 1728 973 1759 finitatis

197 1781 243 1812 illi
254 1780 415 1821 praecipue
427 1781 596 1820 competat.

238 1834 317 1865 Item
345 1834 470 1865 infinito
485 1834 565 1865 nihil
589 1836 694 1874 majus
710 1845 716 1865 :
733 1844 812 1874 ergo
829 1835 855 1865 si
870 1835 974 1875 gratia

199 1889 323 1927 Christi,
345 1889 524 1919 secundum
550 1888 636 1928 quod
662 1889 771 1927 homo,
788 1892 869 1920 esset
897 1890 973 1920 infi-

198 1945 276 1982 nita,
305 1944 409 1983 gratia
435 1944 576 1974 increata
595 1952 660 1974 non
683 1945 763 1974 esset
777 1945 880 1983 maj0r
897 1943 971 1974 illa:

199 2006 275 2037 ergc
290 1996 417 2028 Creator
431 1998 461 2027 et
471 1998 616 2027 creatura
626 1999 831 2036 aequarentur
842 1997 875 2027 in
885 1998 975 2028 nobi-

199 2051 285 2081 litate
295 2052 326 2081 et
337 2050 541 2081 excellentia:
557 2049 644 2089 quod
657 2050 683 2080 si
697 2050 758 2081 hoc
771 2053 818 2081 est
831 2050 976 2090 impossi-

198 2104 271 2141 hile,
285 2106 391 2142 restat,
408 2105 466 2135 etc.

470 2193 694 2226 CONCLUSIO.

200 2265 299 2293 Gratia
312 2272 371 2299 quoe
383 2266 441 2298 fuit
456 2266 486 2291 in
503 2265 620 2297 Christe,
644 2266 673 2292 in
686 2266 775 2300 seipsa
790 2266 973 2299 considerata,

235 2308 356 2334 absolute
369 2308 426 2341 fait
441 2309 523 2341 finita
537 2317 543 2338 ;
559 2307 630 2342 qaod
645 2309 669 2334 si?
684 2309 713 2334 in
726 2310 926 2344 comparatione
940 2310 977 2336 ad

233 2354 338 2386 gratias
351 2353 468 2379 aliorum
481 2352 673 2383 consideratur,
686 2355 798 2388 propter
813 2354 976 2389 conjunctio-

236 2405 295 2424 nem
310 2405 367 2424 cum
382 2397 468 2425 Verbo
478 2399 568 2432 potest
583 2397 638 2424 dici
649 2398 770 2431 infinita.

242 2475 333 2516 Resp.
357 2477 396 2508 ad
428 2486 498 2517 arg.
538 2477 714 2508 Dicendum
743 2478 828 2517 quod
854 2478 975 2518 aliquid

203 2538 353 2560 mensura
367 2539 484 2569 carere,
494 2530 561 2562 sive
571 2531 766 2562 immensum
776 2540 854 2570 esse,
870 2532 976 2572 dupli-

202 2582 279 2613 citer
294 2583 341 2613 est
357 2593 364 2612 :
385 2583 436 2614 vel
462 2584 605 2615 absolute
619 2584 654 2615 in
668 2593 715 2622 se,
730 2585 782 2617 vel
795 2586 829 2616 in
845 2595 974 2626 compa-

202 2635 336 2667 ratione.
351 2635 384 2668 Si
398 2644 478 2675 ergo
493 2637 664 2678 loquamur
678 2639 718 2670 de
731 2639 836 2678 gratia
853 2639 975 2672 Christo

1735 167 1794 196 281

1021 227 1143 264 collata,
1158 229 1332 259 secundum
1352 231 1440 269 quod
1457 233 1503 261 est
1525 230 1699 269 singularis
1725 241 1799 271 per-

1021 289 1098 311 sona
1123 282 1156 311 in
1170 290 1214 318 se,
1231 282 1275 312 sic
1302 292 1377 313 cum
1402 284 1483 315 dicat
1505 284 1628 314 donum
1644 286 1799 323 creatum,

1021 335 1198 365 necessario
1214 336 1343 366 finitum
1360 339 1406 368 est
1426 340 1457 368 et
1473 339 1716 368 mensuratum²
1737 349 1743 368 z
1760 339 1802 367 fi-

1022 387 1106 418 nitas
1128 388 1215 418 enim
1246 391 1276 419 et
1295 391 1491 421 mensuratio
1518 390 1602 421 circa
1624 393 1802 421 creaturam

1022 441 1127 480 potius
1142 441 1252 472 dicunt
1267 444 1548 483 complementum,
1560 453 1659 483 quam
1682 444 1801 483 imper-

1022 494 1197 524 fectionem.
1229 495 1261 525 Si
1289 499 1397 527 autem
1423 497 1594 537 loquamur
1616 497 1654 527 de
1684 497 1736 527 illa
1771 497 1803 527 in

1023 547 1258 586 comparatione
1274 548 1313 578 ad
1328 550 1446 587 gratias
1465 550 1602 580 aliorum
1617 549 1802 587 hominum,

1023 599 1067 630 sic
1117 599 1475 640 improportionabiliter
1517 602 1640 632 excedit
1683 602 1804 632 ratione

1023 653 1154 684 unionis
1167 654 1207 684 ad
1231 663 1401 694 personam
1418 654 1523 691 Verbi,
1541 656 1579 686 ad
1594 664 1691 694 quam
1710 655 1805 686 unio-

1023 716 1097 736 nem
1122 707 1226 746 gratia
1251 707 1304 738 illa
1331 708 1486 748 disposuit
1500 709 1641 739 animam
1665 708 1779 738 Christi
1795 717 1802 738 :

1024 761 1130 800 gratia
1164 761 1252 792 enim
1289 762 1343 793 illa
1376 765 1505 803 propter
1545 763 1803 802 conjunctionem

1024 823 1186 845 summam
1201 824 1275 846 cum
1288 815 1392 846 Verbo
1412 818 1533 847 aeterno
1546 816 1642 846 habet
1654 815 1806 846 excedere

1024 867 1057 897 in
1072 868 1236 899 infinitum
1257 871 1289 899 et
1304 870 1669 901 incommensurabiliter
1686 869 1806 908 gratias

1025 921 1162 952 aliorum
1188 922 1361 953 hominum
1377 923 1553 963 tripliciter,
1570 922 1687 953 scilicet
1699 931 1805 962 quan—

1025 976 1096 1004 tum
1122 975 1162 1005 ad
1189 975 1347 1006 virtutum
1372 976 1512 1013 habitus,
1529 978 1560 1006 et
1585 977 1742 1016 quantum
1767 975 1805 1005 ad

1025 1037 1116 1066 usus,
1132 1031 1163 1059 et
1179 1031 1337 1068 quantum
1353 1029 1392 1060 ad
1408 1029 1549 1061 effectus
1579 1029 1741 1066 Quantum
1767 1028 1807 1059 ad

1026 1081 1155 1113 habitus
1183 1093 1189 1113 :
1208 1092 1389 1122 numquam
1416 1083 1502 1113 enim
1527 1083 1634 1122 aliqua
1661 1084 1808 1112 creatura

1027 1137 1129 1175 potest
1143 1137 1270 1165 tantum
1286 1136 1452 1175 proficere,
1463 1135 1548 1174 quod
1564 1137 1630 1165 tam
1646 1134 1762 1165 nobilis
1777 1137 1808 1165 et

1026 1188 1155 1228 perfecti
1169 1188 1298 1219 habitus
1318 1188 1358 1218 sit
1384 1197 1496 1227 capax,
1509 1188 1590 1218 sicut
1607 1188 1715 1218 anima
1728 1197 1806 1218 con-

1022 1243 1135 1282 juncta
1149 1242 1211 1272 Deo
1226 1241 1259 1271 in
1274 1242 1395 1272 unitate
1410 1250 1566 1281 personae.
1590 1241 1753 1278 Quantum
1768 1241 1807 1271 ad

1027 1304 1104 1325 usus
1119 1294 1288 1332 virtutum,
1301 1294 1377 1334 quia
1393 1303 1504 1325 omnes
1519 1294 1654 1324 virtutes
1662 1294 1695 1323 in
1704 1293 1807 1324 Chris-

1027 1351 1059 1379 to
1074 1348 1256 1379 habuerunt
1269 1357 1347 1379 usus
1358 1357 1444 1386 suOS,
1462 1348 1518 1387 qui
1532 1349 1674 1387 spectant
1685 1347 1723 1377 ad
1734 1356 1807 1386 per-

1026 1402 1194 1432 fectionem
1208 1412 1215 1432 ε
1232 1403 1263 1432 et
1276 1403 1443 1441 propterea
1457 1401 1606 1431 dicuntur
1616 1400 1712 1430 fuisse
1727 1400 1807 1430 ineo

1027 1464 1139 1486 omues
1155 1464 1277 1491 sensuS,
1287 1455 1365 1494 quia
1379 1463 1476 1485 usum
1487 1454 1599 1484 habuit
1613 1453 1807 1493 completum

1027 1508 1173 1539 omnium
1185 1509 1344 1539 donorum
1358 1507 1572 1539 excellentiori
1585 1508 1693 1545 modo,
1708 1516 1808 1547 quam

1028 1570 1183 1601 umquam
1212 1561 1316 1592 adhuc
1342 1561 1481 1601 pertingi
1511 1561 1608 1600 possit
1624 1560 1663 1590 ab
1687 1560 1806 1599 aliquo.

1028 1616 1191 1652 Quantum
1206 1614 1246 1645 ad
1259 1615 1408 1645 effectum
1417 1614 1562 1644 similiter
1574 1613 1802 1652 improportio-

1028 1669 1176 1699 nabiliter
1185 1668 1309 1699 excedit
1323 1668 1425 1706 gratia
1443 1667 1568 1705 Christi,
1586 1667 1661 1706 quia
1676 1669 1808 1706 propter

1028 1722 1088 1752 hoc
1102 1722 1188 1762 quod
1202 1721 1253 1751 ille
1267 1721 1363 1751 homo
1376 1722 1441 1750 erat
1459 1720 1513 1751 Dei
1532 1720 1643 1756 Filius,
1655 1720 1808 1750 meritum

1027 1775 1113 1806 illius
1133 1776 1284 1814 pensatur
1310 1774 1487 1804 secundum
1510 1774 1700 1813 dignitatem
1721 1773 1809 1804 illius

1028 1837 1183 1869 personae,
1201 1838 1219 1858 a
1238 1837 1302 1867 qua
1316 1827 1381 1858 exit
1394 1836 1475 1867 opus
1493 1838 1499 1857 :
1517 1829 1547 1857 et
1560 1828 1728 1866 propterea
1741 1835 1806 1856 me-

1028 1883 1127 1913 ritum
1141 1881 1295 1922 passionis
1307 1890 1375 1912 suae
1385 1881 1419 1911 in
1433 1881 1597 1911 infinitum
1607 1880 1729 1910 excedit
1741 1889 1809 1910 me-

1030 1936 1089 1966 rita
1104 1935 1288 1975 passionum
1301 1936 1484 1965 nostrarum
1501 1945 1507 1965 :
1532 1936 1562 1964 et
1577 1933 1617 1964 ob
1640 1933 1701 1963 hoc
1724 1933 1810 1973 quod

1030 1990 1112 2020 Deus
1121 1990 1199 2026 erat,
1210 1997 1295 2019 mors
1306 1989 1375 2027 ejus
1385 1989 1516 2027 pensata
1526 1987 1585 2017 fuit
1596 1996 1615 2016 a
1627 1986 1700 2024 Deo,
1711 1995 1811 2026 quan-

1030 2045 1082 2073 tus
1095 2044 1163 2072 erat
1177 2042 1228 2072 ille
1256 2041 1311 2081 qui
1337 2041 1545 2071 moriebatur.
1558 2039 1606 2078 „Et
1622 2040 1691 2070 ideo
1705 2049 1810 2079 quan-

1029 2099 1100 2127 tum
1110 2096 1149 2126 ad
1163 2095 1396 2134 sufficientiam,
1412 2095 1438 2125 si
1454 2094 1580 2124 infinita
1596 2093 1696 2123 millia
1706 2092 1810 2123 homi·

1030 2158 1111 2180 num
1126 2151 1228 2180 essent
1241 2151 1333 2180 reatu
1358 2148 1524 2187 originalis
1544 2147 1683 2185 astricta,
1698 2155 1754 2186 per
1770 2146 1810 2176 il-

1030 2203 1092 2233 lius
1118 2202 1272 2242 passionis
1285 2202 1435 2233 effectum
1448 2201 1624 2241 potuissent
1646 2209 1713 2230 esse
1728 2200 1806 2230 libe-

1030 2259 1110 2288 rata.
1128 2256 1371 2288 Concedendum
1399 2257 1446 2286 est
1473 2263 1563 2294 ergo,
1589 2254 1674 2294 quod
1705 2253 1810 2292 gratia

1031 2311 1155 2349 Christi,
1170 2311 1347 2342 secuudum
1364 2309 1462 2349 ‚quod
1478 2309 1586 2347 homo,
1602 2311 1648 2339 est
1673 2308 1764 2338 finita
1781 2309 1812 2338 et

1031 2366 1226 2402 mensurata,
1242 2364 1319 2404 quia
1335 2365 1440 2394 creata
1450 2364 1496 2393 est
1510 2363 1544 2393 in
1560 2370 1708 2397 numero,
1725 2370 1810 2400 pon-

1032 2419 1106 2449 dere
1121 2420 1151 2449 et
1166 2427 1336 2455 mensura;
1354 2418 1384 2447 et
1399 2416 1608 2447 concedendae
1626 2416 1701 2445 suut
1714 2414 1811 2445 ratio-

1031 2480 1087 2502 nes
1099 2471 1138 2502 ad
1151 2473 1275 2512 partem
1289 2471 1395 2501 istam.

1073 2527 1101 2555 ¹1.
1129 2524 1178 2555 Ad
1193 2524 1273 2555 illud
1294 2523 1380 2564 quod
1402 2522 1552 2562 objicitur
1576 2520 1691 2560 primo,
1718 2519 1806 2560 quod

1063 2605 1070 2620 ¹
1089 2605 1158 2635 Sap„
1175 2610 1217 2635 xi,
1232 2606 1271 2629 21.
1283 2617 1314 2621 —
1325 2605 1334 2620 ¹
1349 2604 1408 2627 Haee
1422 2601 1548 2632 approbat
1575 2600 1601 2625 S.
1622 2599 1750 2630 Thomas,
1765 2598 1809 2627 ΙΙΙ,

1033 2648 1058 2672 q.
1072 2646 1121 2671 vu,
1133 2642 1181 2664 art.
1202 2641 1227 2665 2.
