2017 2960
251 204 307 232 ⁴94

290 269 320 297 2.
343 266 388 296 Ad
415 264 491 294 illud
516 261 717 299 Philosophi,
741 259 823 298 quod
848 258 950 288 virtus
972 259 1018 287 est

251 321 366 350 certior
385 317 470 347 ouini
492 319 573 351 arto,
591 313 761 343 dicendum
781 312 864 351 quod
881 310 1020 349 loquitur

253 373 290 402 de
306 372 422 401 virtute
444 372 471 398 ct
488 370 567 401 miv,
586 365 760 395 >erundum
787 364 870 403 (prod
891 372 1020 401 compa-

255 428 366 455 rantur
381 423 417 452 ad
439 422 532 451 idern.
551 419 647 449 Multo
663 418 748 448 enim
765 417 878 447 melius
893 416 949 446 scit
963 415 1022 445 ali-

257 478 328 517 quis
343 475 484 505 invenire
498 472 636 502 inedium
649 474 680 501 et
691 472 851 510 objectum
869 478 924 508 per
938 468 1024 498 hahi-

259 534 325 560 tnni
344 527 484 562 virtutis,
501 534 597 564 quain
614 533 668 563 per
683 524 825 554 habitum
843 531 930 561 pniae
947 530 1026 558 cog-

260 581 400 612 nitionis.
418 579 485 609 Non
507 581 550 608 est
576 580 681 607 autem
698 576 888 615 generaliter
912 574 1024 604 intelli-

262 634 420 673 gendum,
437 631 520 671 quod
545 631 645 660 virtus
661 630 699 659 sit
720 629 833 659 certior
854 628 935 657 circa
954 635 1027 666 pro-

263 689 367 728 prium
383 686 556 725 oli-ioelum,
574 693 669 723 quani
684 683 790 721 aliqua
804 680 933 711 seientia
947 680 1029 710 circa

260 750 368 771 snum.

305 795 333 823 3.
350 792 396 823 Ad
421 791 496 821 illud
519 790 602 829 quod
619 789 786 828 oli-ficitur,
810 787 894 826 quod
914 786 1030 816 certius

266 847 391 877 videtur
406 844 489 883 quod
505 843 630 873 videtur
644 842 677 871 in
695 841 816 871 lumine
830 839 970 870 veritatis
987 839 1032 868 in-

268 901 395 934 cieatae,
413 905 509 935 quani
526 895 609 934 qnod
624 894 751 924 videtur
766 893 797 922 in
812 892 933 922 lumine
948 891 1032 922 veri-

268 951 339 981 tatis
362 952 489 985 creatae,
516 947 682 977 dicendum
709 945 793 985 quod
817 945 893 975 illud
919 952 1032 974 verum

267 1006 329 1041 est,
348 1002 474 1042 qnando
497 1001 604 1029 lninen
626 999 767 1029 veritatis
787 999 934 1028 increatae
952 997 1033 1026 irra-

268 1058 331 1088 diat
352 1056 459 1096 plene⁷
477 1054 555 1084 sicut
570 1053 629 1083 erit
644 1053 677 1082 in
698 1052 808 1091 patria.
827 1051 957 1087 Quando
975 1059 1034 1079 au-

271 1113 333 1140 tem
350 1108 518 1147 semiplene
532 1106 670 1141 irradiat,
682 1114 746 1134 non
760 1107 805 1134 est
818 1112 941 1133 necesse
952 1102 1035 1142 quod

271 1163 383 1193 haheat
401 1161 562 1190 veritatem
576 1184 583 1196 7
605 1158 684 1188 sicut
698 1160 781 1197 patet
797 1168 804 1186 ε
823 1157 898 1196 quia
921 1156 1038 1186 certius

273 1218 373 1255 potest
385 1215 480 1244 honio
491 1212 597 1242 videre
607 1211 644 1240 ad
658 1210 767 1240 lumen
781 1208 929 1244 candelae,
942 1217 1037 1247 quam

273 1269 311 1299 ad
329 1269 436 1298 lnmcn
452 1266 538 1301 solis,
556 1265 609 1294 ubi
633 1264 677 1293 sol
700 1272 764 1293 non
779 1263 869 1302 plene
885 1261 1013 1292 irradiat
1030 1272 1035 1292 :

274 1322 317 1351 sic
338 1324 366 1350 et
389 1320 419 1349 in
441 1318 598 1358 proposito
619 1315 859 1354 intelligendum
883 1317 938 1345 est.
956 1314 1040 1344 Licet

275 1374 357 1404 enim
382 1374 437 1402 fiat
462 1371 622 1401 irradiatio
647 1369 806 1399 mediante
827 1368 888 1398 fide
911 1368 950 1397 ah
974 1367 1040 1406 ipsa

277 1427 407 1457 veritate
434 1427 567 1460 aelerna3
591 1432 656 1453 non
680 1424 786 1451 tamen
812 1424 857 1450 est
880 1419 1040 1450 irradiatio

276 1479 384 1517 plena,
402 1477 553 1516 quoniam
575 1477 681 1505 manet
703 1473 866 1513 speculum
886 1475 916 1502 et
939 1472 1042 1510 aenig-

274 1540 335 1561 ma.

315 1587 343 1614 4.
361 1583 408 1614 Ad
429 1582 507 1613 illud
527 1581 611 1621 quod
633 1580 782 1619 objicitur
797 1603 804 1615 ‚
828 1578 911 1618 quod
931 1578 1043 1608 certior

276 1641 322 1668 est
342 1636 484 1675 cognitio
501 1635 551 1665 cui
574 1643 637 1664 non
659 1632 866 1672 permiscetur
880 1640 979 1668 error,
995 1631 1043 1661 di-

276 1690 410 1721 cendum
436 1688 520 1728 quod
543 1696 655 1717 verum
679 1688 726 1715 est
750 1698 756 1716 2
783 1685 863 1714 sient
884 1684 956 1714 fidei
980 1692 1043 1713 non

278 1744 486 1783 permiscetur
509 1749 598 1771 error
610 1764 618 1777 ,
640 1740 681 1769 ita
703 1739 798 1769 etiam
814 1746 872 1768 nec
885 1737 1023 1767 scientiae
1035 1759 1043 1772 ,

278 1797 310 1826 in
327 1798 484 1835 quantum
507 1793 634 1824 scientia
650 1803 656 1822 ε
674 1792 734 1822 hoc
750 1794 796 1821 est
814 1791 918 1821 solum
935 1799 973 1820 ex
989 1790 1046 1820 de-

278 1851 360 1879 t'ectu
382 1858 400 1878 a
424 1850 511 1887 parte
535 1845 762 1884 cognoscentis.
785 1844 835 1874 Sic
856 1844 950 1874 etiam
972 1852 1046 1872 con-

280 1900 376 1939 tingit
403 1900 434 1929 in
458 1899 526 1938 ipsa
547 1898 608 1928 lide
627 1907 645 1927 a
668 1907 717 1936 pai
727 1900 754 1927 te
774 1896 945 1926 credentis:
969 1895 1049 1924 sicut

284 1956 365 1992 patet
393 1952 426 1981 in
455 1951 588 1987 infideli,
611 1950 664 1989 qui
683 1952 810 1989 propter
831 1948 1049 1979 distorsionem

284 2005 460 2036 intellectus
475 2013 493 2033 a
512 2003 691 2042 cognitione
706 2003 779 2032 fidei
799 2002 915 2032 labitur
937 2002 969 2031 in
984 2002 1049 2031 hae—

284 2059 394 2095 rcsim,
411 2058 488 2087 dnm
504 2066 536 2086 se
561 2056 738 2086 credulitati
753 2064 838 2085 verae
859 2054 1052 2084 intermiscet

284 2111 450 2142 credulitas
464 2110 551 2139 salsa.
567 2108 653 2139 Unde
666 2108 774 2138 exhoc
787 2116 851 2137 non
867 2109 966 2146 potest
978 2115 1051 2136 con-

285 2165 384 2202 cludi,
401 2165 485 2203 quod
502 2164 579 2194 tides
600 2163 640 2192 sit
658 2163 786 2199 certior,
800 2170 897 2200 quam
913 2160 1051 2191 scientia.

287 2217 364 2247 Illud
382 2219 488 2246 tamen
507 2225 620 2246 verum
638 2218 694 2252 est,
712 2214 796 2254 quod
819 2213 960 2243 doctrina
982 2213 1053 2243 fidei

288 2269 393 2308 magis
421 2269 573 2299 veraciter
602 2270 648 2297 est
671 2267 804 2303 tradita,
829 2275 927 2305 quam
950 2266 1055 2305 aliqua

288 2322 417 2352 scientia
433 2320 660 2360 philosophica,
676 2320 751 2359 quia
768 2319 901 2358 Spiritus
917 2321 1054 2356 sanctus,

290 2378 320 2406 et
342 2375 407 2414 ipse
430 2374 581 2410 Christus,
598 2374 652 2412 qui
667 2373 841 2403 docuerunt
853 2372 925 2402 fidei
941 2372 1055 2402 verita-

290 2432 353 2459 tem
384 2431 414 2459 et
436 2436 532 2458 sacrae
555 2427 748 2466 Scriptura:‚
779 2426 812 2455 in
833 2425 921 2456 nullo
944 2425 1057 2456 salsum

291 2483 450 2518 dixerunt,
467 2489 525 2511 nec
540 2480 571 2510 in
587 2480 693 2518 aliquo
709 2481 840 2518 possunt
853 2478 1056 2518 reprehendi:

328 2543 428 2572 ¹Ari=t.,
443 2542 562 2573 Metuph„
574 2542 615 2565 lib.
629 2541 659 2571 11,
671 2542 737 2564 cont.
752 2546 842 2564 xx1.—
851 2540 948 2571 ²1bz'd„
958 2540 1027 2564 cont.
1040 2545 1059 2564 1.

296 2593 319 2596 -
336 2579 345 2594 ³
361 2578 531 2608 CfiAlcxand.
548 2576 654 2607 Alensis,
670 2583 695 2607 p.
713 2577 754 2606 111,
775 2581 906 2606 q.va111‚
918 2575 1014 2598 memb.
1029 2576 1041 2598 ὅ
1052 2592 1059 2605 ,

295 2617 341 2638 art.
354 2615 367 2637 2
379 2622 387 2644 ;
398 2615 423 2638 S.
435 2613 616 2642 Thomas,ll-ll
626 2631 632 2642 ,
644 2613 774 2642 q.1v‚nrt.
790 2613 798 2634 1
813 2619 820 2640 ;
833 2613 858 2635 et
869 2611 899 2636 tlt
913 2610 991 2640 Seni„
1002 2610 1060 2634 dist.

335 2650 356 2678 a)
373 2649 439 2672 Edit.
456 2649 511 2672 Ven.
531 2649 597 2678 1753,
613 2647 801 2678 perscrutantis.

801 189 1108 223 SENTENTIARUM
1132 189 1204 219 Ltss.
1230 189 1280 219 111.

1074 256 1157 294 quod
1169 256 1206 285 de
1220 256 1307 286 nullo
1318 257 1503 297 philosopho
1517 258 1651 288 arbitror
1664 266 1738 288 vere
1750 265 1838 296 posse

1076 309 1136 338 dici
1151 309 1183 338 in
1196 308 1361 338 traditione
1375 309 1508 349 alicujus
1520 311 1671 341 doctrinae
1689 320 1695 340 :
1713 310 1778 339 iino
1793 309 1840 339 in-

1077 361 1250 390 veniuntur
1264 361 1346 391 veris
1362 361 1463 392 multa
1475 362 1550 393 falsa
1565 362 1794 402 permiscuisse.

1118 415 1147 442 0.
1164 413 1211 443 Ad
1229 413 1304 443 illud
1327 415 1412 453 quod
1433 415 1596 453 objicitur,
1618 416 1702 455 quod
1725 417 1843 455 quanto

1079 466 1207 495 scientia
1223 466 1357 497 nobilior
1372 469 1427 505 est,
1442 469 1531 497 tanto
1543 469 1665 506 certior,
1677 468 1842 499 dicendum

1080 519 1163 558 qnod
1179 519 1255 548 illud
1276 528 1339 549 non
1354 520 1449 550 habet
1465 520 1642 551 veritatem.
1660 521 1750 559 Nam,
1765 521 1845 551 sicut

1081 571 1155 600 dicit
1171 570 1380 610 Philosophus
1394 571 1414 610 ¹,
1434 574 1536 612 major
1552 575 1598 603 est
1612 573 1765 604 certitudo
1780 582 1846 603 ma-

1082 624 1259 654 theiiiaticae
1274 625 1423 663 scientiae,
1439 635 1535 665 quam
1549 626 1683 663 divinae3
1699 628 1730 656 et
1746 628 1848 656 tamen

1084 676 1219 706 nobilior
1233 680 1278 706 est
1292 677 1410 714 divina,
1423 687 1521 717 quain
1537 678 1759 709 mathematica
1772 688 1778 707 :
1791 677 1851 708 hoc

1085 732 1201 767 autem,
1218 732 1347 770 propter
1362 731 1519 761 defectum
1535 741 1553 762 a
1567 734 1654 771 parte
1669 731 1852 770 intelligen-

1086 784 1124 814 tis
1141 795 1147 814 :
1165 784 1257 823 quia,
1275 785 1355 815 sicut
1369 785 1444 816 dicit
1459 785 1672 826 Philosophus
1686 789 1708 824 ²,
1727 786 1809 816 sicut
1821 795 1853 816 se

1086 837 1180 867 hahet
1195 838 1305 868 oculus
1319 840 1443 869 noctuae
1459 839 1498 869 ad
1514 839 1618 869 lucem
1629 862 1636 876 ‚
1654 839 1697 869 ita
1713 838 1852 869 intellec-

1087 893 1137 920 tus
1151 893 1257 920 noster
1275 891 1313 920 ad
1332 891 1587 922 manifestissima
1608 893 1744 922 naturae.
1768 890 1855 921 Unde

1089 943 1141 972 illa
1154 951 1227 982 qnae
1239 946 1313 973 sunt
1328 944 1504 975 certissima
1517 944 1550 974 in
1566 953 1613 982 se,
1630 943 1791 982 cognoscit
1804 944 1857 974 ali-

1089 996 1215 1034 qnando
1230 995 1324 1026 dubie
1341 1007 1347 1026 ε
1363 998 1394 1026 et
1406 999 1513 1026 tamen
1528 996 1582 1026 illa
1596 996 1734 1035 cognitio
1752 996 1857 1026 minus

1090 1050 1175 1078 certa
1190 1049 1292 1087 magis
1306 1052 1352 1079 est
1367 1049 1482 1080 nobilis
1499 1052 1529 1080 et
1543 1050 1689 1089 perfecta⁷
1706 1049 1857 1089 quoniam

1091 1104 1137 1132 est
1151 1102 1189 1131 de
1205 1111 1238 1132 re
1255 1102 1412 1132 nobiliori.
1430 1102 1540 1132 Melius
1555 1104 1603 1132 est
1623 1102 1708 1133 enim
1722 1102 1772 1133 vel
1787 1110 1858 1132 mo-

1092 1155 1198 1184 dicum
1219 1155 1296 1194 quid
1318 1155 1355 1185 de
1372 1155 1432 1185 Deo
1455 1155 1550 1192 scire,
1569 1164 1665 1194 quam
1686 1155 1860 1185 coelestium

1093 1208 1143 1238 vel
1167 1208 1364 1238 terrestrium
1374 1227 1378 1230 >
1390 1208 1536 1238 notitiam
1562 1208 1690 1238 habere.
1716 1207 1862 1238 Rationes

1093 1270 1168 1290 vero
1179 1261 1217 1290 ad
1229 1261 1405 1300 oppositam
1416 1263 1537 1300 partem
1549 1260 1755 1290 coneedendae
1768 1261 1858 1289 sunt:

1094 1314 1285 1344 concludunt
1300 1314 1385 1344 enim
1406 1314 1444 1344 de
1461 1313 1649 1344 certitudine
1672 1313 1863 1353 speculatio-

1095 1368 1144 1397 nis
1160 1390 1168 1404 ,
1200 1367 1280 1396 sicut
1308 1367 1382 1397 satis
1411 1367 1532 1397 clarum
1562 1368 1608 1396 est
1623 1389 1632 1404 ‚
1658 1368 1689 1396 et
1718 1374 1862 1405 perscru-

1096 1420 1173 1450 tanti
1191 1420 1228 1458 (α)
1245 1422 1385 1459 apparet.

1363 1524 1541 1562 QUAESTIO
1563 1525 1600 1556 V.

1099 1606 1145 1632 An
1161 1606 1288 1639 diffinitio
1304 1605 1366 1640 fidei
1380 1606 1414 1632 ab
1433 1606 1562 1640 Apostolo
1584 1605 1688 1632 tradita
1703 1607 1740 1633 sic
1760 1605 1828 1632 bona
1848 1606 1867 1631 ³.

1140 1685 1180 1715 De
1205 1684 1411 1723 descriptione
1435 1684 1508 1715 fidei
1529 1684 1568 1714 ab
1592 1683 1740 1723 Apostolo
1767 1683 1867 1722 assig-

1100 1740 1190 1775 nata,
1207 1737 1359 1776 quoniam
1378 1737 1445 1776 ipsa
1461 1737 1542 1767 inter
1563 1739 1693 1767 caeteras
1707 1739 1753 1767 est
1766 1737 1869 1775 magis

1100 1791 1298 1821 authentica:
1323 1791 1437 1821 diffinit
1457 1792 1563 1820 autem
1584 1790 1752 1830 Apostolus
1774 1790 1869 1820 fidem

1102 1844 1145 1874 sic
1160 1847 1170 1862 ⁸
1185 1854 1192 1874 :
1209 1844 1305 1875 Fides
1319 1848 1364 1875 esc
1379 1843 1560 1875 substantia
1576 1850 1682 1874 rerum
1699 1842 1871 1882 speranda-

1103 1905 1188 1934 rum,
1206 1900 1425 1936 arqumemmn
1438 1904 1502 1928 non
1519 1897 1752 1936 apparentium.
1768 1895 1873 1926 Osten-

1104 1950 1189 1980 ditur
1212 1952 1319 1980 autem
1343 1950 1402 1980 ista
1424 1949 1591 1988 descriptio
1615 1948 1874 1979 inconvenienter

1105 2003 1267 2042 assignata
1293 2005 1421 2042 propter
1450 2002 1689 2042 quadruplicem
1717 2001 1873 2032 defectum

1106 2056 1160 2096 qui
1179 2056 1303 2087 videtur
1318 2065 1384 2086 esse
1398 2056 1431 2086 in
1444 2065 1480 2086 ea
1492 2080 1500 2093 ,
1517 2055 1663 2086 videlicet
1676 2056 1805 2095 propter
1819 2054 1872 2084 de-

1108 2110 1224 2140 fectum
1239 2109 1396 2146 veritatis,
1414 2111 1541 2148 propter
1563 2108 1719 2139 desectum
1739 2115 1874 2138 conver-

1108 2162 1274 2199 tibilitatis,
1299 2164 1428 2201 propter
1454 2162 1608 2192 defectum
1632 2161 1820 2198 evidentiae‚
1844 2161 1874 2190 et

1110 2217 1236 2254 propter
1257 2215 1413 2246 defectum
1437 2214 1646 2245 sufficientiae.
1663 2213 1751 2251 Quod
1769 2213 1875 2244 autem

1110 2267 1150 2297 sit
1165 2267 1198 2296 in
1212 2276 1249 2297 ea
1263 2267 1401 2298 desectus
1416 2267 1574 2305 veritatis,
1589 2265 1762 2297 ostenditur
1774 2265 1877 2304 primo

1110 2321 1143 2350 in
1169 2320 1228 2351 hoc
1251 2321 1336 2360 quod
1358 2321 1433 2351 dicit
1446 2321 1541 2351 fidem
1556 2329 1623 2351 esse
1636 2318 1852 2350 substantiam
1867 2327 1877 2346 .-

1112 2375 1167 2403 aut
1189 2373 1275 2403 enim
1297 2373 1340 2403 ibi
1362 2373 1514 2413 accipitur
1532 2371 1713 2404 substancia
1728 2369 1854 2410 proprie
1868 2393 1876 2407 ,

1112 2428 1167 2456 aut
1190 2427 1400 2457 communiter
1418 2437 1425 2457 :
1450 2426 1475 2456 si
1497 2424 1648 2464 accipitur
1670 2423 1712 2454 ibi
1732 2422 1878 2463 proprie,

1113 2488 1188 2509 cum
1211 2478 1387 2510 substantia
1411 2478 1569 2509 dividatur
1587 2478 1697 2508 contra
1717 2475 1878 2513 accidens,

1115 2547 1192 2570 xxnr,
1208 2544 1254 2565 art.
1275 2544 1297 2570 i,
1309 2548 1334 2571 q.
1352 2547 1378 2571 13
1398 2541 1498 2570 scotus,
1512 2540 1543 2564 111
1557 2539 1704 2569 Sent.‚dist.
1720 2543 1796 2568 xxm,
1809 2544 1834 2568 q.
1854 2544 1879 2568 ις

1115 2578 1243 2602 Richard..
1260 2578 1290 2601 lli
1306 2577 1385 2607 Sanc„
1406 2576 1464 2600 dist.
1479 2581 1554 2605 xxni,
1570 2576 1618 2600 art.
1633 2575 1659 2605 t,
1676 2581 1702 2605 q.
1716 2580 1742 2604 1‚·
1759 2573 1880 2604 Stephan.

1118 2612 1220 2642 Brulef„
1231 2612 1414 2643 lIlSent<‚dist.
1429 2617 1537 2641 xxnx,q.
1548 2617 1576 2641 v3
1589 2611 1663 2635 Gabr.
1676 2609 1789 2639 Biel.,111
1801 2608 1879 2639 Sunt„

1117 2649 1173 2672 dist.
1189 2653 1264 2678 xxiii,
1278 2654 1303 2678 q.
1320 2653 1337 2671 1.
1349 2659 1379 2665 -·
1390 2648 1399 2664 δ
1413 2646 1496 2677 lle-br„
1512 2652 1548 2675 xi,
1564 2649 1585 2671 1.

1895 1695 1926 1716 Ad
1937 1700 1986 1721 opp.
