<?xml version="1.0" encoding="UTF-8"?>
<!DOCTYPE html PUBLIC "-//W3C//DTD XHTML 1.0 Transitional//EN"
    "http://www.w3.org/TR/xhtml1/DTD/xhtml1-transitional.dtd">
<html xmlns="http://www.w3.org/1999/xhtml" xml:lang="en" lang="en">
 <head>
  <title>
</title>
<meta http-equiv="Content-Type" content="text/html;charset=utf-8" />
  <meta name='ocr-system' content='tesseract 3.04.00' />
  <meta name='ocr-capabilities' content='ocr_page ocr_carea ocr_par ocr_line ocrx_word'/>
</head>
<body>
  <div class='ocr_page' id='page_1' title='image "./operaomniasixtiv04bonauoft/operaomniasixtiv04bonauoft_0569.png"; bbox 0 0 2017 2960; ppageno 0'>
   <div class='ocr_carea' id='block_1_1' title="bbox 638 182 1228 221">
    <p class='ocr_par' dir='ltr' id='par_1_1' title="bbox 638 182 1228 221">
     <span class='ocr_line' id='line_1_1' title="bbox 638 182 1228 221; baseline -0.003 -5"><span class='ocrx_word' id='word_1_1' title='bbox 638 184 735 216; x_wconf 87' lang='lat' dir='ltr'>DIST.</span> <span class='ocrx_word' id='word_1_2' title='bbox 759 183 849 215; x_wconf 83' lang='lat' dir='ltr'>XXV.</span> <span class='ocrx_word' id='word_1_3' title='bbox 871 183 962 216; x_wconf 87' lang='lat' dir='ltr'>ART.</span> <span class='ocrx_word' id='word_1_4' title='bbox 986 183 1010 214; x_wconf 92' lang='grc'>1.</span> <span class='ocrx_word' id='word_1_5' title='bbox 1034 182 1182 221; x_wconf 85' lang='lat' dir='ltr'>QUAEST.</span> <span class='ocrx_word' id='word_1_6' title='bbox 1208 183 1228 214; x_wconf 91' lang='grc' dir='ltr'>Ι.</span> 
     </span>
    </p>
   </div>
   <div class='ocr_carea' id='block_1_2' title="bbox 131 251 934 2631">
    <p class='ocr_par' dir='ltr' id='par_1_2' title="bbox 131 251 907 451">
     <span class='ocr_line' id='line_1_2' title="bbox 131 251 905 291; baseline -0.004 -7"><span class='ocrx_word' id='word_1_7' title='bbox 131 253 241 291; x_wconf 84' lang='grc'>101100;</span> <span class='ocrx_word' id='word_1_8' title='bbox 255 253 331 283; x_wconf 87' lang='lat' dir='ltr'>hinc</span> <span class='ocrx_word' id='word_1_9' title='bbox 341 254 388 283; x_wconf 87' lang='lat' dir='ltr'>est</span> <span class='ocrx_word' id='word_1_10' title='bbox 402 251 486 291; x_wconf 87' lang='lat' dir='ltr'>quod</span> <span class='ocrx_word' id='word_1_11' title='bbox 501 251 568 291; x_wconf 76' lang='lat' dir='ltr'>Ipsa</span> <span class='ocrx_word' id='word_1_12' title='bbox 583 251 660 282; x_wconf 83' lang='lat' dir='ltr'>fides</span> <span class='ocrx_word' id='word_1_13' title='bbox 675 251 854 282; x_wconf 79' lang='lat' dir='ltr'>continetur</span> <span class='ocrx_word' id='word_1_14' title='bbox 871 251 905 280; x_wconf 91' lang='lat' dir='ltr'>in</span> 
     </span>
     <span class='ocr_line' id='line_1_3' title="bbox 133 304 905 346; baseline -0.005 -9"><span class='ocrx_word' id='word_1_15' title='bbox 133 305 285 346; x_wconf 90' lang='lat' dir='ltr'>Symbolo</span> <span class='ocrx_word' id='word_1_16' title='bbox 305 305 497 336; x_wconf 85' lang='lat' dir='ltr'>sufficienter</span> <span class='ocrx_word' id='word_1_17' title='bbox 519 307 549 335; x_wconf 89' lang='lat' dir='ltr'>et</span> <span class='ocrx_word' id='word_1_18' title='bbox 573 304 664 345; x_wconf 98' lang='lat' dir='ltr'>plene</span> <span class='ocrx_word' id='word_1_19' title='bbox 686 306 843 344; x_wconf 87' lang='lat' dir='ltr'>quantum</span> <span class='ocrx_word' id='word_1_20' title='bbox 866 304 905 333; x_wconf 89' lang='lat' dir='ltr'>ad</span> 
     </span>
     <span class='ocr_line' id='line_1_4' title="bbox 133 356 907 398; baseline -0.004 -9"><span class='ocrx_word' id='word_1_21' title='bbox 133 359 186 389; x_wconf 89' lang='lat' dir='ltr'>illa</span> <span class='ocrx_word' id='word_1_22' title='bbox 198 367 271 398; x_wconf 83' lang='lat' dir='ltr'>quae</span> <span class='ocrx_word' id='word_1_23' title='bbox 286 357 499 398; x_wconf 83' lang='lat' dir='ltr'>principaliter</span> <span class='ocrx_word' id='word_1_24' title='bbox 515 360 589 388; x_wconf 75' lang='lat' dir='ltr'>sunt</span> <span class='ocrx_word' id='word_1_25' title='bbox 602 357 767 388; x_wconf 86' lang='lat' dir='ltr'>credenda.</span> <span class='ocrx_word' id='word_1_26' title='bbox 785 356 823 388; x_wconf 88' lang='lat' dir='ltr'>Et</span> <span class='ocrx_word' id='word_1_27' title='bbox 838 357 907 387; x_wconf 89' lang='lat' dir='ltr'>ideo</span> 
     </span>
     <span class='ocr_line' id='line_1_5' title="bbox 133 412 905 451; baseline -0.003 -8"><span class='ocrx_word' id='word_1_28' title='bbox 133 412 342 443; x_wconf 71' lang='lat' dir='ltr'>concedendae</span> <span class='ocrx_word' id='word_1_29' title='bbox 362 414 435 443; x_wconf 91' lang='lat' dir='ltr'>sunt</span> <span class='ocrx_word' id='word_1_30' title='bbox 450 412 588 443; x_wconf 88' lang='lat' dir='ltr'>rationes</span> <span class='ocrx_word' id='word_1_31' title='bbox 607 412 644 442; x_wconf 89' lang='lat' dir='ltr'>ad</span> <span class='ocrx_word' id='word_1_32' title='bbox 664 412 757 442; x_wconf 87' lang='lat' dir='ltr'>istam</span> <span class='ocrx_word' id='word_1_33' title='bbox 772 414 905 451; x_wconf 84' lang='lat' dir='ltr'>partem.</span> 
     </span>
    </p>

    <p class='ocr_par' dir='ltr' id='par_1_3' title="bbox 133 464 924 1726">
     <span class='ocr_line' id='line_1_6' title="bbox 174 464 907 505; baseline -0.001 -10"><span class='ocrx_word' id='word_1_34' title='bbox 174 468 202 496; x_wconf 58' lang='lat'>21.</span> <span class='ocrx_word' id='word_1_35' title='bbox 228 465 276 495; x_wconf 86' lang='lat' dir='ltr'>Ad</span> <span class='ocrx_word' id='word_1_36' title='bbox 309 465 387 496; x_wconf 91' lang='lat' dir='ltr'>illud</span> <span class='ocrx_word' id='word_1_37' title='bbox 413 474 491 504; x_wconf 82' lang='lat' dir='ltr'>ergo</span> <span class='ocrx_word' id='word_1_38' title='bbox 515 465 599 505; x_wconf 90' lang='lat' dir='ltr'>quod</span> <span class='ocrx_word' id='word_1_39' title='bbox 622 465 724 505; x_wconf 87' lang='lat' dir='ltr'>primo</span> <span class='ocrx_word' id='word_1_40' title='bbox 748 464 907 504; x_wconf 83' lang='lat' dir='ltr'>objicitur,</span> 
     </span>
     <span class='ocr_line' id='line_1_7' title="bbox 133 517 910 558; baseline -0.003 -9"><span class='ocrx_word' id='word_1_41' title='bbox 133 518 218 558; x_wconf 88' lang='lat' dir='ltr'>quod</span> <span class='ocrx_word' id='word_1_42' title='bbox 236 517 353 549; x_wconf 85' lang='lat' dir='ltr'>Paulus</span> <span class='ocrx_word' id='word_1_43' title='bbox 382 520 412 549; x_wconf 89' lang='lat' dir='ltr'>et</span> <span class='ocrx_word' id='word_1_44' title='bbox 441 518 600 549; x_wconf 78' lang='lat' dir='ltr'>Barnabas</span> <span class='ocrx_word' id='word_1_45' title='bbox 626 517 707 548; x_wconf 88' lang='grc'>1111111</span> <span class='ocrx_word' id='word_1_46' title='bbox 729 517 771 547; x_wconf 92' lang='lat' dir='ltr'>ibi</span> <span class='ocrx_word' id='word_1_47' title='bbox 799 525 910 557; x_wconf 89' lang='lat' dir='ltr'>posue-</span> 
     </span>
     <span class='ocr_line' id='line_1_8' title="bbox 134 569 911 610; baseline -0.003 -8"><span class='ocrx_word' id='word_1_48' title='bbox 134 573 221 608; x_wconf 88' lang='lat' dir='ltr'>runt,</span> <span class='ocrx_word' id='word_1_49' title='bbox 245 571 414 602; x_wconf 86' lang='lat' dir='ltr'>dicendum</span> <span class='ocrx_word' id='word_1_50' title='bbox 435 571 520 610; x_wconf 90' lang='lat' dir='ltr'>quod</span> <span class='ocrx_word' id='word_1_51' title='bbox 550 570 667 601; x_wconf 86' lang='lat' dir='ltr'>Paulus</span> <span class='ocrx_word' id='word_1_52' title='bbox 696 571 726 601; x_wconf 90' lang='lat' dir='ltr'>et</span> <span class='ocrx_word' id='word_1_53' title='bbox 751 569 911 600; x_wconf 78' lang='lat' dir='ltr'>Barnabas</span> 
     </span>
     <span class='ocr_line' id='line_1_9' title="bbox 135 623 911 664; baseline -0.003 -10"><span class='ocrx_word' id='word_1_54' title='bbox 135 623 224 655; x_wconf 87' lang='lat' dir='ltr'>electi</span> <span class='ocrx_word' id='word_1_55' title='bbox 241 624 370 655; x_wconf 83' lang='lat' dir='ltr'>fuerunt</span> <span class='ocrx_word' id='word_1_56' title='bbox 386 626 456 664; x_wconf 90' lang='lat' dir='ltr'>post</span> <span class='ocrx_word' id='word_1_57' title='bbox 483 623 673 655; x_wconf 89' lang='lat' dir='ltr'>divisionem</span> <span class='ocrx_word' id='word_1_58' title='bbox 696 623 911 664; x_wconf 89' lang='lat' dir='ltr'>apostolorum</span> 
     </span>
     <span class='ocr_line' id='line_1_10' title="bbox 135 676 912 718; baseline -0.003 -10"><span class='ocrx_word' id='word_1_59' title='bbox 135 678 173 708; x_wconf 87' lang='lat' dir='ltr'>ad</span> <span class='ocrx_word' id='word_1_60' title='bbox 199 678 438 718; x_wconf 61' lang='lat' dir='ltr'>praedicandum</span> <span class='ocrx_word' id='word_1_61' title='bbox 452 702 459 715; x_wconf 88' lang='lat'>,</span> <span class='ocrx_word' id='word_1_62' title='bbox 487 677 567 707; x_wconf 86' lang='lat' dir='ltr'>sicut</span> <span class='ocrx_word' id='word_1_63' title='bbox 601 679 684 716; x_wconf 88' lang='lat' dir='ltr'>patet</span> <span class='ocrx_word' id='word_1_64' title='bbox 722 677 756 707; x_wconf 89' lang='lat' dir='ltr'>in</span> <span class='ocrx_word' id='word_1_65' title='bbox 783 676 912 707; x_wconf 87' lang='lat' dir='ltr'>Actibus</span> 
     </span>
     <span class='ocr_line' id='line_1_11' title="bbox 136 729 913 770; baseline -0.004 -8"><span class='ocrx_word' id='word_1_66' title='bbox 136 731 372 770; x_wconf 81' lang='lat' dir='ltr'>Apostolorum.</span> <span class='ocrx_word' id='word_1_67' title='bbox 388 730 425 760; x_wconf 83' lang='lat' dir='ltr'>Et</span> <span class='ocrx_word' id='word_1_68' title='bbox 440 730 591 770; x_wconf 86' lang='lat' dir='ltr'>quoniam</span> <span class='ocrx_word' id='word_1_69' title='bbox 606 729 789 769; x_wconf 78' lang='lat' dir='ltr'>symbolum</span> <span class='ocrx_word' id='word_1_70' title='bbox 804 729 913 760; x_wconf 83' lang='lat' dir='ltr'>debuit</span> 
     </span>
     <span class='ocr_line' id='line_1_12' title="bbox 136 782 911 822; baseline -0.001 -8"><span class='ocrx_word' id='word_1_71' title='bbox 136 783 285 814; x_wconf 88' lang='lat' dir='ltr'>constitui</span> <span class='ocrx_word' id='word_1_72' title='bbox 306 783 345 813; x_wconf 87' lang='lat' dir='ltr'>ab</span> <span class='ocrx_word' id='word_1_73' title='bbox 360 782 520 820; x_wconf 87' lang='lat' dir='ltr'>omnibus,</span> <span class='ocrx_word' id='word_1_74' title='bbox 536 784 567 812; x_wconf 83' lang='lat' dir='ltr'>et</span> <span class='ocrx_word' id='word_1_75' title='bbox 581 782 677 812; x_wconf 89' lang='lat' dir='ltr'>simul</span> <span class='ocrx_word' id='word_1_76' title='bbox 692 782 911 822; x_wconf 76' lang='lat' dir='ltr'>congregatis,</span> 
     </span>
     <span class='ocr_line' id='line_1_13' title="bbox 138 834 915 875; baseline -0.001 -9"><span class='ocrx_word' id='word_1_77' title='bbox 138 838 172 867; x_wconf 87' lang='lat' dir='ltr'>ut</span> <span class='ocrx_word' id='word_1_78' title='bbox 198 836 241 866; x_wconf 89' lang='lat' dir='ltr'>sic</span> <span class='ocrx_word' id='word_1_79' title='bbox 258 835 387 875; x_wconf 84' lang='lat' dir='ltr'>singula</span> <span class='ocrx_word' id='word_1_80' title='bbox 402 837 505 866; x_wconf 78' lang='lat' dir='ltr'>essent</span> <span class='ocrx_word' id='word_1_81' title='bbox 519 845 537 865; x_wconf 90' lang='lat' dir='ltr'>a</span> <span class='ocrx_word' id='word_1_82' title='bbox 550 834 686 874; x_wconf 83' lang='lat' dir='ltr'>singulis</span> <span class='ocrx_word' id='word_1_83' title='bbox 702 844 758 875; x_wconf 89' lang='lat' dir='ltr'>per</span> <span class='ocrx_word' id='word_1_84' title='bbox 785 843 915 875; x_wconf 87' lang='lat' dir='ltr'>expres-</span> 
     </span>
     <span class='ocr_line' id='line_1_14' title="bbox 137 887 913 928; baseline 0 -9"><span class='ocrx_word' id='word_1_85' title='bbox 137 890 270 927; x_wconf 80' lang='lat' dir='ltr'>sionem,</span> <span class='ocrx_word' id='word_1_86' title='bbox 288 891 318 920; x_wconf 85' lang='lat' dir='ltr'>et</span> <span class='ocrx_word' id='word_1_87' title='bbox 331 891 434 919; x_wconf 87' lang='lat' dir='ltr'>totum</span> <span class='ocrx_word' id='word_1_88' title='bbox 448 898 466 919; x_wconf 89' lang='lat' dir='ltr'>a</span> <span class='ocrx_word' id='word_1_89' title='bbox 478 887 619 928; x_wconf 83' lang='lat' dir='ltr'>quolibet</span> <span class='ocrx_word' id='word_1_90' title='bbox 633 891 698 928; x_wconf 63' lang='lat' dir='ltr'>‘per</span> <span class='ocrx_word' id='word_1_91' title='bbox 713 888 913 928; x_wconf 89' lang='lat' dir='ltr'>approbatio-</span> 
     </span>
     <span class='ocr_line' id='line_1_15' title="bbox 138 941 915 982; baseline -0.001 -9"><span class='ocrx_word' id='word_1_92' title='bbox 138 951 225 981; x_wconf 81' lang='lat' dir='ltr'>nem,</span> <span class='ocrx_word' id='word_1_93' title='bbox 239 942 314 972; x_wconf 91' lang='lat' dir='ltr'>hinc</span> <span class='ocrx_word' id='word_1_94' title='bbox 328 944 375 972; x_wconf 88' lang='lat' dir='ltr'>est</span> <span class='ocrx_word' id='word_1_95' title='bbox 389 941 474 982; x_wconf 87' lang='lat' dir='ltr'>quod</span> <span class='ocrx_word' id='word_1_96' title='bbox 490 941 571 972; x_wconf 84' lang='lat' dir='ltr'>nihil</span> <span class='ocrx_word' id='word_1_97' title='bbox 586 941 630 971; x_wconf 92' lang='lat' dir='ltr'>ibi</span> <span class='ocrx_word' id='word_1_98' title='bbox 645 942 816 982; x_wconf 89' lang='lat' dir='ltr'>apponitur</span> <span class='ocrx_word' id='word_1_99' title='bbox 831 941 915 981; x_wconf 89' lang='lat' dir='ltr'>quod</span> 
     </span>
     <span class='ocr_line' id='line_1_16' title="bbox 140 995 917 1035; baseline -0.001 -8"><span class='ocrx_word' id='word_1_100' title='bbox 140 995 239 1027; x_wconf 89' lang='lat' dir='ltr'>Paulo</span> <span class='ocrx_word' id='word_1_101' title='bbox 254 998 283 1026; x_wconf 89' lang='lat' dir='ltr'>et</span> <span class='ocrx_word' id='word_1_102' title='bbox 297 995 452 1026; x_wconf 65' lang='lat' dir='ltr'>Barnabae</span> <span class='ocrx_word' id='word_1_103' title='bbox 477 995 716 1035; x_wconf 81' lang='lat' dir='ltr'>approprietur3</span> <span class='ocrx_word' id='word_1_104' title='bbox 734 1004 793 1026; x_wconf 90' lang='lat' dir='ltr'>nec</span> <span class='ocrx_word' id='word_1_105' title='bbox 808 997 917 1026; x_wconf 86' lang='lat' dir='ltr'>tamen</span> 
     </span>
     <span class='ocr_line' id='line_1_17' title="bbox 140 1048 916 1088; baseline -0.003 -8"><span class='ocrx_word' id='word_1_106' title='bbox 140 1059 181 1080; x_wconf 77' lang='lat' dir='ltr'>ex</span> <span class='ocrx_word' id='word_1_107' title='bbox 195 1049 255 1079; x_wconf 92' lang='lat' dir='ltr'>hoc</span> <span class='ocrx_word' id='word_1_108' title='bbox 270 1048 668 1088; x_wconf 76' lang='lat' dir='ltr'>arguiturinsufficientia,</span> <span class='ocrx_word' id='word_1_109' title='bbox 687 1048 762 1088; x_wconf 86' lang='lat' dir='ltr'>quia</span> <span class='ocrx_word' id='word_1_110' title='bbox 780 1048 834 1078; x_wconf 90' lang='lat' dir='ltr'>alii</span> <span class='ocrx_word' id='word_1_111' title='bbox 848 1048 916 1079; x_wconf 89' lang='lat' dir='ltr'>fue-</span> 
     </span>
     <span class='ocr_line' id='line_1_18' title="bbox 141 1101 918 1141; baseline -0.003 -8"><span class='ocrx_word' id='word_1_112' title='bbox 141 1104 218 1133; x_wconf 89' lang='lat' dir='ltr'>runt</span> <span class='ocrx_word' id='word_1_113' title='bbox 246 1102 278 1132; x_wconf 91' lang='lat' dir='ltr'>in</span> <span class='ocrx_word' id='word_1_114' title='bbox 310 1110 445 1133; x_wconf 88' lang='lat' dir='ltr'>numero</span> <span class='ocrx_word' id='word_1_115' title='bbox 475 1101 630 1141; x_wconf 87' lang='lat' dir='ltr'>completo</span> <span class='ocrx_word' id='word_1_116' title='bbox 656 1103 686 1132; x_wconf 89' lang='lat' dir='ltr'>et</span> <span class='ocrx_word' id='word_1_117' title='bbox 713 1101 861 1141; x_wconf 84' lang='lat' dir='ltr'>perfecto,</span> <span class='ocrx_word' id='word_1_118' title='bbox 884 1101 918 1131; x_wconf 92' lang='grc'>111</span> 
     </span>
     <span class='ocr_line' id='line_1_19' title="bbox 142 1155 919 1196; baseline -0.001 -9"><span class='ocrx_word' id='word_1_119' title='bbox 142 1158 261 1196; x_wconf 88' lang='lat' dir='ltr'>quanto</span> <span class='ocrx_word' id='word_1_120' title='bbox 282 1165 418 1186; x_wconf 89' lang='lat' dir='ltr'>numero</span> <span class='ocrx_word' id='word_1_121' title='bbox 443 1155 524 1186; x_wconf 90' lang='lat' dir='ltr'>Deus</span> <span class='ocrx_word' id='word_1_122' title='bbox 544 1156 684 1194; x_wconf 75' lang='lat' dir='ltr'>elegerat</span> <span class='ocrx_word' id='word_1_123' title='bbox 705 1164 779 1186; x_wconf 88' lang='lat' dir='ltr'>suos</span> <span class='ocrx_word' id='word_1_124' title='bbox 798 1157 919 1195; x_wconf 90' lang='lat' dir='ltr'>aposto-</span> 
     </span>
     <span class='ocr_line' id='line_1_20' title="bbox 142 1208 920 1240; baseline -0.003 0"><span class='ocrx_word' id='word_1_125' title='bbox 142 1209 199 1240; x_wconf 88' lang='lat' dir='ltr'>los.</span> <span class='ocrx_word' id='word_1_126' title='bbox 219 1209 373 1240; x_wconf 82' lang='lat' dir='ltr'>Praeterea</span> <span class='ocrx_word' id='word_1_127' title='bbox 390 1208 559 1239; x_wconf 88' lang='lat' dir='ltr'>multitudo</span> <span class='ocrx_word' id='word_1_128' title='bbox 575 1208 782 1239; x_wconf 84' lang='lat' dir='ltr'>condentium</span> <span class='ocrx_word' id='word_1_129' title='bbox 799 1217 864 1240; x_wconf 92' lang='lat' dir='ltr'>non</span> <span class='ocrx_word' id='word_1_130' title='bbox 879 1208 920 1239; x_wconf 90' lang='lat' dir='ltr'>fa-</span> 
     </span>
     <span class='ocr_line' id='line_1_21' title="bbox 144 1261 921 1302; baseline 0 -10"><span class='ocrx_word' id='word_1_131' title='bbox 144 1262 185 1292; x_wconf 91' lang='lat' dir='ltr'>cit</span> <span class='ocrx_word' id='word_1_132' title='bbox 197 1262 236 1293; x_wconf 91' lang='lat' dir='ltr'>ad</span> <span class='ocrx_word' id='word_1_133' title='bbox 263 1263 419 1301; x_wconf 73' lang='lat' dir='ltr'>maiorem</span> <span class='ocrx_word' id='word_1_134' title='bbox 446 1261 670 1301; x_wconf 79' lang='lat' dir='ltr'>perfectionem</span> <span class='ocrx_word' id='word_1_135' title='bbox 689 1261 825 1302; x_wconf 77' lang='lat' dir='ltr'>symboli</span> <span class='ocrx_word' id='word_1_136' title='bbox 849 1271 921 1292; x_wconf 92' lang='lat' dir='ltr'>con-</span> 
     </span>
     <span class='ocr_line' id='line_1_22' title="bbox 143 1314 920 1355; baseline 0.001 -10"><span class='ocrx_word' id='word_1_137' title='bbox 143 1315 210 1352; x_wconf 81' lang='lat' dir='ltr'>diti,</span> <span class='ocrx_word' id='word_1_138' title='bbox 226 1315 376 1355; x_wconf 84' lang='lat' dir='ltr'>quamvis</span> <span class='ocrx_word' id='word_1_139' title='bbox 390 1315 483 1346; x_wconf 82' lang='lat' dir='ltr'>faciat</span> <span class='ocrx_word' id='word_1_140' title='bbox 507 1314 547 1346; x_wconf 89' lang='lat' dir='ltr'>ad</span> <span class='ocrx_word' id='word_1_141' title='bbox 573 1315 728 1355; x_wconf 87' lang='lat' dir='ltr'>majorem</span> <span class='ocrx_word' id='word_1_142' title='bbox 750 1315 920 1346; x_wconf 91' lang='lat' dir='ltr'>auctorita-</span> 
     </span>
     <span class='ocr_line' id='line_1_23' title="bbox 143 1368 921 1408; baseline 0 -10"><span class='ocrx_word' id='word_1_143' title='bbox 143 1369 208 1399; x_wconf 90' lang='lat' dir='ltr'>tem</span> <span class='ocrx_word' id='word_1_144' title='bbox 225 1379 232 1399; x_wconf 91' lang='lat'>:</span> <span class='ocrx_word' id='word_1_145' title='bbox 250 1369 294 1399; x_wconf 86' lang='lat' dir='ltr'>ita</span> <span class='ocrx_word' id='word_1_146' title='bbox 313 1368 399 1399; x_wconf 89' lang='lat' dir='ltr'>enim</span> <span class='ocrx_word' id='word_1_147' title='bbox 423 1368 578 1408; x_wconf 86' lang='lat' dir='ltr'>potuisset</span> <span class='ocrx_word' id='word_1_148' title='bbox 598 1377 683 1398; x_wconf 92' lang='lat' dir='ltr'>unus</span> <span class='ocrx_word' id='word_1_149' title='bbox 704 1368 865 1408; x_wconf 86' lang='lat' dir='ltr'>apostolus</span> <span class='ocrx_word' id='word_1_150' title='bbox 888 1368 921 1399; x_wconf 92' lang='lat' dir='ltr'>in</span> 
     </span>
     <span class='ocr_line' id='line_1_24' title="bbox 144 1420 919 1461; baseline 0 -10"><span class='ocrx_word' id='word_1_151' title='bbox 144 1420 251 1461; x_wconf 88' lang='lat' dir='ltr'>aliqua</span> <span class='ocrx_word' id='word_1_152' title='bbox 273 1421 447 1452; x_wconf 86' lang='lat' dir='ltr'>verborum</span> <span class='ocrx_word' id='word_1_153' title='bbox 461 1421 542 1452; x_wconf 89' lang='lat' dir='ltr'>serie</span> <span class='ocrx_word' id='word_1_154' title='bbox 557 1430 705 1452; x_wconf 86' lang='lat' dir='ltr'>enarrare</span> <span class='ocrx_word' id='word_1_155' title='bbox 721 1421 816 1452; x_wconf 81' lang='lat' dir='ltr'>tidem</span> <span class='ocrx_word' id='word_1_156' title='bbox 832 1421 919 1452; x_wconf 85' lang='lat' dir='ltr'>suffi-</span> 
     </span>
     <span class='ocr_line' id='line_1_25' title="bbox 145 1474 923 1514; baseline 0.001 -10"><span class='ocrx_word' id='word_1_157' title='bbox 145 1474 274 1512; x_wconf 82' lang='lat' dir='ltr'>cienter,</span> <span class='ocrx_word' id='word_1_158' title='bbox 287 1474 368 1505; x_wconf 91' lang='lat' dir='ltr'>sicut</span> <span class='ocrx_word' id='word_1_159' title='bbox 383 1483 494 1505; x_wconf 89' lang='lat' dir='ltr'>omnes</span> <span class='ocrx_word' id='word_1_160' title='bbox 508 1474 651 1505; x_wconf 87' lang='lat' dir='ltr'>fecerunt</span> <span class='ocrx_word' id='word_1_161' title='bbox 665 1474 699 1504; x_wconf 88' lang='lat' dir='ltr'>in</span> <span class='ocrx_word' id='word_1_162' title='bbox 715 1474 768 1505; x_wconf 87' lang='grc'>1110</span> <span class='ocrx_word' id='word_1_163' title='bbox 778 1474 923 1514; x_wconf 91' lang='lat' dir='ltr'>symbolo</span> 
     </span>
     <span class='ocr_line' id='line_1_26' title="bbox 146 1527 922 1567; baseline 0 -9"><span class='ocrx_word' id='word_1_164' title='bbox 146 1536 202 1567; x_wconf 89' lang='lat' dir='ltr'>per</span> <span class='ocrx_word' id='word_1_165' title='bbox 222 1527 424 1558; x_wconf 80' lang='lat' dir='ltr'>concordiam</span> <span class='ocrx_word' id='word_1_166' title='bbox 444 1527 528 1558; x_wconf 85' lang='lat' dir='ltr'>edito</span> <span class='ocrx_word' id='word_1_167' title='bbox 543 1538 550 1558; x_wconf 90' lang='lat'>:</span> <span class='ocrx_word' id='word_1_168' title='bbox 565 1527 670 1567; x_wconf 82' lang='lat' dir='ltr'>magis</span> <span class='ocrx_word' id='word_1_169' title='bbox 689 1529 797 1558; x_wconf 89' lang='lat' dir='ltr'>tamen</span> <span class='ocrx_word' id='word_1_170' title='bbox 815 1527 860 1558; x_wconf 90' lang='lat' dir='ltr'>sic</span> <span class='ocrx_word' id='word_1_171' title='bbox 874 1528 922 1558; x_wconf 88' lang='lat' dir='ltr'>fa-</span> 
     </span>
     <span class='ocr_line' id='line_1_27' title="bbox 147 1579 924 1620; baseline 0.001 -10"><span class='ocrx_word' id='word_1_172' title='bbox 147 1588 218 1610; x_wconf 88' lang='lat' dir='ltr'>cere</span> <span class='ocrx_word' id='word_1_173' title='bbox 233 1579 418 1618; x_wconf 84' lang='lat' dir='ltr'>voluerunt,</span> <span class='ocrx_word' id='word_1_174' title='bbox 430 1579 511 1610; x_wconf 90' lang='lat' dir='ltr'>sicut</span> <span class='ocrx_word' id='word_1_175' title='bbox 524 1579 712 1619; x_wconf 71' lang='lat' dir='ltr'>praedictum</span> <span class='ocrx_word' id='word_1_176' title='bbox 723 1582 780 1618; x_wconf 79' lang='lat' dir='ltr'>est,</span> <span class='ocrx_word' id='word_1_177' title='bbox 797 1582 924 1620; x_wconf 87' lang='lat' dir='ltr'>propter</span> 
     </span>
     <span class='ocr_line' id='line_1_28' title="bbox 149 1633 924 1673; baseline 0.001 -10"><span class='ocrx_word' id='word_1_178' title='bbox 149 1633 304 1672; x_wconf 75' lang='lat' dir='ltr'>maiorem</span> <span class='ocrx_word' id='word_1_179' title='bbox 317 1633 391 1664; x_wconf 89' lang='lat' dir='ltr'>fidei</span> <span class='ocrx_word' id='word_1_180' title='bbox 401 1633 558 1664; x_wconf 89' lang='lat' dir='ltr'>unitatem</span> <span class='ocrx_word' id='word_1_181' title='bbox 569 1633 769 1671; x_wconf 83' lang='lat' dir='ltr'>servandam,</span> <span class='ocrx_word' id='word_1_182' title='bbox 783 1636 814 1664; x_wconf 91' lang='lat' dir='ltr'>et</span> <span class='ocrx_word' id='word_1_183' title='bbox 829 1643 924 1673; x_wconf 88' lang='lat' dir='ltr'>prop-</span> 
     </span>
     <span class='ocr_line' id='line_1_29' title="bbox 149 1686 828 1726; baseline 0 -9"><span class='ocrx_word' id='word_1_184' title='bbox 149 1688 196 1717; x_wconf 86' lang='lat' dir='ltr'>ter</span> <span class='ocrx_word' id='word_1_185' title='bbox 211 1687 367 1726; x_wconf 75' lang='lat' dir='ltr'>maiorem</span> <span class='ocrx_word' id='word_1_186' title='bbox 382 1686 525 1726; x_wconf 88' lang='lat' dir='ltr'>ejusdem</span> <span class='ocrx_word' id='word_1_187' title='bbox 542 1686 616 1717; x_wconf 84' lang='lat' dir='ltr'>fidei</span> <span class='ocrx_word' id='word_1_188' title='bbox 631 1687 828 1718; x_wconf 87' lang='lat' dir='ltr'>firmitatem.</span> 
     </span>
    </p>

    <p class='ocr_par' dir='ltr' id='par_1_4' title="bbox 148 1740 931 2366">
     <span class='ocr_line' id='line_1_30' title="bbox 188 1740 926 1781; baseline 0.003 -11"><span class='ocrx_word' id='word_1_189' title='bbox 188 1743 219 1771; x_wconf 76' lang='lat'>2.</span> <span class='ocrx_word' id='word_1_190' title='bbox 236 1740 284 1771; x_wconf 89' lang='lat' dir='ltr'>Ad</span> <span class='ocrx_word' id='word_1_191' title='bbox 304 1740 383 1771; x_wconf 91' lang='lat' dir='ltr'>illud</span> <span class='ocrx_word' id='word_1_192' title='bbox 403 1741 489 1780; x_wconf 90' lang='lat' dir='ltr'>quod</span> <span class='ocrx_word' id='word_1_193' title='bbox 513 1741 701 1780; x_wconf 80' lang='lat' dir='ltr'>opponitur,</span> <span class='ocrx_word' id='word_1_194' title='bbox 718 1742 803 1781; x_wconf 88' lang='lat' dir='ltr'>quod</span> <span class='ocrx_word' id='word_1_195' title='bbox 824 1741 926 1773; x_wconf 86' lang='lat' dir='ltr'>multa</span> 
     </span>
     <span class='ocr_line' id='line_1_31' title="bbox 148 1794 924 1835; baseline 0 -10"><span class='ocrx_word' id='word_1_196' title='bbox 148 1796 224 1826; x_wconf 90' lang='lat' dir='ltr'>sunt</span> <span class='ocrx_word' id='word_1_197' title='bbox 240 1794 397 1826; x_wconf 90' lang='lat' dir='ltr'>credenda</span> <span class='ocrx_word' id='word_1_198' title='bbox 407 1818 415 1832; x_wconf 84' lang='lat'>‚</span> <span class='ocrx_word' id='word_1_199' title='bbox 432 1803 504 1834; x_wconf 86' lang='lat' dir='ltr'>quae</span> <span class='ocrx_word' id='word_1_200' title='bbox 519 1794 552 1825; x_wconf 91' lang='lat' dir='ltr'>in</span> <span class='ocrx_word' id='word_1_201' title='bbox 568 1794 722 1835; x_wconf 88' lang='lat' dir='ltr'>Symbolo</span> <span class='ocrx_word' id='word_1_202' title='bbox 737 1804 802 1826; x_wconf 91' lang='lat' dir='ltr'>non</span> <span class='ocrx_word' id='word_1_203' title='bbox 822 1795 924 1826; x_wconf 88' lang='lat' dir='ltr'>conti—</span> 
     </span>
     <span class='ocr_line' id='line_1_32' title="bbox 149 1847 924 1888; baseline -0.001 -9"><span class='ocrx_word' id='word_1_204' title='bbox 149 1849 279 1886; x_wconf 84' lang='lat' dir='ltr'>nentur,</span> <span class='ocrx_word' id='word_1_205' title='bbox 293 1848 464 1880; x_wconf 86' lang='lat' dir='ltr'>dicendum</span> <span class='ocrx_word' id='word_1_206' title='bbox 485 1847 572 1888; x_wconf 89' lang='lat' dir='ltr'>quod</span> <span class='ocrx_word' id='word_1_207' title='bbox 587 1857 703 1879; x_wconf 88' lang='lat' dir='ltr'>verum</span> <span class='ocrx_word' id='word_1_208' title='bbox 717 1850 764 1879; x_wconf 90' lang='lat' dir='ltr'>est</span> <span class='ocrx_word' id='word_1_209' title='bbox 783 1848 821 1879; x_wconf 93' lang='lat' dir='ltr'>de</span> <span class='ocrx_word' id='word_1_210' title='bbox 836 1850 924 1878; x_wconf 88' lang='lat' dir='ltr'>ante-</span> 
     </span>
     <span class='ocr_line' id='line_1_33' title="bbox 148 1901 926 1941; baseline 0 -9"><span class='ocrx_word' id='word_1_211' title='bbox 148 1901 352 1939; x_wconf 81' lang='lat' dir='ltr'>cedentibus,</span> <span class='ocrx_word' id='word_1_212' title='bbox 373 1901 455 1933; x_wconf 87' lang='lat' dir='ltr'>sicut</span> <span class='ocrx_word' id='word_1_213' title='bbox 481 1903 527 1933; x_wconf 92' lang='lat' dir='ltr'>est</span> <span class='ocrx_word' id='word_1_214' title='bbox 541 1901 602 1932; x_wconf 93' lang='grc' dir='ltr'>11οο</span> <span class='ocrx_word' id='word_1_215' title='bbox 616 1926 624 1940; x_wconf 81' lang='lat'>,</span> <span class='ocrx_word' id='word_1_216' title='bbox 648 1901 734 1941; x_wconf 88' lang='lat' dir='ltr'>quod</span> <span class='ocrx_word' id='word_1_217' title='bbox 758 1902 803 1932; x_wconf 90' lang='lat' dir='ltr'>est</span> <span class='ocrx_word' id='word_1_218' title='bbox 825 1901 926 1932; x_wconf 91' lang='lat' dir='ltr'>Deum</span> 
     </span>
     <span class='ocr_line' id='line_1_34' title="bbox 150 1954 928 1995; baseline 0 -9"><span class='ocrx_word' id='word_1_219' title='bbox 150 1964 217 1987; x_wconf 88' lang='lat' dir='ltr'>esse</span> <span class='ocrx_word' id='word_1_220' title='bbox 231 1966 238 1992; x_wconf 88' lang='lat'>;</span> <span class='ocrx_word' id='word_1_221' title='bbox 255 1957 286 1986; x_wconf 89' lang='lat' dir='ltr'>et</span> <span class='ocrx_word' id='word_1_222' title='bbox 301 1955 339 1986; x_wconf 91' lang='lat' dir='ltr'>de</span> <span class='ocrx_word' id='word_1_223' title='bbox 350 1954 630 1995; x_wconf 86' lang='lat' dir='ltr'>consequentibus,</span> <span class='ocrx_word' id='word_1_224' title='bbox 643 1954 725 1986; x_wconf 89' lang='lat' dir='ltr'>sicut</span> <span class='ocrx_word' id='word_1_225' title='bbox 738 1956 814 1986; x_wconf 92' lang='lat' dir='ltr'>sunt</span> <span class='ocrx_word' id='word_1_226' title='bbox 826 1955 928 1986; x_wconf 88' lang='lat' dir='ltr'>multa</span> 
     </span>
     <span class='ocr_line' id='line_1_35' title="bbox 150 2007 928 2049; baseline -0.003 -9"><span class='ocrx_word' id='word_1_227' title='bbox 150 2008 222 2047; x_wconf 84' lang='lat' dir='ltr'>alia,</span> <span class='ocrx_word' id='word_1_228' title='bbox 238 2017 312 2048; x_wconf 83' lang='lat' dir='ltr'>quae</span> <span class='ocrx_word' id='word_1_229' title='bbox 329 2008 367 2039; x_wconf 93' lang='lat' dir='ltr'>de</span> <span class='ocrx_word' id='word_1_230' title='bbox 382 2008 457 2049; x_wconf 90' lang='lat' dir='ltr'>ipsis</span> <span class='ocrx_word' id='word_1_231' title='bbox 472 2007 615 2039; x_wconf 79' lang='lat' dir='ltr'>articulis</span> <span class='ocrx_word' id='word_1_232' title='bbox 628 2008 711 2039; x_wconf 88' lang='lat' dir='ltr'>elicit</span> <span class='ocrx_word' id='word_1_233' title='bbox 726 2017 816 2039; x_wconf 85' lang='lat' dir='ltr'>sacra</span> <span class='ocrx_word' id='word_1_234' title='bbox 825 2008 928 2048; x_wconf 90' lang='lat' dir='ltr'>Scrip-</span> 
     </span>
     <span class='ocr_line' id='line_1_36' title="bbox 150 2059 928 2098; baseline 0 -8"><span class='ocrx_word' id='word_1_235' title='bbox 150 2061 224 2091; x_wconf 88' lang='lat' dir='ltr'>tura</span> <span class='ocrx_word' id='word_1_236' title='bbox 246 2061 277 2090; x_wconf 87' lang='lat' dir='ltr'>et</span> <span class='ocrx_word' id='word_1_237' title='bbox 298 2059 441 2090; x_wconf 89' lang='lat' dir='ltr'>doctrina</span> <span class='ocrx_word' id='word_1_238' title='bbox 455 2059 653 2098; x_wconf 79' lang='lat' dir='ltr'>theologica,</span> <span class='ocrx_word' id='word_1_239' title='bbox 670 2059 752 2090; x_wconf 86' lang='lat' dir='ltr'>sicut</span> <span class='ocrx_word' id='word_1_240' title='bbox 768 2059 928 2090; x_wconf 80' lang='lat' dir='ltr'>Christum</span> 
     </span>
     <span class='ocr_line' id='line_1_37' title="bbox 153 2112 927 2153; baseline 0 -9"><span class='ocrx_word' id='word_1_241' title='bbox 153 2122 171 2144; x_wconf 92' lang='lat' dir='ltr'>a</span> <span class='ocrx_word' id='word_1_242' title='bbox 197 2122 256 2144; x_wconf 91' lang='lat' dir='ltr'>sua</span> <span class='ocrx_word' id='word_1_243' title='bbox 284 2113 489 2153; x_wconf 77' lang='lat' dir='ltr'>conceptione</span> <span class='ocrx_word' id='word_1_244' title='bbox 518 2112 667 2143; x_wconf 90' lang='lat' dir='ltr'>habuisse</span> <span class='ocrx_word' id='word_1_245' title='bbox 696 2112 927 2152; x_wconf 86' lang='lat' dir='ltr'>plenitudinem</span> 
     </span>
     <span class='ocr_line' id='line_1_38' title="bbox 153 2165 930 2206; baseline 0 -9"><span class='ocrx_word' id='word_1_246' title='bbox 153 2166 268 2206; x_wconf 79' lang='lat' dir='ltr'>gratiae</span> <span class='ocrx_word' id='word_1_247' title='bbox 282 2190 291 2204; x_wconf 89' lang='lat'>,</span> <span class='ocrx_word' id='word_1_248' title='bbox 316 2167 347 2196; x_wconf 92' lang='lat' dir='ltr'>et</span> <span class='ocrx_word' id='word_1_249' title='bbox 368 2165 544 2196; x_wconf 80' lang='lat' dir='ltr'>consimilia</span> <span class='ocrx_word' id='word_1_250' title='bbox 567 2175 575 2196; x_wconf 93' lang='lat'>:</span> <span class='ocrx_word' id='word_1_251' title='bbox 601 2165 729 2196; x_wconf 91' lang='lat' dir='ltr'>nullum</span> <span class='ocrx_word' id='word_1_252' title='bbox 753 2168 860 2197; x_wconf 89' lang='lat' dir='ltr'>tamen</span> <span class='ocrx_word' id='word_1_253' title='bbox 883 2168 930 2197; x_wconf 89' lang='lat' dir='ltr'>est</span> 
     </span>
     <span class='ocr_line' id='line_1_39' title="bbox 154 2218 930 2260; baseline 0 -9"><span class='ocrx_word' id='word_1_254' title='bbox 154 2219 306 2251; x_wconf 85' lang='lat' dir='ltr'>credibile</span> <span class='ocrx_word' id='word_1_255' title='bbox 320 2229 338 2250; x_wconf 89' lang='lat' dir='ltr'>a</span> <span class='ocrx_word' id='word_1_256' title='bbox 352 2219 430 2258; x_wconf 85' lang='lat' dir='ltr'>fide,</span> <span class='ocrx_word' id='word_1_257' title='bbox 448 2218 533 2260; x_wconf 85' lang='lat' dir='ltr'>quod</span> <span class='ocrx_word' id='word_1_258' title='bbox 556 2228 621 2250; x_wconf 91' lang='lat' dir='ltr'>non</span> <span class='ocrx_word' id='word_1_259' title='bbox 645 2218 743 2259; x_wconf 83' lang='lat' dir='ltr'>possit</span> <span class='ocrx_word' id='word_1_260' title='bbox 760 2219 868 2250; x_wconf 87' lang='lat' dir='ltr'>reduci</span> <span class='ocrx_word' id='word_1_261' title='bbox 891 2220 930 2251; x_wconf 91' lang='lat' dir='ltr'>ad</span> 
     </span>
     <span class='ocr_line' id='line_1_40' title="bbox 155 2272 931 2314; baseline 0 -10"><span class='ocrx_word' id='word_1_262' title='bbox 155 2273 309 2305; x_wconf 85' lang='lat' dir='ltr'>articulos</span> <span class='ocrx_word' id='word_1_263' title='bbox 319 2273 353 2304; x_wconf 90' lang='lat' dir='ltr'>in</span> <span class='ocrx_word' id='word_1_264' title='bbox 361 2272 515 2314; x_wconf 83' lang='lat' dir='ltr'>Symbolo</span> <span class='ocrx_word' id='word_1_265' title='bbox 525 2274 699 2311; x_wconf 86' lang='lat' dir='ltr'>contentos,</span> <span class='ocrx_word' id='word_1_266' title='bbox 708 2272 839 2304; x_wconf 87' lang='lat' dir='ltr'>sicutad</span> <span class='ocrx_word' id='word_1_267' title='bbox 845 2273 931 2313; x_wconf 89' lang='lat' dir='ltr'>prin·</span> 
     </span>
     <span class='ocr_line' id='line_1_41' title="bbox 155 2325 857 2366; baseline 0 -10"><span class='ocrx_word' id='word_1_268' title='bbox 155 2325 237 2366; x_wconf 90' lang='lat' dir='ltr'>cipia</span> <span class='ocrx_word' id='word_1_269' title='bbox 250 2325 438 2365; x_wconf 78' lang='lat' dir='ltr'>dirigentia,</span> <span class='ocrx_word' id='word_1_270' title='bbox 457 2327 487 2357; x_wconf 90' lang='lat' dir='ltr'>et</span> <span class='ocrx_word' id='word_1_271' title='bbox 502 2325 626 2356; x_wconf 89' lang='lat' dir='ltr'>stabilia</span> <span class='ocrx_word' id='word_1_272' title='bbox 639 2325 857 2357; x_wconf 88' lang='lat' dir='ltr'>fundamenta.</span> 
     </span>
    </p>

    <p class='ocr_par' dir='ltr' id='par_1_5' title="bbox 157 2376 934 2631">
     <span class='ocr_line' id='line_1_42' title="bbox 198 2376 932 2418; baseline -0.001 -9"><span class='ocrx_word' id='word_1_273' title='bbox 198 2379 227 2409; x_wconf 90' lang='lat'>3.</span> <span class='ocrx_word' id='word_1_274' title='bbox 243 2377 291 2409; x_wconf 93' lang='lat' dir='ltr'>Ad</span> <span class='ocrx_word' id='word_1_275' title='bbox 306 2377 385 2409; x_wconf 86' lang='lat' dir='ltr'>illud</span> <span class='ocrx_word' id='word_1_276' title='bbox 399 2377 485 2417; x_wconf 89' lang='lat' dir='ltr'>quod</span> <span class='ocrx_word' id='word_1_277' title='bbox 500 2376 672 2418; x_wconf 86' lang='lat' dir='ltr'>opponitur</span> <span class='ocrx_word' id='word_1_278' title='bbox 686 2376 724 2408; x_wconf 91' lang='lat' dir='ltr'>de</span> <span class='ocrx_word' id='word_1_279' title='bbox 738 2377 932 2408; x_wconf 80' lang='lat' dir='ltr'>insufficien-</span> 
     </span>
     <span class='ocr_line' id='line_1_43' title="bbox 157 2426 930 2472; baseline 0.003 -11"><span class='ocrx_word' id='word_1_280' title='bbox 157 2430 201 2461; x_wconf 87' lang='lat' dir='ltr'>tia</span> <span class='ocrx_word' id='word_1_281' title='bbox 219 2426 363 2471; x_wconf 86' lang='lat' dir='ltr'>ipsorum</span> <span class='ocrx_word' id='word_1_282' title='bbox 378 2431 605 2470; x_wconf 87' lang='lat' dir='ltr'>articulorum,</span> <span class='ocrx_word' id='word_1_283' title='bbox 618 2431 704 2472; x_wconf 87' lang='lat' dir='ltr'>quod</span> <span class='ocrx_word' id='word_1_284' title='bbox 719 2431 846 2463; x_wconf 89' lang='lat' dir='ltr'>credere</span> <span class='ocrx_word' id='word_1_285' title='bbox 861 2441 930 2463; x_wconf 88' lang='lat' dir='ltr'>cor-</span> 
     </span>
     <span class='ocr_line' id='line_1_44' title="bbox 158 2482 933 2525; baseline 0.004 -12"><span class='ocrx_word' id='word_1_286' title='bbox 158 2492 218 2523; x_wconf 85' lang='lat' dir='ltr'>pus</span> <span class='ocrx_word' id='word_1_287' title='bbox 233 2482 348 2515; x_wconf 86' lang='lat' dir='ltr'>Christi</span> <span class='ocrx_word' id='word_1_288' title='bbox 370 2484 405 2515; x_wconf 90' lang='lat' dir='ltr'>in</span> <span class='ocrx_word' id='word_1_289' title='bbox 421 2484 535 2524; x_wconf 86' lang='lat' dir='ltr'>altari,</span> <span class='ocrx_word' id='word_1_290' title='bbox 555 2484 615 2516; x_wconf 90' lang='lat' dir='ltr'>hoc</span> <span class='ocrx_word' id='word_1_291' title='bbox 628 2484 756 2517; x_wconf 86' lang='lat' dir='ltr'>videtur</span> <span class='ocrx_word' id='word_1_292' title='bbox 774 2484 933 2525; x_wconf 87' lang='lat' dir='ltr'>pertinere</span> 
     </span>
     <span class='ocr_line' id='line_1_45' title="bbox 158 2536 933 2578; baseline 0.003 -11"><span class='ocrx_word' id='word_1_293' title='bbox 158 2536 198 2567; x_wconf 87' lang='lat' dir='ltr'>ad</span> <span class='ocrx_word' id='word_1_294' title='bbox 211 2536 384 2568; x_wconf 80' lang='lat' dir='ltr'>articulum</span> <span class='ocrx_word' id='word_1_295' title='bbox 398 2537 491 2577; x_wconf 81' lang='lat' dir='ltr'>fidei,</span> <span class='ocrx_word' id='word_1_296' title='bbox 507 2537 677 2569; x_wconf 90' lang='lat' dir='ltr'>dicendum</span> <span class='ocrx_word' id='word_1_297' title='bbox 694 2537 782 2578; x_wconf 85' lang='lat' dir='ltr'>quod</span> <span class='ocrx_word' id='word_1_298' title='bbox 796 2537 854 2569; x_wconf 87' lang='lat' dir='ltr'>iste</span> <span class='ocrx_word' id='word_1_299' title='bbox 869 2547 933 2569; x_wconf 93' lang='lat' dir='ltr'>non</span> 
     </span>
     <span class='ocr_line' id='line_1_46' title="bbox 158 2589 934 2631; baseline 0.003 -11"><span class='ocrx_word' id='word_1_300' title='bbox 158 2591 207 2621; x_wconf 83' lang='lat' dir='ltr'>est</span> <span class='ocrx_word' id='word_1_301' title='bbox 219 2589 373 2621; x_wconf 81' lang='lat' dir='ltr'>articulus</span> <span class='ocrx_word' id='word_1_302' title='bbox 395 2589 597 2630; x_wconf 87' lang='lat' dir='ltr'>principalis,</span> <span class='ocrx_word' id='word_1_303' title='bbox 612 2590 665 2622; x_wconf 89' lang='lat' dir='ltr'>sed</span> <span class='ocrx_word' id='word_1_304' title='bbox 683 2590 742 2621; x_wconf 88' lang='lat' dir='ltr'>suh</span> <span class='ocrx_word' id='word_1_305' title='bbox 758 2590 865 2631; x_wconf 89' lang='lat' dir='ltr'>aliquo</span> <span class='ocrx_word' id='word_1_306' title='bbox 881 2600 934 2622; x_wconf 88' lang='lat' dir='ltr'>ar-</span> 
     </span>
    </p>
   </div>
   <div class='ocr_carea' id='block_1_3' title="bbox 191 2651 934 2684">
    <p class='ocr_par' dir='ltr' id='par_1_6' title="bbox 191 2651 934 2684">
     <span class='ocr_line' id='line_1_47' title="bbox 191 2651 934 2684; baseline 0.004 -9"><span class='ocrx_word' id='word_1_307' title='bbox 191 2651 224 2683; x_wconf 84' lang='lat' dir='ltr'>(a)</span> <span class='ocrx_word' id='word_1_308' title='bbox 240 2651 282 2675; x_wconf 82' lang='lat' dir='ltr'>Al.</span> <span class='ocrx_word' id='word_1_309' title='bbox 307 2651 428 2676; x_wconf 82' lang='lat' dir='ltr'>deest.—</span> <span class='ocrx_word' id='word_1_310' title='bbox 442 2652 472 2683; x_wconf 88' lang='lat' dir='ltr'>(b)</span> <span class='ocrx_word' id='word_1_311' title='bbox 489 2652 699 2677; x_wconf 81' lang='lat' dir='ltr'>Conversationis</span> <span class='ocrx_word' id='word_1_312' title='bbox 717 2655 741 2677; x_wconf 86' lang='lat' dir='ltr'>ct</span> <span class='ocrx_word' id='word_1_313' title='bbox 760 2653 934 2684; x_wconf 76' lang='lat' dir='ltr'>apparitionis.</span> 
     </span>
    </p>
   </div>
   <div class='ocr_carea' id='block_1_4' title="bbox 961 187 1767 2688">
    <p class='ocr_par' dir='ltr' id='par_1_7' title="bbox 961 187 1746 1088">
     <span class='ocr_line' id='line_1_48' title="bbox 1676 187 1733 218; baseline 0 -1"><span class='ocrx_word' id='word_1_314' title='bbox 1676 187 1733 218; x_wconf 71' lang='lat'>547</span> 
     </span>
     <span class='ocr_line' id='line_1_49' title="bbox 961 250 1731 287; baseline 0.004 -7"><span class='ocrx_word' id='word_1_315' title='bbox 961 250 1058 281; x_wconf 85' lang='lat' dir='ltr'>ticulo</span> <span class='ocrx_word' id='word_1_316' title='bbox 1077 250 1267 287; x_wconf 81' lang='lat' dir='ltr'>continetur,</span> <span class='ocrx_word' id='word_1_317' title='bbox 1284 250 1367 281; x_wconf 89' lang='lat' dir='ltr'>sicut</span> <span class='ocrx_word' id='word_1_318' title='bbox 1386 252 1417 281; x_wconf 91' lang='lat' dir='ltr'>et</span> <span class='ocrx_word' id='word_1_319' title='bbox 1440 250 1502 281; x_wconf 88' lang='lat' dir='ltr'>alia</span> <span class='ocrx_word' id='word_1_320' title='bbox 1524 256 1731 283; x_wconf 89' lang='lat' dir='ltr'>sacramenta.</span> 
     </span>
     <span class='ocr_line' id='line_1_50' title="bbox 961 302 1733 343; baseline 0.001 -9"><span class='ocrx_word' id='word_1_321' title='bbox 961 302 1079 334; x_wconf 86' lang='lat' dir='ltr'>Volunt</span> <span class='ocrx_word' id='word_1_322' title='bbox 1093 305 1201 333; x_wconf 82' lang='lat' dir='ltr'>autem</span> <span class='ocrx_word' id='word_1_323' title='bbox 1215 303 1347 342; x_wconf 83' lang='lat' dir='ltr'>quidam</span> <span class='ocrx_word' id='word_1_324' title='bbox 1368 303 1470 334; x_wconf 81' lang='lat' dir='ltr'>d1cere</span> <span class='ocrx_word' id='word_1_325' title='bbox 1482 326 1490 340; x_wconf 76' lang='grc'><em>,</em></span> <span class='ocrx_word' id='word_1_326' title='bbox 1507 304 1592 343; x_wconf 87' lang='lat' dir='ltr'>quod</span> <span class='ocrx_word' id='word_1_327' title='bbox 1608 305 1733 335; x_wconf 88' lang='lat' dir='ltr'>reduci-</span> 
     </span>
     <span class='ocr_line' id='line_1_51' title="bbox 963 356 1736 396; baseline 0.004 -11"><span class='ocrx_word' id='word_1_328' title='bbox 963 358 1014 386; x_wconf 85' lang='lat' dir='ltr'>tur</span> <span class='ocrx_word' id='word_1_329' title='bbox 1038 356 1077 386; x_wconf 90' lang='lat' dir='ltr'>ad</span> <span class='ocrx_word' id='word_1_330' title='bbox 1101 356 1272 387; x_wconf 85' lang='lat' dir='ltr'>articulum</span> <span class='ocrx_word' id='word_1_331' title='bbox 1288 356 1326 387; x_wconf 86' lang='lat' dir='ltr'>de</span> <span class='ocrx_word' id='word_1_332' title='bbox 1341 357 1580 396; x_wconf 88' lang='lat' dir='ltr'>omnipotentia.</span> <span class='ocrx_word' id='word_1_333' title='bbox 1598 357 1660 388; x_wconf 88' lang='lat' dir='ltr'>Alii</span> <span class='ocrx_word' id='word_1_334' title='bbox 1674 367 1736 388; x_wconf 91' lang='lat' dir='ltr'>au-</span> 
     </span>
     <span class='ocr_line' id='line_1_52' title="bbox 964 408 1735 450; baseline 0.004 -12"><span class='ocrx_word' id='word_1_335' title='bbox 964 410 1028 438; x_wconf 88' lang='lat' dir='ltr'>tem</span> <span class='ocrx_word' id='word_1_336' title='bbox 1054 408 1211 439; x_wconf 85' lang='lat' dir='ltr'>reducunt</span> <span class='ocrx_word' id='word_1_337' title='bbox 1236 409 1274 439; x_wconf 86' lang='lat' dir='ltr'>ad</span> <span class='ocrx_word' id='word_1_338' title='bbox 1304 410 1476 440; x_wconf 88' lang='lat' dir='ltr'>articulum</span> <span class='ocrx_word' id='word_1_339' title='bbox 1504 410 1541 441; x_wconf 91' lang='lat' dir='ltr'>de</span> <span class='ocrx_word' id='word_1_340' title='bbox 1567 410 1713 450; x_wconf 86' lang='lat' dir='ltr'>passione</span> <span class='ocrx_word' id='word_1_341' title='bbox 1725 433 1735 448; x_wconf 92' lang='lat'>‚</span> 
     </span>
     <span class='ocr_line' id='line_1_53' title="bbox 964 460 1738 503; baseline 0.004 -12"><span class='ocrx_word' id='word_1_342' title='bbox 964 460 1039 500; x_wconf 84' lang='lat' dir='ltr'>qula</span> <span class='ocrx_word' id='word_1_343' title='bbox 1055 461 1138 491; x_wconf 85' lang='lat' dir='ltr'>istud</span> <span class='ocrx_word' id='word_1_344' title='bbox 1154 463 1200 492; x_wconf 87' lang='lat' dir='ltr'>est</span> <span class='ocrx_word' id='word_1_345' title='bbox 1215 463 1399 493; x_wconf 85' lang='lat' dir='ltr'>memoriale</span> <span class='ocrx_word' id='word_1_346' title='bbox 1415 463 1579 503; x_wconf 83' lang='lat' dir='ltr'>passionis.</span> <span class='ocrx_word' id='word_1_347' title='bbox 1597 462 1657 494; x_wconf 90' lang='lat' dir='ltr'>Sed</span> <span class='ocrx_word' id='word_1_348' title='bbox 1673 472 1738 494; x_wconf 91' lang='lat' dir='ltr'>me-</span> 
     </span>
     <span class='ocr_line' id='line_1_54' title="bbox 964 513 1740 553; baseline 0.005 -9"><span class='ocrx_word' id='word_1_349' title='bbox 964 513 1026 545; x_wconf 90' lang='lat' dir='ltr'>lius</span> <span class='ocrx_word' id='word_1_350' title='bbox 1039 515 1085 544; x_wconf 87' lang='lat' dir='ltr'>est</span> <span class='ocrx_word' id='word_1_351' title='bbox 1098 514 1204 553; x_wconf 84' lang='lat' dir='ltr'>ipsum</span> <span class='ocrx_word' id='word_1_352' title='bbox 1218 516 1367 546; x_wconf 82' lang='lat' dir='ltr'>reducere</span> <span class='ocrx_word' id='word_1_353' title='bbox 1379 516 1418 547; x_wconf 89' lang='lat' dir='ltr'>ad</span> <span class='ocrx_word' id='word_1_354' title='bbox 1432 516 1603 548; x_wconf 86' lang='lat' dir='ltr'>articulum</span> <span class='ocrx_word' id='word_1_355' title='bbox 1617 517 1654 548; x_wconf 89' lang='lat' dir='ltr'>de</span> <span class='ocrx_word' id='word_1_356' title='bbox 1668 517 1740 548; x_wconf 91' lang='lat' dir='ltr'>uni-</span> 
     </span>
     <span class='ocr_line' id='line_1_55' title="bbox 966 567 1739 609; baseline 0.004 -12"><span class='ocrx_word' id='word_1_357' title='bbox 966 568 1029 597; x_wconf 87' lang='lat' dir='ltr'>tate</span> <span class='ocrx_word' id='word_1_358' title='bbox 1044 567 1189 599; x_wconf 79' lang='lat' dir='ltr'>Eeclesiae</span> <span class='ocrx_word' id='word_1_359' title='bbox 1212 570 1243 598; x_wconf 90' lang='lat' dir='ltr'>et</span> <span class='ocrx_word' id='word_1_360' title='bbox 1257 572 1457 608; x_wconf 83' lang='lat' dir='ltr'>peccatorum</span> <span class='ocrx_word' id='word_1_361' title='bbox 1473 571 1678 609; x_wconf 86' lang='lat' dir='ltr'>remissione,</span> <span class='ocrx_word' id='word_1_362' title='bbox 1695 570 1739 601; x_wconf 92' lang='lat' dir='ltr'>si-</span> 
     </span>
     <span class='ocr_line' id='line_1_56' title="bbox 966 621 1737 662; baseline 0.008 -12"><span class='ocrx_word' id='word_1_363' title='bbox 966 622 1019 650; x_wconf 89' lang='lat' dir='ltr'>cut</span> <span class='ocrx_word' id='word_1_364' title='bbox 1041 622 1072 651; x_wconf 89' lang='lat' dir='ltr'>et</span> <span class='ocrx_word' id='word_1_365' title='bbox 1096 621 1173 652; x_wconf 86' lang='lat' dir='ltr'>fides</span> <span class='ocrx_word' id='word_1_366' title='bbox 1194 624 1338 662; x_wconf 80' lang='lat' dir='ltr'>respectu</span> <span class='ocrx_word' id='word_1_367' title='bbox 1363 623 1499 654; x_wconf 76' lang='lat' dir='ltr'>afiorum</span> <span class='ocrx_word' id='word_1_368' title='bbox 1523 626 1737 655; x_wconf 87' lang='lat' dir='ltr'>sacramento-</span> 
     </span>
     <span class='ocr_line' id='line_1_57' title="bbox 968 673 1740 718; baseline 0.006 -15"><span class='ocrx_word' id='word_1_369' title='bbox 968 682 1051 704; x_wconf 86' lang='lat' dir='ltr'>rum.</span> <span class='ocrx_word' id='word_1_370' title='bbox 1070 673 1106 704; x_wconf 91' lang='lat' dir='ltr'>In</span> <span class='ocrx_word' id='word_1_371' title='bbox 1121 674 1195 714; x_wconf 85' lang='lat' dir='ltr'>ipsis</span> <span class='ocrx_word' id='word_1_372' title='bbox 1216 676 1302 706; x_wconf 88' lang='lat' dir='ltr'>enim</span> <span class='ocrx_word' id='word_1_373' title='bbox 1325 677 1531 708; x_wconf 82' lang='lat' dir='ltr'>sacramentis</span> <span class='ocrx_word' id='word_1_374' title='bbox 1544 678 1579 707; x_wconf 81' lang='lat' dir='ltr'>fit</span> <span class='ocrx_word' id='word_1_375' title='bbox 1595 680 1740 718; x_wconf 89' lang='lat' dir='ltr'>peccato-</span> 
     </span>
     <span class='ocr_line' id='line_1_58' title="bbox 968 728 1742 769; baseline 0.005 -12"><span class='ocrx_word' id='word_1_376' title='bbox 968 736 1042 757; x_wconf 88' lang='lat' dir='ltr'>rum</span> <span class='ocrx_word' id='word_1_377' title='bbox 1053 728 1208 759; x_wconf 85' lang='lat' dir='ltr'>remissio.</span> <span class='ocrx_word' id='word_1_378' title='bbox 1222 728 1258 759; x_wconf 91' lang='lat' dir='ltr'>In</span> <span class='ocrx_word' id='word_1_379' title='bbox 1268 729 1343 769; x_wconf 90' lang='lat' dir='ltr'>ipsis</span> <span class='ocrx_word' id='word_1_380' title='bbox 1355 729 1450 761; x_wconf 87' lang='lat' dir='ltr'>etiam</span> <span class='ocrx_word' id='word_1_381' title='bbox 1463 730 1636 761; x_wconf 84' lang='lat' dir='ltr'>attenditur</span> <span class='ocrx_word' id='word_1_382' title='bbox 1648 731 1742 762; x_wconf 88' lang='lat' dir='ltr'>totius</span> 
     </span>
     <span class='ocr_line' id='line_1_59' title="bbox 969 779 1743 824; baseline 0.005 -14"><span class='ocrx_word' id='word_1_383' title='bbox 969 779 1114 811; x_wconf 81' lang='lat' dir='ltr'>Ecclesiae</span> <span class='ocrx_word' id='word_1_384' title='bbox 1129 786 1311 813; x_wconf 83' lang='lat' dir='ltr'>sanctorum</span> <span class='ocrx_word' id='word_1_385' title='bbox 1334 783 1421 813; x_wconf 87' lang='lat' dir='ltr'>unio.</span> <span class='ocrx_word' id='word_1_386' title='bbox 1440 783 1527 814; x_wconf 89' lang='lat' dir='ltr'>Unde</span> <span class='ocrx_word' id='word_1_387' title='bbox 1543 784 1576 814; x_wconf 93' lang='lat' dir='ltr'>in</span> <span class='ocrx_word' id='word_1_388' title='bbox 1591 784 1743 824; x_wconf 80' lang='lat' dir='ltr'>Symbolo</span> 
     </span>
     <span class='ocr_line' id='line_1_60' title="bbox 970 834 1744 878; baseline 0.005 -14"><span class='ocrx_word' id='word_1_389' title='bbox 970 834 1097 865; x_wconf 68' lang='lat' dir='ltr'>Niczeno</span> <span class='ocrx_word' id='word_1_390' title='bbox 1120 835 1247 866; x_wconf 83' lang='lat' dir='ltr'>additur</span> <span class='ocrx_word' id='word_1_391' title='bbox 1264 847 1270 866; x_wconf 78' lang='lat' dir='ltr'><em>z</em></span> <span class='ocrx_word' id='word_1_392' title='bbox 1290 836 1446 876; x_wconf 78' lang='lat' dir='ltr'>Confiteor</span> <span class='ocrx_word' id='word_1_393' title='bbox 1463 846 1562 869; x_wconf 74' lang='lat' dir='ltr'>unum</span> <span class='ocrx_word' id='word_1_394' title='bbox 1585 838 1744 878; x_wconf 76' lang='lat' dir='ltr'>baptisma</span> 
     </span>
     <span class='ocr_line' id='line_1_61' title="bbox 971 888 1743 928; baseline 0.004 -9"><span class='ocrx_word' id='word_1_395' title='bbox 971 888 1007 919; x_wconf 79' lang='lat' dir='ltr'>in</span> <span class='ocrx_word' id='word_1_396' title='bbox 1023 889 1242 920; x_wconf 72' lang='lat' dir='ltr'>remissionem</span> <span class='ocrx_word' id='word_1_397' title='bbox 1256 893 1459 928; x_wconf 70' lang='lat' dir='ltr'>peccatorum</span> <span class='ocrx_word' id='word_1_398' title='bbox 1475 901 1485 922; x_wconf 91' lang='lat'>.·</span> <span class='ocrx_word' id='word_1_399' title='bbox 1500 891 1585 922; x_wconf 89' lang='lat' dir='ltr'>unde</span> <span class='ocrx_word' id='word_1_400' title='bbox 1599 891 1679 922; x_wconf 86' lang='lat' dir='ltr'>sicut</span> <span class='ocrx_word' id='word_1_401' title='bbox 1696 891 1743 922; x_wconf 85' lang='lat' dir='ltr'>di-</span> 
     </span>
     <span class='ocr_line' id='line_1_62' title="bbox 971 941 1746 984; baseline 0.006 -13"><span class='ocrx_word' id='word_1_402' title='bbox 971 941 1054 972; x_wconf 86' lang='lat' dir='ltr'>citur</span> <span class='ocrx_word' id='word_1_403' title='bbox 1075 942 1113 972; x_wconf 88' lang='lat' dir='ltr'>de</span> <span class='ocrx_word' id='word_1_404' title='bbox 1128 942 1187 973; x_wconf 92' lang='lat' dir='ltr'>hoc</span> <span class='ocrx_word' id='word_1_405' title='bbox 1209 946 1406 975; x_wconf 80' lang='lat' dir='ltr'>sacramento</span> <span class='ocrx_word' id='word_1_406' title='bbox 1427 944 1513 984; x_wconf 83' lang='lat' dir='ltr'>quod</span> <span class='ocrx_word' id='word_1_407' title='bbox 1529 945 1692 976; x_wconf 87' lang='lat' dir='ltr'>reducitur</span> <span class='ocrx_word' id='word_1_408' title='bbox 1706 945 1746 976; x_wconf 89' lang='lat' dir='ltr'>ad</span> 
     </span>
     <span class='ocr_line' id='line_1_63' title="bbox 973 995 1744 1038; baseline 0.005 -13"><span class='ocrx_word' id='word_1_409' title='bbox 973 995 1112 1035; x_wconf 86' lang='lat' dir='ltr'>aliquem</span> <span class='ocrx_word' id='word_1_410' title='bbox 1127 996 1301 1027; x_wconf 86' lang='lat' dir='ltr'>articulum</span> <span class='ocrx_word' id='word_1_411' title='bbox 1316 997 1525 1038; x_wconf 87' lang='lat' dir='ltr'>principalem</span> <span class='ocrx_word' id='word_1_412' title='bbox 1536 1022 1546 1037; x_wconf 87' lang='lat'>,</span> <span class='ocrx_word' id='word_1_413' title='bbox 1570 998 1615 1029; x_wconf 90' lang='lat' dir='ltr'>sic</span> <span class='ocrx_word' id='word_1_414' title='bbox 1629 998 1744 1030; x_wconf 87' lang='grc'>11110111-</span> 
     </span>
     <span class='ocr_line' id='line_1_64' title="bbox 973 1049 1548 1088; baseline 0.007 -10"><span class='ocrx_word' id='word_1_415' title='bbox 973 1049 1116 1088; x_wconf 82' lang='lat' dir='ltr'>gendum</span> <span class='ocrx_word' id='word_1_416' title='bbox 1133 1051 1180 1079; x_wconf 90' lang='lat' dir='ltr'>est</span> <span class='ocrx_word' id='word_1_417' title='bbox 1194 1050 1231 1080; x_wconf 87' lang='lat' dir='ltr'>de</span> <span class='ocrx_word' id='word_1_418' title='bbox 1247 1050 1315 1081; x_wconf 89' lang='lat' dir='ltr'>aliis</span> <span class='ocrx_word' id='word_1_419' title='bbox 1331 1051 1548 1083; x_wconf 84' lang='lat' dir='ltr'>sacramentis.</span> 
     </span>
    </p>

    <p class='ocr_par' dir='ltr' id='par_1_8' title="bbox 974 1100 1764 2626">
     <span class='ocr_line' id='line_1_65' title="bbox 1014 1100 1748 1144; baseline 0.005 -14"><span class='ocrx_word' id='word_1_420' title='bbox 1014 1103 1044 1131; x_wconf 75' lang='lat'>4.</span> <span class='ocrx_word' id='word_1_421' title='bbox 1060 1100 1107 1131; x_wconf 89' lang='lat' dir='ltr'>Ad</span> <span class='ocrx_word' id='word_1_422' title='bbox 1125 1100 1202 1132; x_wconf 90' lang='lat' dir='ltr'>illud</span> <span class='ocrx_word' id='word_1_423' title='bbox 1217 1111 1294 1133; x_wconf 90' lang='lat' dir='ltr'>vero</span> <span class='ocrx_word' id='word_1_424' title='bbox 1317 1103 1403 1142; x_wconf 85' lang='lat' dir='ltr'>quod</span> <span class='ocrx_word' id='word_1_425' title='bbox 1427 1103 1575 1143; x_wconf 61' lang='grc'>0111101101</span> <span class='ocrx_word' id='word_1_426' title='bbox 1597 1113 1637 1134; x_wconf 77' lang='lat' dir='ltr'>ex</span> <span class='ocrx_word' id='word_1_427' title='bbox 1660 1106 1748 1144; x_wconf 80' lang='lat' dir='ltr'>parte</span> 
     </span>
     <span class='ocr_line' id='line_1_66' title="bbox 974 1153 1750 1196; baseline 0.003 -11"><span class='ocrx_word' id='word_1_428' title='bbox 974 1153 1158 1185; x_wconf 80' lang='lat' dir='ltr'>divinarum</span> <span class='ocrx_word' id='word_1_429' title='bbox 1173 1155 1389 1187; x_wconf 85' lang='lat' dir='ltr'>conditionum</span> <span class='ocrx_word' id='word_1_430' title='bbox 1405 1158 1436 1186; x_wconf 89' lang='lat' dir='ltr'>et</span> <span class='ocrx_word' id='word_1_431' title='bbox 1450 1156 1687 1196; x_wconf 86' lang='lat' dir='ltr'>operationum,</span> <span class='ocrx_word' id='word_1_432' title='bbox 1706 1157 1750 1188; x_wconf 89' lang='lat' dir='ltr'>di-</span> 
     </span>
     <span class='ocr_line' id='line_1_67' title="bbox 976 1207 1749 1250; baseline 0.005 -13"><span class='ocrx_word' id='word_1_433' title='bbox 976 1207 1113 1237; x_wconf 90' lang='lat' dir='ltr'>cendum</span> <span class='ocrx_word' id='word_1_434' title='bbox 1128 1208 1214 1247; x_wconf 86' lang='lat' dir='ltr'>quod</span> <span class='ocrx_word' id='word_1_435' title='bbox 1229 1209 1423 1240; x_wconf 85' lang='lat' dir='ltr'>conditiones</span> <span class='ocrx_word' id='word_1_436' title='bbox 1446 1211 1649 1250; x_wconf 86' lang='lat' dir='ltr'>respicientes</span> <span class='ocrx_word' id='word_1_437' title='bbox 1665 1210 1749 1241; x_wconf 84' lang='lat' dir='ltr'>divi-</span> 
     </span>
     <span class='ocr_line' id='line_1_68' title="bbox 976 1260 1752 1294; baseline 0.005 -5"><span class='ocrx_word' id='word_1_438' title='bbox 976 1269 1052 1290; x_wconf 89' lang='lat' dir='ltr'>nam</span> <span class='ocrx_word' id='word_1_439' title='bbox 1067 1260 1234 1291; x_wconf 83' lang='lat' dir='ltr'>essentiam</span> <span class='ocrx_word' id='word_1_440' title='bbox 1258 1271 1322 1292; x_wconf 93' lang='lat' dir='ltr'>non</span> <span class='ocrx_word' id='word_1_441' title='bbox 1343 1262 1461 1293; x_wconf 88' lang='lat' dir='ltr'>faciunt</span> <span class='ocrx_word' id='word_1_442' title='bbox 1483 1272 1583 1294; x_wconf 89' lang='lat' dir='ltr'>novos</span> <span class='ocrx_word' id='word_1_443' title='bbox 1602 1263 1752 1294; x_wconf 87' lang='lat' dir='ltr'>articulos</span> 
     </span>
     <span class='ocr_line' id='line_1_69' title="bbox 977 1313 1753 1356; baseline 0.004 -12"><span class='ocrx_word' id='word_1_444' title='bbox 977 1313 1138 1344; x_wconf 87' lang='lat' dir='ltr'>distinctos</span> <span class='ocrx_word' id='word_1_445' title='bbox 1153 1313 1192 1344; x_wconf 88' lang='lat' dir='ltr'>ab</span> <span class='ocrx_word' id='word_1_446' title='bbox 1208 1314 1340 1345; x_wconf 85' lang='lat' dir='ltr'>articulo</span> <span class='ocrx_word' id='word_1_447' title='bbox 1357 1316 1414 1356; x_wconf 87' lang='lat' dir='ltr'>qui</span> <span class='ocrx_word' id='word_1_448' title='bbox 1438 1318 1483 1347; x_wconf 92' lang='lat' dir='ltr'>est</span> <span class='ocrx_word' id='word_1_449' title='bbox 1505 1315 1543 1347; x_wconf 88' lang='lat' dir='ltr'>de</span> <span class='ocrx_word' id='word_1_450' title='bbox 1565 1316 1687 1347; x_wconf 85' lang='lat' dir='ltr'>unitate</span> <span class='ocrx_word' id='word_1_451' title='bbox 1703 1325 1753 1347; x_wconf 92' lang='lat' dir='ltr'>es-</span> 
     </span>
     <span class='ocr_line' id='line_1_70' title="bbox 977 1366 1754 1409; baseline 0.006 -13"><span class='ocrx_word' id='word_1_452' title='bbox 977 1366 1088 1397; x_wconf 85' lang='lat' dir='ltr'>sentiae</span> <span class='ocrx_word' id='word_1_453' title='bbox 1109 1367 1239 1398; x_wconf 80' lang='lat' dir='ltr'>divinae.</span> <span class='ocrx_word' id='word_1_454' title='bbox 1256 1367 1293 1398; x_wconf 91' lang='lat' dir='ltr'>In</span> <span class='ocrx_word' id='word_1_455' title='bbox 1315 1368 1374 1399; x_wconf 92' lang='lat' dir='ltr'>hoc</span> <span class='ocrx_word' id='word_1_456' title='bbox 1388 1369 1474 1400; x_wconf 88' lang='lat' dir='ltr'>enim</span> <span class='ocrx_word' id='word_1_457' title='bbox 1489 1370 1573 1409; x_wconf 87' lang='lat' dir='ltr'>quod</span> <span class='ocrx_word' id='word_1_458' title='bbox 1597 1370 1690 1400; x_wconf 86' lang='lat' dir='ltr'>credo</span> <span class='ocrx_word' id='word_1_459' title='bbox 1704 1370 1754 1409; x_wconf 90' lang='lat' dir='ltr'>ip-</span> 
     </span>
     <span class='ocr_line' id='line_1_71' title="bbox 978 1419 1754 1462; baseline 0.005 -13"><span class='ocrx_word' id='word_1_460' title='bbox 978 1428 1050 1450; x_wconf 91' lang='lat' dir='ltr'>sum</span> <span class='ocrx_word' id='word_1_461' title='bbox 1064 1419 1163 1450; x_wconf 89' lang='lat' dir='ltr'>Deum</span> <span class='ocrx_word' id='word_1_462' title='bbox 1179 1429 1247 1451; x_wconf 87' lang='lat' dir='ltr'>esse</span> <span class='ocrx_word' id='word_1_463' title='bbox 1262 1430 1377 1459; x_wconf 83' lang='lat' dir='ltr'>unum,</span> <span class='ocrx_word' id='word_1_464' title='bbox 1390 1422 1483 1453; x_wconf 87' lang='lat' dir='ltr'>credo</span> <span class='ocrx_word' id='word_1_465' title='bbox 1494 1422 1602 1462; x_wconf 88' lang='lat' dir='ltr'>ipsum</span> <span class='ocrx_word' id='word_1_466' title='bbox 1618 1431 1685 1453; x_wconf 82' lang='lat' dir='ltr'>esse</span> <span class='ocrx_word' id='word_1_467' title='bbox 1696 1422 1754 1453; x_wconf 89' lang='lat' dir='ltr'>im-</span> 
     </span>
     <span class='ocr_line' id='line_1_72' title="bbox 980 1467 1755 1515; baseline 0.005 -13"><span class='ocrx_word' id='word_1_468' title='bbox 980 1481 1127 1503; x_wconf 88' lang='lat' dir='ltr'>mensum</span> <span class='ocrx_word' id='word_1_469' title='bbox 1138 1498 1145 1512; x_wconf 89' lang='lat'>,</span> <span class='ocrx_word' id='word_1_470' title='bbox 1162 1476 1193 1505; x_wconf 93' lang='lat' dir='ltr'>et</span> <span class='ocrx_word' id='word_1_471' title='bbox 1207 1474 1401 1513; x_wconf 76' lang='lat' dir='ltr'>simplicem,</span> <span class='ocrx_word' id='word_1_472' title='bbox 1418 1477 1592 1513; x_wconf 69' lang='lat' dir='ltr'>aeternum⁷</span> <span class='ocrx_word' id='word_1_473' title='bbox 1609 1467 1755 1515; x_wconf 85' lang='lat' dir='ltr'>omnipo·</span> 
     </span>
     <span class='ocr_line' id='line_1_73' title="bbox 980 1527 1755 1568; baseline 0.004 -12"><span class='ocrx_word' id='word_1_474' title='bbox 980 1528 1110 1565; x_wconf 88' lang='lat' dir='ltr'>tentem,</span> <span class='ocrx_word' id='word_1_475' title='bbox 1125 1530 1155 1557; x_wconf 95' lang='lat' dir='ltr'>et</span> <span class='ocrx_word' id='word_1_476' title='bbox 1170 1527 1305 1558; x_wconf 89' lang='lat' dir='ltr'>similia:</span> <span class='ocrx_word' id='word_1_477' title='bbox 1319 1527 1505 1568; x_wconf 84' lang='lat' dir='ltr'>alioquin,si</span> <span class='ocrx_word' id='word_1_478' title='bbox 1520 1537 1625 1559; x_wconf 90' lang='lat' dir='ltr'>unum</span> <span class='ocrx_word' id='word_1_479' title='bbox 1639 1529 1677 1559; x_wconf 86' lang='lat' dir='ltr'>de</span> <span class='ocrx_word' id='word_1_480' title='bbox 1689 1528 1755 1559; x_wconf 91' lang='lat' dir='ltr'>istis</span> 
     </span>
     <span class='ocr_line' id='line_1_74' title="bbox 980 1580 1755 1620; baseline 0.003 -10"><span class='ocrx_word' id='word_1_481' title='bbox 980 1580 1101 1611; x_wconf 86' lang='lat' dir='ltr'>deesset</span> <span class='ocrx_word' id='word_1_482' title='bbox 1114 1581 1167 1620; x_wconf 76' lang='lat' dir='ltr'>(a),</span> <span class='ocrx_word' id='word_1_483' title='bbox 1180 1590 1245 1611; x_wconf 92' lang='lat' dir='ltr'>non</span> <span class='ocrx_word' id='word_1_484' title='bbox 1261 1583 1342 1612; x_wconf 87' lang='lat' dir='ltr'>esset</span> <span class='ocrx_word' id='word_1_485' title='bbox 1354 1581 1448 1612; x_wconf 87' lang='lat' dir='ltr'>Deus.</span> <span class='ocrx_word' id='word_1_486' title='bbox 1463 1581 1614 1613; x_wconf 88' lang='lat' dir='ltr'>Similiter</span> <span class='ocrx_word' id='word_1_487' title='bbox 1637 1590 1702 1612; x_wconf 90' lang='lat' dir='ltr'>non</span> <span class='ocrx_word' id='word_1_488' title='bbox 1717 1582 1755 1612; x_wconf 86' lang='lat' dir='ltr'>de</span> 
     </span>
     <span class='ocr_line' id='line_1_75' title="bbox 981 1633 1752 1674; baseline 0 -10"><span class='ocrx_word' id='word_1_489' title='bbox 981 1633 1131 1664; x_wconf 90' lang='lat' dir='ltr'>omnibus</span> <span class='ocrx_word' id='word_1_490' title='bbox 1145 1634 1385 1674; x_wconf 87' lang='lat' dir='ltr'>operationibus</span> <span class='ocrx_word' id='word_1_491' title='bbox 1399 1634 1514 1666; x_wconf 89' lang='lat' dir='ltr'>debent</span> <span class='ocrx_word' id='word_1_492' title='bbox 1529 1644 1595 1666; x_wconf 83' lang='lat' dir='ltr'>esse</span> <span class='ocrx_word' id='word_1_493' title='bbox 1609 1635 1752 1673; x_wconf 82' lang='lat' dir='ltr'>articuli,</span> 
     </span>
     <span class='ocr_line' id='line_1_76' title="bbox 982 1686 1756 1728; baseline 0.001 -11"><span class='ocrx_word' id='word_1_494' title='bbox 982 1686 1035 1717; x_wconf 90' lang='lat' dir='ltr'>sed</span> <span class='ocrx_word' id='word_1_495' title='bbox 1049 1686 1087 1717; x_wconf 91' lang='lat' dir='ltr'>de</span> <span class='ocrx_word' id='word_1_496' title='bbox 1104 1687 1342 1727; x_wconf 86' lang='lat' dir='ltr'>operationibus</span> <span class='ocrx_word' id='word_1_497' title='bbox 1356 1687 1597 1728; x_wconf 84' lang='lat' dir='ltr'>principalibus,</span> <span class='ocrx_word' id='word_1_498' title='bbox 1613 1688 1756 1719; x_wconf 84' lang='lat' dir='ltr'>maxime</span> 
     </span>
     <span class='ocr_line' id='line_1_77' title="bbox 982 1739 1758 1781; baseline 0.001 -11"><span class='ocrx_word' id='word_1_499' title='bbox 982 1740 1021 1771; x_wconf 93' lang='lat' dir='ltr'>de</span> <span class='ocrx_word' id='word_1_500' title='bbox 1034 1739 1101 1777; x_wconf 88' lang='lat' dir='ltr'>his,</span> <span class='ocrx_word' id='word_1_501' title='bbox 1116 1749 1191 1780; x_wconf 84' lang='lat' dir='ltr'>quae</span> <span class='ocrx_word' id='word_1_502' title='bbox 1207 1740 1247 1771; x_wconf 86' lang='lat' dir='ltr'>ad</span> <span class='ocrx_word' id='word_1_503' title='bbox 1262 1743 1404 1772; x_wconf 88' lang='lat' dir='ltr'>nostram</span> <span class='ocrx_word' id='word_1_504' title='bbox 1418 1741 1651 1781; x_wconf 87' lang='lat' dir='ltr'>reparationem</span> <span class='ocrx_word' id='word_1_505' title='bbox 1665 1742 1696 1771; x_wconf 91' lang='lat' dir='ltr'>et</span> <span class='ocrx_word' id='word_1_506' title='bbox 1711 1750 1758 1771; x_wconf 87' lang='lat' dir='ltr'>sa-</span> 
     </span>
     <span class='ocr_line' id='line_1_78' title="bbox 981 1793 1758 1834; baseline 0 -11"><span class='ocrx_word' id='word_1_507' title='bbox 981 1793 1082 1824; x_wconf 87' lang='lat' dir='ltr'>lutem</span> <span class='ocrx_word' id='word_1_508' title='bbox 1097 1793 1296 1832; x_wconf 84' lang='lat' dir='ltr'>ordinantur,</span> <span class='ocrx_word' id='word_1_509' title='bbox 1312 1794 1351 1825; x_wconf 90' lang='lat' dir='ltr'>ad</span> <span class='ocrx_word' id='word_1_510' title='bbox 1366 1803 1465 1834; x_wconf 87' lang='lat' dir='ltr'>quam</span> <span class='ocrx_word' id='word_1_511' title='bbox 1477 1793 1587 1833; x_wconf 86' lang='lat' dir='ltr'>dirigit</span> <span class='ocrx_word' id='word_1_512' title='bbox 1597 1793 1676 1825; x_wconf 87' lang='lat' dir='ltr'>fides</span> <span class='ocrx_word' id='word_1_513' title='bbox 1687 1802 1758 1824; x_wconf 91' lang='lat' dir='ltr'>nos-</span> 
     </span>
     <span class='ocr_line' id='line_1_79' title="bbox 982 1846 1756 1887; baseline 0.001 -10"><span class='ocrx_word' id='word_1_514' title='bbox 982 1848 1040 1877; x_wconf 87' lang='lat' dir='ltr'>tra.</span> <span class='ocrx_word' id='word_1_515' title='bbox 1059 1846 1196 1878; x_wconf 89' lang='lat' dir='ltr'>Possunt</span> <span class='ocrx_word' id='word_1_516' title='bbox 1218 1849 1326 1878; x_wconf 77' lang='lat' dir='ltr'>tamen</span> <span class='ocrx_word' id='word_1_517' title='bbox 1349 1856 1461 1878; x_wconf 90' lang='lat' dir='ltr'>omnes</span> <span class='ocrx_word' id='word_1_518' title='bbox 1484 1847 1681 1887; x_wconf 85' lang='lat' dir='ltr'>operationes</span> <span class='ocrx_word' id='word_1_519' title='bbox 1703 1847 1756 1878; x_wconf 90' lang='lat' dir='ltr'>Dei</span> 
     </span>
     <span class='ocr_line' id='line_1_80' title="bbox 983 1899 1759 1941; baseline 0 -11"><span class='ocrx_word' id='word_1_520' title='bbox 983 1899 1093 1930; x_wconf 88' lang='lat' dir='ltr'>reduci</span> <span class='ocrx_word' id='word_1_521' title='bbox 1115 1899 1156 1931; x_wconf 89' lang='lat' dir='ltr'>ad</span> <span class='ocrx_word' id='word_1_522' title='bbox 1178 1899 1247 1931; x_wconf 87' lang='lat' dir='ltr'>illas</span> <span class='ocrx_word' id='word_1_523' title='bbox 1274 1902 1348 1931; x_wconf 89' lang='lat' dir='ltr'>tres.</span> <span class='ocrx_word' id='word_1_524' title='bbox 1373 1900 1484 1931; x_wconf 88' lang='lat' dir='ltr'>Omnis</span> <span class='ocrx_word' id='word_1_525' title='bbox 1507 1900 1593 1932; x_wconf 87' lang='lat' dir='ltr'>enim</span> <span class='ocrx_word' id='word_1_526' title='bbox 1617 1901 1759 1941; x_wconf 89' lang='lat' dir='ltr'>operatio</span> 
     </span>
     <span class='ocr_line' id='line_1_81' title="bbox 983 1952 1757 1994; baseline 0.001 -11"><span class='ocrx_word' id='word_1_527' title='bbox 983 1954 1039 1983; x_wconf 86' lang='lat' dir='ltr'>aut</span> <span class='ocrx_word' id='word_1_528' title='bbox 1053 1952 1184 1993; x_wconf 88' lang='lat' dir='ltr'>respicit</span> <span class='ocrx_word' id='word_1_529' title='bbox 1202 1962 1269 1984; x_wconf 91' lang='lat' dir='ltr'>esse</span> <span class='ocrx_word' id='word_1_530' title='bbox 1290 1955 1435 1993; x_wconf 85' lang='lat' dir='ltr'>naturae,</span> <span class='ocrx_word' id='word_1_531' title='bbox 1453 1955 1509 1984; x_wconf 88' lang='lat' dir='ltr'>aut</span> <span class='ocrx_word' id='word_1_532' title='bbox 1530 1962 1598 1985; x_wconf 89' lang='lat' dir='ltr'>esse</span> <span class='ocrx_word' id='word_1_533' title='bbox 1621 1953 1735 1994; x_wconf 70' lang='lat' dir='ltr'>gratiae</span> <span class='ocrx_word' id='word_1_534' title='bbox 1749 1977 1757 1991; x_wconf 87' lang='lat'>‚</span> 
     </span>
     <span class='ocr_line' id='line_1_82' title="bbox 985 2005 1759 2047; baseline 0.001 -11"><span class='ocrx_word' id='word_1_535' title='bbox 985 2007 1042 2036; x_wconf 88' lang='lat' dir='ltr'>aut</span> <span class='ocrx_word' id='word_1_536' title='bbox 1056 2015 1123 2037; x_wconf 89' lang='lat' dir='ltr'>esse</span> <span class='ocrx_word' id='word_1_537' title='bbox 1138 2005 1262 2045; x_wconf 76' lang='lat' dir='ltr'>gloriae.</span> <span class='ocrx_word' id='word_1_538' title='bbox 1279 2005 1368 2038; x_wconf 92' lang='lat' dir='ltr'>Unde</span> <span class='ocrx_word' id='word_1_539' title='bbox 1383 2007 1581 2038; x_wconf 89' lang='lat' dir='ltr'>conservatio</span> <span class='ocrx_word' id='word_1_540' title='bbox 1598 2008 1698 2047; x_wconf 88' lang='lat' dir='ltr'>potest</span> <span class='ocrx_word' id='word_1_541' title='bbox 1712 2015 1759 2038; x_wconf 90' lang='lat' dir='ltr'>re-</span> 
     </span>
     <span class='ocr_line' id='line_1_83' title="bbox 985 2058 1760 2091; baseline 0.003 -2"><span class='ocrx_word' id='word_1_542' title='bbox 985 2058 1060 2090; x_wconf 87' lang='lat' dir='ltr'>duci</span> <span class='ocrx_word' id='word_1_543' title='bbox 1079 2059 1118 2090; x_wconf 89' lang='lat' dir='ltr'>ad</span> <span class='ocrx_word' id='word_1_544' title='bbox 1136 2059 1329 2091; x_wconf 88' lang='lat' dir='ltr'>creationem</span> <span class='ocrx_word' id='word_1_545' title='bbox 1346 2070 1354 2090; x_wconf 87' lang='lat'>:</span> <span class='ocrx_word' id='word_1_546' title='bbox 1371 2060 1516 2091; x_wconf 87' lang='lat' dir='ltr'>similiter</span> <span class='ocrx_word' id='word_1_547' title='bbox 1531 2060 1690 2091; x_wconf 87' lang='lat' dir='ltr'>distinctio</span> <span class='ocrx_word' id='word_1_548' title='bbox 1711 2068 1760 2090; x_wconf 90' lang='lat' dir='ltr'>or-</span> 
     </span>
     <span class='ocr_line' id='line_1_84' title="bbox 988 2111 1760 2153; baseline 0 -11"><span class='ocrx_word' id='word_1_549' title='bbox 988 2112 1102 2150; x_wconf 88' lang='lat' dir='ltr'>natus;</span> <span class='ocrx_word' id='word_1_550' title='bbox 1120 2112 1244 2152; x_wconf 88' lang='lat' dir='ltr'>punitio</span> <span class='ocrx_word' id='word_1_551' title='bbox 1266 2121 1343 2143; x_wconf 91' lang='lat' dir='ltr'>vero</span> <span class='ocrx_word' id='word_1_552' title='bbox 1365 2114 1467 2153; x_wconf 89' lang='lat' dir='ltr'>potest</span> <span class='ocrx_word' id='word_1_553' title='bbox 1484 2112 1593 2144; x_wconf 88' lang='lat' dir='ltr'>reduci</span> <span class='ocrx_word' id='word_1_554' title='bbox 1613 2112 1651 2144; x_wconf 90' lang='lat' dir='ltr'>ad</span> <span class='ocrx_word' id='word_1_555' title='bbox 1669 2111 1760 2152; x_wconf 83' lang='lat' dir='ltr'>judi-</span> 
     </span>
     <span class='ocr_line' id='line_1_85' title="bbox 987 2165 1762 2207; baseline 0.003 -11"><span class='ocrx_word' id='word_1_556' title='bbox 987 2165 1084 2196; x_wconf 90' lang='lat' dir='ltr'>cium.</span> <span class='ocrx_word' id='word_1_557' title='bbox 1100 2165 1157 2197; x_wconf 88' lang='lat' dir='ltr'>Vel</span> <span class='ocrx_word' id='word_1_558' title='bbox 1175 2167 1277 2206; x_wconf 86' lang='lat' dir='ltr'>potest</span> <span class='ocrx_word' id='word_1_559' title='bbox 1290 2166 1369 2206; x_wconf 86' lang='lat' dir='ltr'>dici,</span> <span class='ocrx_word' id='word_1_560' title='bbox 1386 2167 1471 2207; x_wconf 88' lang='lat' dir='ltr'>quod</span> <span class='ocrx_word' id='word_1_561' title='bbox 1495 2175 1560 2198; x_wconf 91' lang='lat' dir='ltr'>non</span> <span class='ocrx_word' id='word_1_562' title='bbox 1584 2167 1631 2197; x_wconf 88' lang='lat' dir='ltr'>est</span> <span class='ocrx_word' id='word_1_563' title='bbox 1652 2175 1762 2198; x_wconf 89' lang='lat' dir='ltr'>secun·</span> 
     </span>
     <span class='ocr_line' id='line_1_86' title="bbox 988 2219 1762 2260; baseline 0 -10"><span class='ocrx_word' id='word_1_564' title='bbox 988 2219 1066 2250; x_wconf 90' lang='lat' dir='ltr'>dum</span> <span class='ocrx_word' id='word_1_565' title='bbox 1080 2219 1287 2260; x_wconf 87' lang='lat' dir='ltr'>principalem</span> <span class='ocrx_word' id='word_1_566' title='bbox 1305 2220 1514 2251; x_wconf 89' lang='lat' dir='ltr'>intentionem</span> <span class='ocrx_word' id='word_1_567' title='bbox 1525 2244 1532 2258; x_wconf 91' lang='lat'>‚</span> <span class='ocrx_word' id='word_1_568' title='bbox 1544 2220 1620 2260; x_wconf 89' lang='lat' dir='ltr'>qnia</span> <span class='ocrx_word' id='word_1_569' title='bbox 1635 2228 1700 2250; x_wconf 92' lang='lat' dir='ltr'>non</span> <span class='ocrx_word' id='word_1_570' title='bbox 1716 2221 1762 2250; x_wconf 89' lang='lat' dir='ltr'>est</span> 
     </span>
     <span class='ocr_line' id='line_1_87' title="bbox 988 2271 1762 2311; baseline 0.001 -9"><span class='ocrx_word' id='word_1_571' title='bbox 988 2272 1163 2303; x_wconf 90' lang='lat' dir='ltr'>secundum</span> <span class='ocrx_word' id='word_1_572' title='bbox 1192 2272 1390 2304; x_wconf 88' lang='lat' dir='ltr'>voluntatem</span> <span class='ocrx_word' id='word_1_573' title='bbox 1420 2273 1660 2304; x_wconf 86' lang='lat' dir='ltr'>antecedentem</span> <span class='ocrx_word' id='word_1_574' title='bbox 1671 2296 1681 2311; x_wconf 90' lang='lat'>,</span> <span class='ocrx_word' id='word_1_575' title='bbox 1708 2271 1762 2303; x_wconf 90' lang='lat' dir='ltr'>sed</span> 
     </span>
     <span class='ocr_line' id='line_1_88' title="bbox 991 2325 1764 2367; baseline -0.003 -10"><span class='ocrx_word' id='word_1_576' title='bbox 991 2327 1167 2358; x_wconf 88' lang='lat' dir='ltr'>secundum</span> <span class='ocrx_word' id='word_1_577' title='bbox 1181 2327 1380 2358; x_wconf 88' lang='lat' dir='ltr'>voluntatem</span> <span class='ocrx_word' id='word_1_578' title='bbox 1395 2328 1652 2367; x_wconf 84' lang='lat' dir='ltr'>consequentem.</span> <span class='ocrx_word' id='word_1_579' title='bbox 1670 2325 1764 2357; x_wconf 89' lang='lat' dir='ltr'>Simi-</span> 
     </span>
     <span class='ocr_line' id='line_1_89' title="bbox 990 2379 1763 2421; baseline -0.003 -10"><span class='ocrx_word' id='word_1_580' title='bbox 990 2380 1063 2411; x_wconf 86' lang='lat' dir='ltr'>liter</span> <span class='ocrx_word' id='word_1_581' title='bbox 1085 2380 1285 2421; x_wconf 88' lang='lat' dir='ltr'>operationes</span> <span class='ocrx_word' id='word_1_582' title='bbox 1307 2381 1438 2419; x_wconf 89' lang='lat' dir='ltr'>Christi,</span> <span class='ocrx_word' id='word_1_583' title='bbox 1455 2383 1491 2413; x_wconf 89' lang='lat' dir='ltr'>ut</span> <span class='ocrx_word' id='word_1_584' title='bbox 1508 2379 1763 2412; x_wconf 86' lang='lat' dir='ltr'>conversationes</span> 
     </span>
     <span class='ocr_line' id='line_1_90' title="bbox 993 2432 1761 2475; baseline -0.004 -10"><span class='ocrx_word' id='word_1_585' title='bbox 993 2435 1024 2465; x_wconf 90' lang='lat' dir='ltr'>et</span> <span class='ocrx_word' id='word_1_586' title='bbox 1042 2434 1256 2474; x_wconf 88' lang='lat' dir='ltr'>apparitiones</span> <span class='ocrx_word' id='word_1_587' title='bbox 1271 2434 1325 2475; x_wconf 84' lang='lat' dir='ltr'>(b),</span> <span class='ocrx_word' id='word_1_588' title='bbox 1342 2434 1380 2465; x_wconf 90' lang='lat' dir='ltr'>ad</span> <span class='ocrx_word' id='word_1_589' title='bbox 1399 2434 1468 2465; x_wconf 92' lang='lat' dir='ltr'>illas</span> <span class='ocrx_word' id='word_1_590' title='bbox 1488 2435 1620 2474; x_wconf 89' lang='lat' dir='ltr'>possunt</span> <span class='ocrx_word' id='word_1_591' title='bbox 1635 2432 1761 2470; x_wconf 88' lang='lat' dir='ltr'>reduci,</span> 
     </span>
     <span class='ocr_line' id='line_1_91' title="bbox 994 2486 1764 2528; baseline -0.003 -10"><span class='ocrx_word' id='word_1_592' title='bbox 994 2488 1069 2527; x_wconf 87' lang='lat' dir='ltr'>quia</span> <span class='ocrx_word' id='word_1_593' title='bbox 1085 2487 1241 2528; x_wconf 86' lang='lat' dir='ltr'>apparitio</span> <span class='ocrx_word' id='word_1_594' title='bbox 1251 2488 1416 2519; x_wconf 91' lang='lat' dir='ltr'>ordinatur</span> <span class='ocrx_word' id='word_1_595' title='bbox 1426 2488 1465 2519; x_wconf 90' lang='lat' dir='ltr'>ad</span> <span class='ocrx_word' id='word_1_596' title='bbox 1478 2486 1764 2518; x_wconf 86' lang='lat' dir='ltr'>manifestationem</span> 
     </span>
     <span class='ocr_line' id='line_1_92' title="bbox 993 2539 1763 2580; baseline -0.003 -8"><span class='ocrx_word' id='word_1_597' title='bbox 993 2541 1135 2572; x_wconf 89' lang='lat' dir='ltr'>veritatis</span> <span class='ocrx_word' id='word_1_598' title='bbox 1161 2541 1420 2580; x_wconf 87' lang='lat' dir='ltr'>resurrectionis,</span> <span class='ocrx_word' id='word_1_599' title='bbox 1443 2543 1474 2572; x_wconf 85' lang='lat' dir='ltr'>et</span> <span class='ocrx_word' id='word_1_600' title='bbox 1499 2539 1697 2572; x_wconf 86' lang='lat' dir='ltr'>conversatio</span> <span class='ocrx_word' id='word_1_601' title='bbox 1724 2539 1763 2570; x_wconf 89' lang='lat' dir='ltr'>ad</span> 
     </span>
     <span class='ocr_line' id='line_1_93' title="bbox 994 2593 1704 2626; baseline 0 -2"><span class='ocrx_word' id='word_1_602' title='bbox 994 2593 1258 2626; x_wconf 88' lang='lat' dir='ltr'>manifestandam</span> <span class='ocrx_word' id='word_1_603' title='bbox 1279 2594 1447 2626; x_wconf 88' lang='lat' dir='ltr'>veritatem</span> <span class='ocrx_word' id='word_1_604' title='bbox 1467 2593 1704 2625; x_wconf 87' lang='lat' dir='ltr'>incarnationis.</span> 
     </span>
    </p>

    <p class='ocr_par' dir='ltr' id='par_1_9' title="bbox 1035 2645 1767 2688">
     <span class='ocr_line' id='line_1_94' title="bbox 1035 2645 1767 2688; baseline -0.003 -10"><span class='ocrx_word' id='word_1_605' title='bbox 1035 2648 1064 2678; x_wconf 82' lang='lat'>5.</span> <span class='ocrx_word' id='word_1_606' title='bbox 1088 2647 1136 2679; x_wconf 87' lang='lat' dir='ltr'>Ad</span> <span class='ocrx_word' id='word_1_607' title='bbox 1160 2648 1238 2679; x_wconf 90' lang='lat' dir='ltr'>illud</span> <span class='ocrx_word' id='word_1_608' title='bbox 1264 2648 1349 2688; x_wconf 92' lang='lat' dir='ltr'>quod</span> <span class='ocrx_word' id='word_1_609' title='bbox 1374 2648 1522 2688; x_wconf 89' lang='lat' dir='ltr'>objicitur</span> <span class='ocrx_word' id='word_1_610' title='bbox 1545 2647 1584 2678; x_wconf 90' lang='lat' dir='ltr'>de</span> <span class='ocrx_word' id='word_1_611' title='bbox 1609 2645 1767 2678; x_wconf 88' lang='lat' dir='ltr'>additione</span> 
     </span>
    </p>
   </div>
  </div>
 </body>
</html>
