2017 2960
263 163 320 192 398

261 225 375 256 littera.
411 223 498 254 Ratio
522 224 629 253 autem
652 221 749 260 hujus
770 221 833 257 est,
850 218 927 259 quia
942 218 1034 249 Chri-

261 281 342 317 stus,
367 278 419 308 Dei
435 280 465 308 et
480 276 650 307 hominum
674 273 828 304 mediator
841 296 848 310 ,
869 272 965 303 simul
979 272 1033 303 de-

260 332 330 362 buit
344 340 410 362 esse
427 328 682 368 comprehensor,
697 329 727 356 et
743 326 845 356 viator
862 336 868 355 z
887 334 1032 365 compre-

260 384 387 421 hensor,
405 385 531 423 bropter
545 389 636 410 suam
647 379 852 418 dignitaten1;
871 380 901 408 et
917 378 1029 415 viator,

261 439 388 478 propter
409 437 549 466 nostram
570 433 787 463 necessitatem
805 443 812 462 τ
830 434 860 462 ct
874 431 942 461 ideo
958 439 1031 471 par-

259 491 315 521 tim
340 489 447 519 debuit
471 496 537 518 esse
559 487 592 516 in
615 488 699 516 statu
718 485 844 524 glorize,
867 484 1030 524 partimin

258 545 340 572 statu
362 541 510 572 miseriae.
531 539 566 569 ln
583 541 665 569 statu
685 540 792 569 autem
816 537 950 567 miserim
966 545 1029 567 non

258 595 367 625 deluiit
387 603 452 624 csse
472 592 647 623 secundum
674 591 869 631 superiorem
894 592 1028 630 partem,

257 648 310 679 sed
326 647 501 678 secundum
521 645 702 675 inferiorem
713 668 720 682 ,
744 644 774 674 id
793 646 837 674 cst
853 643 1028 674 secundum

258 710 397 732 carnem.
414 700 449 730 Et
464 699 533 729 ideo
549 697 725 728 secundum
740 697 881 727 divinam
895 695 1029 735 disposi-

257 754 403 784 sitionem
430 751 643 783 necessarium
667 750 726 781 suit
752 749 871 780 differri
891 749 1030 788 eorporis

257 807 370 838 Christi
386 805 668 845 glorificationem,
684 806 719 833 ut
735 803 877 833 Christus
897 804 976 832 esset
994 802 1029 832 in

256 863 350 897 statu,
366 860 398 890 in
414 868 477 898 quo
491 866 547 897 pro
564 857 654 887 nobis
669 858 773 896 posset
792 855 906 886 mereri
925 858 956 886 et
975 864 1029 885 sa-

256 913 409 944 tisfacere.
431 912 511 942 llum
535 913 642 941 autem
659 909 801 940 Christus
816 908 908 939 nobis
926 917 1029 938 mere-

256 967 361 1002 batur,
386 967 415 995 et
437 973 494 1005 pro
517 963 610 994 nobis
639 962 871 998 satisfaciebat,
895 961 1030 991 faciebat

257 1028 338 1059 opus
344 1018 405 1049 Deo
414 1016 680 1057 placentissimum
687 1040 694 1053 ,
705 1017 735 1045 et
743 1015 785 1045 ita
794 1013 1028 1045 remunerabile

257 1072 433 1103 secundum
443 1071 583 1110 aliquam
593 1071 713 1109 partem
725 1068 847 1107 gloriae.
861 1067 938 1098 Cum
950 1076 1028 1105 ergo

257 1124 453 1156 remunerari
471 1133 533 1154 non
555 1125 657 1163 posset
683 1124 841 1162 quantum
857 1120 895 1151 ad
915 1120 1027 1150 stolam

256 1179 404 1218 primam,
420 1177 471 1207 sed
484 1178 640 1216 quantum
655 1175 693 1205 ad
715 1174 827 1204 stolam
843 1173 1026 1210 secundam,

256 1229 436 1260 merebatur
453 1228 561 1266 ntique
581 1228 657 1256 tunc
671 1225 814 1255 Christus
822 1223 939 1264 proprii
955 1232 1027 1253 cor-

256 1283 340 1322 poris
356 1281 505 1321 gloriam.
531 1279 619 1310 Unde
641 1277 847 1308 concedendae
873 1278 949 1307 sunt
975 1285 1026 1307 ra-

255 1337 367 1373 tiones,
390 1344 463 1375 quae
477 1336 551 1364 sunt
565 1333 603 1363 asi
617 1332 708 1362 istam
725 1333 857 1371 partem.

297 1390 325 1419 1.
349 1388 396 1419 Ad
424 1387 499 1418 illud
524 1395 601 1416 vero
630 1385 714 1424 quod
742 1384 911 1423 objicitur,
943 1383 1027 1422 quod

257 1442 426 1482 praemium
442 1442 487 1471 est
502 1438 708 1470 excellentius
719 1437 842 1473 merito,
856 1436 1026 1466 dicendum

255 1495 338 1535 quod
363 1494 437 1524 illud
461 1502 525 1523 non
540 1492 634 1522 habet
649 1499 773 1530 semper
791 1489 956 1520 veritatem
973 1499 978 1518 :
997 1490 1028 1518 et

255 1549 279 1579 si
302 1549 361 1579 hoc
387 1555 501 1578 verum
525 1546 564 1575 sit
590 1545 629 1575 de
659 1543 791 1584 praemio
813 1541 1024 1577 substantiali,

253 1611 316 1642 quo
337 1601 419 1632 Deus
439 1601 623 1630 remunerat
641 1597 806 1628 hominem
825 1604 921 1635 supra
950 1604 1025 1625 con-

253 1655 409 1694 dignum,
426 1662 491 1684 non
516 1654 624 1682 tamen
651 1652 774 1690 oportet
797 1648 881 1688 quod
906 1648 1026 1687 ubique

253 1708 368 1738 habeat
380 1707 499 1737 locum.
518 1704 629 1744 Maiori
643 1703 728 1734 enim
744 1703 828 1733 bono
843 1703 944 1741 potest
958 1709 1026 1731 me-

251 1761 314 1792 reri
329 1761 426 1791 homo
442 1759 548 1790 minus
561 1758 681 1788 bonum
696 1767 703 1787 :
720 1758 750 1786 et
764 1755 833 1786 ideo
854 1763 919 1784 non
943 1753 1027 1784 valet

252 1814 311 1844 ista
325 1813 406 1844 ratio
419 1812 451 1842 in
467 1811 591 1848 merito,
609 1809 693 1850 quod
709 1808 834 1848 respicit
853 1807 1024 1837 secundam

252 1867 376 1898 stolam.
394 1865 501 1896 Posset
520 1868 627 1894 tamen
643 1863 735 1893 aliter
751 1861 823 1899 dici,
840 1860 924 1900 quod
941 1868 1024 1899 prae-

253 1920 355 1951 mium
377 1921 423 1950 est
452 1917 659 1950 excellentius
684 1915 820 1953 merito,
847 1913 1023 1944 secundum

253 1973 337 2014 quod
352 1974 388 2003 fit
403 1971 596 2012 comparatio
610 1970 649 2000 ad
664 1971 782 2000 statum
797 1992 806 2006 ,
829 1970 859 1999 et
880 1968 918 1998 ad
943 1976 1024 2006 opus

254 2035 308 2066 per
333 2026 416 2066 quod
442 2024 514 2065 quis
538 2025 680 2054 meretur
699 2033 705 2052 :
722 2024 753 2052 et
772 2021 815 2051 sic
844 2030 907 2051 non
929 2020 1024 2051 habet

253 2079 434 2110 instantiam
446 2079 478 2108 in
489 2077 660 2118 proposito.
679 2075 759 2107 Nam
773 2077 871 2106 status
883 2074 1024 2114 corporis

253 2133 311 2164 ruit
337 2131 472 2162 nobilior
499 2133 568 2170 post
603 2129 893 2169 glorificationem,
924 2137 1022 2168 quam

253 2189 342 2224 ante3
370 2185 472 2224 gloria
504 2185 598 2215 etiam
625 2184 765 2224 corporis
795 2183 965 2214 excedebat
989 2183 1022 2214 in

252 2240 336 2271 bono
358 2238 480 2270 labores
499 2237 650 2277 corporis,
665 2246 745 2276 quos
769 2236 911 2267 Christus
926 2236 1022 2266 susti-

253 2293 333 2323 nuit.
358 2291 465 2323 Posset
491 2290 585 2321 etiam
612 2290 703 2320 tertio
729 2289 824 2319 modo
849 2289 922 2327 diei,
937 2288 1022 2328 quod

252 2346 330 2377 illud
348 2345 444 2376 habet
461 2344 627 2375 veritatem
646 2343 684 2373 de
708 2342 821 2373 merito
839 2341 924 2382 quod
940 2342 1022 2373 ordi-

253 2401 348 2430 natur
362 2398 401 2429 ad
414 2397 584 2438 praemium
606 2396 756 2434 finaliter,
773 2398 803 2426 et
818 2405 892 2426 cum
906 2395 1020 2436 praeci-

253 2453 353 2490 sione;
370 2452 415 2482 sic
428 2453 536 2482 autem
556 2459 619 2480 non
640 2451 687 2480 est
701 2449 734 2479 in
748 2449 926 2489 proposito:
945 2459 1020 2481 nam

252 2506 394 2537 Christus
412 2504 628 2546 principaliter
651 2512 714 2534 non
737 2503 921 2534 merebatur
942 2512 1020 2543 pro-

252 2562 320 2599 pter
343 2558 482 2598 corporis
504 2558 554 2588 sui
574 2556 848 2596 glorificationem,
869 2556 922 2587 sed
946 2565 1020 2596 pro-

254 2614 320 2651 pter
334 2611 468 2643 humani
483 2610 609 2650 generis
624 2609 866 2649 reparationem.

779 151 1090 186 SENTENTIARUM
1111 153 1183 184 ΗΒ.
1208 154 1261 185 lll.

1127 221 1157 249 2.
1182 219 1227 249 Ad
1247 219 1324 250 illud
1345 220 1430 259 quod
1451 220 1615 260 objicitur,
1638 219 1722 259 quod
1747 218 1856 250 anima

1086 271 1155 301 sine
1179 272 1300 302 meritis
1322 272 1433 303 habuit
1454 273 1566 304 stolam
1580 273 1728 313 primam,
1745 272 1855 303 dicen-

1086 323 1163 354 dum
1185 325 1268 364 quod
1284 334 1348 355 non
1367 327 1414 355 est
1427 325 1540 363 simile,
1555 326 1630 365 quia
1648 325 1725 356 unio
1738 325 1856 355 divinae

1086 379 1210 407 natura}
1236 378 1275 408 ad
1296 377 1470 409 humanam
1493 379 1596 417 potius
1611 379 1729 419 patitur
1743 378 1856 418 imper-

1086 429 1252 460 fectionem
1274 439 1313 461 ex
1339 433 1426 470 parte
1449 430 1569 468 carnis,
1585 440 1682 471 quam
1704 440 1744 461 ex
1768 432 1856 470 parte

1085 482 1218 521 animae,
1238 486 1366 523 propter
1387 484 1447 514 hoc
1468 483 1551 523 quod
1571 485 1617 513 est
1645 483 1687 513 ibi
1716 483 1856 514 carentia

1085 536 1218 567 minoris
1238 537 1332 573 boni,
1358 539 1394 567 ut
1416 536 1530 578 melius
1552 537 1653 575 potest
1674 536 1783 566 haberi
1815 545 1855 566 ex

1084 589 1133 619 his
1144 613 1152 627 ,
1170 599 1242 629 quae
1263 590 1370 620 habita
1386 590 1517 620 fuerunt
1532 589 1564 619 in
1577 588 1828 628 praecedentibus
1845 598 1852 619 :

1084 642 1164 679 iden,
1182 643 1329 682 quamvis
1344 642 1447 682 gloria
1459 642 1576 672 animae
1587 641 1778 682 praecesserit
1788 650 1856 671 om-

1084 695 1137 725 nia
1164 696 1298 733 merita,
1321 696 1423 735 gloria
1451 697 1558 726 tamen
1589 694 1729 734 corporis
1752 694 1856 734 potuit

1083 749 1193 788 sequi,
1215 758 1250 779 ac
1274 758 1329 788 per
1351 749 1411 780 hoc
1436 749 1648 780 mediantibus
1664 747 1784 779 meritis
1800 756 1853 778 ac-

1083 811 1179 841 qun-1.

1124 858 1152 885 3.
1173 855 1219 885 Ad
1245 855 1322 886 illud
1347 855 1430 895 quod
1452 855 1620 894 objicitur,
1636 853 1721 894 quod
1739 862 1854 894 corpus

1083 907 1160 938 illud
1180 917 1244 938 non
1269 908 1406 938 habebat
1420 908 1562 938 debitum
1577 907 1788 945 mortalitatis,
1804 906 1854 937 di-

1083 961 1218 991 cendum
1240 961 1324 1001 quod
1347 971 1387 992 ex
1409 961 1470 991 hoc
1494 970 1559 991 non
1580 962 1682 1000 potest
1697 959 1851 998 concludi,

1083 1014 1166 1053 quod
1183 1014 1326 1045 Christus
1343 1014 1479 1054 gloriam
1494 1013 1633 1054 corporis
1647 1021 1711 1043 non
1726 1021 1854 1043 merue-

1083 1068 1134 1106 rit,
1151 1068 1212 1098 nisi
1227 1078 1264 1099 eo
1281 1068 1374 1099 modo
1389 1067 1511 1099 dicendi
1523 1067 1685 1105 meritum,
1703 1075 1767 1106 quo
1781 1065 1854 1106 quis

1082 1120 1197 1151 dicitur
1210 1121 1248 1151 de
1262 1121 1401 1151 indebito
1419 1121 1520 1151 facere
1541 1120 1703 1151 debitum:
1721 1119 1780 1150 hoc
1794 1128 1854 1150 au-

1082 1175 1146 1204 tem
1171 1174 1265 1204 modo
1289 1174 1429 1205 Christus
1448 1174 1507 1204 sibi
1530 1183 1596 1204 non
1624 1172 1751 1210 meruit,
1773 1172 1854 1203 sicut

1082 1227 1170 1266 prius
1184 1227 1303 1258 dictum
1320 1227 1388 1265 fuit,
1406 1227 1459 1257 sed
1473 1227 1534 1257 alio
1548 1226 1642 1257 modo
1656 1224 1789 1262 dicendi,
1808 1225 1854 1256 vi-

1081 1280 1191 1311 delicet
1220 1290 1284 1321 quo
1310 1281 1381 1320 quis
1403 1280 1441 1311 dc
1466 1280 1570 1310 debito
1589 1288 1655 1310 uno
1671 1278 1765 1309 modo
1781 1278 1853 1308 facit

1081 1333 1223 1364 debitum
1239 1334 1300 1364 alio
1317 1334 1420 1364 modo.
1442 1333 1524 1370 Ideo,
1545 1333 1616 1363 licet
1634 1331 1853 1362 immortalitas

1080 1387 1246 1417 deberetur
1265 1387 1386 1417 Christo
1399 1410 1406 1423 ,
1424 1386 1632 1416 nihilominus
1658 1384 1849 1416 immortali-

1081 1442 1128 1470 tas
1153 1441 1255 1480 potuit
1282 1440 1391 1471 cadere
1417 1440 1476 1470 sub
1507 1440 1577 1480 ejus
1605 1439 1767 1477 meritum,
1792 1437 1851 1468 isto

1082 1494 1175 1524 modo
1190 1496 1353 1534 acceptum
1371 1494 1423 1532 (a).

1121 1549 1150 1578 4.
1167 1548 1214 1578 Ad
1229 1547 1306 1578 illud
1320 1547 1405 1587 quod
1422 1547 1596 1587 quaeritur,
1612 1546 1638 1576 si
1660 1547 1726 1576 erat
1748 1543 1852 1583 magis

1080 1601 1258 1640 gloriosum
1282 1601 1398 1632 habere
1424 1610 1480 1640 per
1508 1599 1637 1637 merita,
1661 1607 1759 1639 quam
1782 1597 1852 1628 sine

1081 1655 1211 1693 meritis,
1227 1655 1489 1694 glorificationem
1500 1653 1649 1694 corporis,
1659 1655 1730 1690 etc.,
1746 1651 1850 1683 dicen-

1080 1708 1157 1737 dum
1173 1708 1258 1747 quod
1273 1707 1332 1738 hoc
1346 1710 1413 1738 erat
1428 1707 1567 1737 maxime
1577 1706 1764 1745 gloriosum,
1776 1704 1851 1744 quia

1080 1761 1286 1791 conveniebat
1301 1760 1433 1797 Christo,
1449 1760 1482 1790 in
1492 1762 1648 1800 quantum
1662 1758 1850 1798 Redemptor

1079 1815 1110 1844 et
1125 1813 1275 1844 Mediator
1292 1824 1299 1844 ε
1317 1813 1399 1853 quod
1415 1813 1543 1853 quidem
1562 1814 1609 1843 est
1621 1812 1761 1843 officium
1778 1819 1849 1842 ma-

1080 1876 1154 1906 gnae
1178 1867 1290 1906 gloriae
1313 1869 1344 1897 et
1363 1866 1568 1904 excellentiae,
1584 1864 1729 1896 videlicet
1743 1866 1780 1894 ut
1794 1872 1850 1903 per

1078 1919 1289 1950 humilitatem
1311 1919 1464 1959 passionis
1486 1918 1665 1959 perveniret
1687 1917 1753 1958 ipse
1775 1925 1849 1947 cum

1078 1972 1230 2002 membris
1248 1973 1315 2003 suis
1338 1973 1377 2003 ad
1396 1971 1624 2003 sublimitatem
1641 1970 1848 2001 resurrectio-

1077 2025 1137 2055 nis.
1159 2025 1197 2056 Et
1219 2025 1289 2056 ideo
1308 2034 1373 2056 non
1387 2026 1434 2055 est
1445 2024 1548 2055 simile
1562 2033 1602 2054 ex
1617 2025 1705 2064 parte
1717 2022 1846 2061 animae,

1077 2078 1154 2118 quia
1166 2087 1230 2109 non
1244 2079 1290 2109 sic
1303 2078 1390 2109 decet
1406 2078 1611 2109 Mediatorem
1626 2076 1680 2107 Dei
1695 2079 1726 2107 et
1742 2075 1847 2107 bomi-

1077 2141 1156 2162 num
1180 2132 1330 2162 habuisse
1362 2133 1480 2163 statum
1513 2130 1644 2161 viatoris
1671 2128 1846 2161 secundum

1077 2186 1199 2224 partem
1219 2185 1413 2225 superiorem
1437 2184 1571 2222 animae,
1589 2183 1673 2214 sicut
1695 2191 1735 2213 ex
1758 2182 1846 2221 parte

1076 2239 1191 2269 carnis,

1117 2293 1146 2322 5.
1157 2291 1205 2322 Ad
1212 2292 1288 2323 illud
1298 2291 1382 2332 quod
1391 2291 1548 2331 objicitur,
1565 2289 1619 2320 «Si
1629 2290 1696 2319 erat
1705 2295 1844 2318 necessa-

1075 2345 1161 2375 rium
1177 2345 1292 2376 mereri
1307 2345 1444 2384 gloriam
1458 2342 1607 2383 corporis,
1618 2352 1632 2369 n
1651 2343 1722 2378 etc„
1741 2340 1844 2371 dicen-

1075 2399 1152 2430 dum
1167 2399 1251 2438 quod
1266 2399 1478 2430 necessarium
1498 2396 1537 2427 ad
1556 2403 1696 2435 praesens
1709 2394 1769 2425 dici
1784 2402 1843 2434 po-

1074 2453 1133 2482 test
1147 2451 1330 2491 dupliciter,
1347 2450 1488 2482 videlicet
1501 2458 1541 2479 ex
1555 2447 1740 2487 indigentia,
1756 2449 1787 2478 et
1800 2456 1841 2478 ex

1073 2505 1260 2535 sufficientia
1280 2513 1288 2535 ε
1310 2513 1350 2535 ex
1372 2502 1568 2542 indigentia,
1592 2501 1672 2532 sicut
1696 2501 1836 2532 dicitur:

1077 2570 1092 2587 «
1107 2557 1323 2588 Necessarium
1335 2559 1381 2587 est
1394 2556 1488 2587 alicui
1504 2555 1666 2587 comedere
1679 2555 1719 2586 ad
1732 2554 1791 2585 boc
1805 2555 1840 2585 ut

1107 2621 1142 2651 (a)
1154 2619 1213 2644 Cael.
1226 2620 1285 2643 edit.
1301 2619 1405 2648 merito,
1418 2618 1465 2643 isto
1476 2619 1553 2643 modo
1563 2621 1677 2650 accepto.
