2017 2960
87 2506 190 2528 Fundam.

662 123 852 156 DISTINCT.
873 122 962 153 XXX.
986 121 1078 153 ART.
1103 121 1126 152 1.
1150 118 1300 157 QUAEST.
1323 118 1375 149 Vl.

221 191 308 229 parte
330 192 492 231 responsio
519 192 558 223 ad
583 193 716 232 obJ'ecta.
747 191 827 222 Nam
854 190 993 220 rationes

219 251 292 282 quae
305 245 493 284 ostendunt,
511 245 595 285 quod
615 254 726 276 omnes
747 246 915 275 teneantur
930 242 991 272 ini-

219 297 317 328 micos
330 298 463 338 diligere
476 301 606 338 effectu,
627 300 853 338 intelliguntur
866 298 899 327 in
916 306 991 327 casu

217 352 424 391 necessitatis3
441 354 644 384 auctoritates
665 362 741 383 vero
757 361 829 392 quae
848 351 882 381 in
897 359 991 390 oppo-

215 402 312 433 situm
333 405 557 444 adducuntur,
573 406 798 445 intelliguntur
811 404 848 434 dc
864 402 989 434 exhibi-

214 456 300 487 tione
322 459 426 498 operis
450 460 555 499 magis
570 459 731 499 generali,
748 458 895 489 videlicet
916 465 989 487 cum

213 518 246 540 se
261 510 354 541 offert
367 513 587 552 opportunitas
604 512 825 551 congruitatis.

253 563 283 594 [ι.
299 564 348 595 Ad
363 565 442 596 illud
464 575 542 597 vero
563 566 651 606 quod
672 565 836 605 objicitur,
854 563 941 604 quod
963 563 989 594 si

213 616 475 650 benefaciendum
499 621 546 650 est
570 619 698 657 amicis,
724 617 988 649 malefaciendum

212 671 258 700 est
274 670 427 710 inimicis,
451 672 621 703 dicendum
635 672 721 712 quod
742 681 808 702 non
829 670 986 710 sequitur,

210 726 341 763 propter
354 725 432 764 hoe,
450 726 535 765 quod
551 725 661 756 amicis
676 734 741 755 non
762 724 868 755 solum
889 724 985 754 hene-

211 776 389 808 faciendum
419 780 465 809 est
488 780 617 819 propter
641 779 721 809 illud
747 779 781 809 in
805 786 869 818 quo
890 786 988 817 repu-

209 832 312 869 gnant
327 830 485 870 inimicis;
500 841 616 864 verum
639 832 734 863 etiam
759 834 888 872 propter
908 831 987 861 illud

209 882 242 913 in
258 892 323 923 quo
346 885 558 924 conveniunt,
580 885 725 917 videlicet
749 887 825 925 quia
847 887 922 916 sunt
947 884 986 915 ad

208 936 387 977 imaginem
401 938 468 969 Dei.
490 939 596 978 Unde,
613 939 694 970 sieut
711 939 789 970 illud
804 947 986 979 argumen-

207 992 278 1021 tum
293 1000 358 1022 non
380 992 464 1023 valet
480 1002 487 1023 :
510 1004 524 1021 «
540 992 658 1023 Album
681 995 727 1024 est
741 993 865 1023 visibile
876 1016 883 1029 ‚
906 1002 986 1032 ergo

207 1044 341 1084 nigrum
356 1047 403 1076 est
417 1045 592 1084 invisibile,
610 1057 624 1074 »
644 1046 720 1086 quia
741 1046 853 1076 album
872 1048 919 1077 est
934 1047 986 1077 vi-

206 1098 296 1129 sibile
315 1108 372 1139 per
386 1099 463 1130 illud
479 1100 514 1130 in
533 1109 597 1140 quo
611 1100 830 1131 communicat
844 1109 918 1130 cum
934 1100 983 1130 ni-

206 1160 285 1191 gro;
302 1152 347 1183 sic
362 1162 420 1184 nec
435 1154 516 1184 ratio
532 1155 708 1194 praemissa.

247 1207 275 1235 5.
292 1205 341 1236 Ad
365 1205 444 1237 illud
467 1207 553 1246 quod
576 1207 743 1247 objicitur,
765 1208 851 1247 quod
870 1217 986 1239 secun-

205 1258 283 1290 dum
298 1259 445 1290 ordinem
458 1262 584 1290 naturae
603 1260 771 1290 inimicitia
786 1261 908 1292 inducit
924 1271 984 1301 pu-

207 1321 321 1352 gnam,
336 1313 506 1344 dicendum
521 1313 608 1353 quod
623 1313 702 1344 illud
716 1323 832 1344 verum
848 1317 910 1353 est,
930 1315 985 1346 ubi

205 1366 371 1397 inimicitia
392 1367 538 1397 ordinata
561 1368 607 1397 est
632 1367 811 1398 secundum
839 1368 984 1399 ordinem

205 1421 346 1458 naturae,
370 1420 452 1450 sicut
479 1420 619 1451 calidum
642 1420 825 1451 inimicatur
846 1422 982 1461 frigido,

205 1475 236 1504 et
256 1473 338 1504 sicco
362 1473 536 1504 humidum
561 1484 568 1503 ε
592 1473 647 1504 sed
670 1474 726 1504 ubi
747 1476 793 1504 est
816 1475 984 1506 inimicitia

204 1530 321 1568 praeter
335 1529 461 1558 naturae
484 1527 630 1558 ordinem
641 1551 649 1566 ,
668 1527 712 1558 ibi
729 1537 795 1559 non
810 1531 856 1559 est
871 1538 984 1569 pugna

205 1581 382 1612 secundum
403 1583 568 1618 naturam,
589 1580 643 1611 sed
665 1582 770 1621 magis
792 1584 902 1614 contra
926 1593 983 1614 na-

204 1636 312 1666 turam
325 1645 332 1666 :
350 1635 453 1665 taliter
467 1637 573 1666 autem
588 1637 636 1666 est
647 1635 681 1666 in
692 1635 889 1675 hominibus,
905 1638 983 1678 quia

206 1697 280 1720 cum
294 1688 392 1719 homo
413 1688 453 1719 sit
475 1689 594 1720 animal
619 1692 825 1721 mansuetum
845 1692 980 1730 natura,

206 1742 383 1773 secundum
395 1743 575 1773 naturalem
589 1743 736 1774 ordinem
747 1753 820 1775 cum
833 1745 983 1777 omnibus

204 1794 297 1826 debet
310 1795 428 1826 habere
443 1805 554 1836 pacem
569 1798 599 1827 et
614 1798 826 1829 concordiam.
845 1798 934 1830 Unde
948 1799 983 1830 in

204 1847 334 1879 inimico
349 1857 408 1879 suo
418 1857 484 1879 non
498 1849 591 1880 debet
605 1849 703 1880 homo
716 1850 805 1882 odire
818 1854 980 1891 naturam,

205 1901 259 1932 sed
284 1901 389 1933 solum
416 1902 563 1942 culpam,
590 1903 667 1943 quia
689 1913 755 1934 non
781 1906 983 1945 persequitur

205 1955 312 1996 ipsum
326 1958 442 1987 natura
457 1966 555 1997 quam
574 1957 648 1988 fecit
665 1957 766 1996 Deus,
789 1960 843 1990 sed
861 1960 984 1992 malitia

205 2017 303 2049 quam
319 2009 390 2040 fecit
404 2010 519 2048 homo,
535 2012 574 2041 ut
587 2010 662 2041 dicit
676 2011 890 2051 Augustinus,
911 2013 982 2045 Cae-

205 2064 273 2093 tera
286 2064 414 2101 autem,
437 2072 511 2104 quae
533 2066 741 2104 opponuntur
754 2089 762 2103 ‚
786 2066 861 2097 satis
876 2067 982 2098 mani-

205 2116 361 2147 festantur
374 2125 431 2156 per
446 2125 499 2155 ea,
516 2126 590 2157 quae
604 2117 687 2148 dicta
701 2120 788 2150 sunt.

467 2254 646 2293 QUAESTIO
668 2255 720 2287 Vl.

209 2356 255 2384 An
268 2356 382 2391 diligere
395 2357 512 2384 amicum
527 2357 564 2383 sit
578 2355 690 2390 majoris
701 2357 886 2392 perfectionis,
903 2364 984 2392 quam

446 2401 560 2436 diligere
574 2401 716 2428 inimicum
732 2401 749 2426 ¹.

249 2490 329 2529 Quid
345 2490 386 2521 sit
399 2491 531 2531 maj0ris
545 2491 744 2532 perfectionis
758 2492 789 2522 et
804 2491 926 2530 meriti,
943 2500 985 2523 an

240 2577 248 2593 ¹
259 2576 298 2606 Cf.
314 2576 385 2601 Alex.
399 2576 513 2608 Alensis,
528 2577 611 2607 Cont.y
626 2577 707 2608 p.111,
719 2576 777 2601 coll.
792 2582 873 2607 Lxxn,
886 2578 934 2602 art.
954 2580 984 2608 63

208 2612 337 2644 menard,
363 2612 394 2636 ΙΙΙ
407 2611 488 2638 Seni„
506 2612 564 2637 dist.
577 2618 630 2637 xxx
643 2631 650 2644 ‚
666 2619 691 2644 q.
705 2619 752 2643 111;
776 2612 864 2643 steph.
879 2613 984 2641 Brulef..

1767 123 1825 153 679

1049 188 1183 227 diligere
1203 186 1353 222 amicum,
1370 194 1412 215 an
1436 184 1568 224 diligere
1591 187 1778 226 inimicum;
1795 191 1826 220 et

1048 237 1133 277 quod
1156 236 1290 275 diligere
1310 235 1476 265 inimicum
1487 258 1495 271 ,
1511 235 1657 265 videtur²
1670 246 1677 266 ε
1692 236 1732 268 δι’
1746 237 1825 269 cliti-

1047 292 1126 331 aitis
1143 290 1226 327 illos,
1242 290 1299 329 qui
1312 297 1366 320 vos
1380 288 1532 328 (Illiqzmt,
1544 297 1639 327 quam
1656 291 1826 322 mercedem

1046 343 1227 376 habebitis?
1251 342 1358 372 Glossa
1373 341 1417 371 ibi
1435 350 1442 371 :
1457 353 1471 369 «
1488 340 1614 371 Nullam
1637 342 1669 371 in
1690 343 1820 374 coelo.·»

1047 398 1107 429 Sed
1129 398 1251 427 constat
1271 396 1355 435 quod
1378 395 1416 426 de
1433 395 1598 426 dilectione
1619 395 1825 428 inimicorum

1047 452 1149 490 major
1172 458 1292 480 merces
1319 449 1458 479 habetur
1486 459 1492 478 z
1516 457 1595 488 ergo
1613 449 1744 489 maj0ris
1758 459 1826 489 per-

1045 503 1188 534 fectionis
1203 505 1249 534 est
1262 505 1292 533 et
1305 501 1409 532 meriti
1419 501 1553 541 diligere
1567 502 1712 533 inimicos
1727 511 1825 542 quam

1045 556 1174 586 amicos.

1085 609 1163 640 Item
1178 609 1310 648 diligere
1332 608 1478 639 inimicos
1495 609 1541 638 est
1560 608 1598 639 de
1616 609 1826 648 superadditis

1044 673 1062 694 a
1074 663 1206 694 Domino
1215 663 1247 692 in
1261 661 1438 701 Evangelio
1452 661 1521 691 :sed
1533 661 1685 692 Dominus
1700 671 1764 692 non
1775 671 1826 692 su-

1043 716 1219 758 peraddidit
1232 716 1294 747 nisi
1314 725 1368 754 ea,
1385 724 1458 755 quae
1476 715 1606 754 maioris
1626 716 1826 755 perfectionis

1043 772 1133 802 erant
1152 781 1158 801 z
1176 770 1302 801 videtur
1316 778 1395 809 ergo
1410 768 1494 808 quod
1508 768 1639 808 maioris
1655 769 1824 808 perfectio-

1043 823 1091 854 nis
1106 824 1145 854 sit
1157 823 1289 862 diligere
1303 822 1460 860 inimicos,
1482 831 1580 862 quam
1593 821 1722 852 amicos.

1084 877 1162 908 Item
1177 878 1233 908 uhi
1254 879 1299 908 est
1315 878 1417 916 major
1441 885 1569 916 pugna,
1589 875 1632 906 ibi
1648 877 1694 906 est
1709 876 1825 916 glorio-

1042 931 1105 962 sior
1118 931 1249 962 victoria
1265 941 1272 960 t
1290 932 1320 961 et
1338 930 1393 960 ubi
1406 932 1452 960 est
1464 931 1568 969 maior
1582 929 1766 967 difficultas,
1781 930 1825 961 ibi

1042 987 1088 1016 est
1105 986 1207 1025 major
1220 984 1300 1015 ratio
1312 983 1441 1015 virtutis
1456 985 1486 1014 et
1501 983 1616 1021 meriti,
1629 992 1687 1023 pro
1700 992 1737 1014 eo
1750 984 1826 1024 quia

1041 1048 1092 1069 ars
1105 1041 1135 1069 et
1150 1039 1252 1069 virtus
1267 1040 1312 1068 est
1327 1038 1410 1068 circa
1420 1037 1560 1068 difficilia
1572 1047 1579 1068 :
1591 1037 1645 1068 sed
1661 1038 1765 1077 major
1779 1040 1826 1068 est

1041 1102 1152 1133 pugna
1178 1094 1209 1122 et
1232 1091 1399 1122 difficultas
1418 1091 1451 1122 in
1472 1091 1635 1131 diligendo
1658 1091 1822 1130 inimicos,

1040 1154 1139 1185 quam
1156 1145 1189 1175 in
1211 1145 1373 1184 diligendo
1388 1144 1507 1174 amicos
1524 1155 1531 1174 2
1548 1153 1626 1183 ergo
1642 1145 1745 1183 major
1756 1153 1824 1184 per-

1040 1199 1133 1230 fectio
1157 1199 1272 1229 residet
1290 1200 1321 1229 et
1343 1198 1493 1228 meritum
1520 1198 1603 1228 circa
1623 1197 1823 1229 dilectionem

1039 1252 1264 1288 inimieorum,
1288 1261 1386 1291 quam
1409 1251 1492 1281 circa
1517 1251 1718 1282 dilectionem
1743 1251 1823 1282 ami-

1039 1315 1162 1337 eorum.

1081 1359 1159 1389 Item
1175 1360 1295 1398 quanto
1306 1357 1403 1388 homo
1416 1357 1521 1396 magis
1532 1366 1630 1397 supra
1639 1367 1671 1388 se
1679 1357 1821 1390 elevatur

1040 1413 1072 1443 in
1096 1412 1204 1452 aliquo
1229 1414 1319 1442 motu
1335 1411 1476 1449 virtutis,
1491 1412 1578 1441 tanto
1594 1413 1700 1442 motus
1718 1411 1770 1442 ille
1791 1414 1822 1443 et

1040 1467 1122 1498 actio
1141 1468 1187 1497 est
1209 1465 1376 1506 perfectior
1398 1469 1428 1495 et
1453 1464 1656 1495 excellentior
1680 1475 1688 1496 ς
1711 1465 1765 1496 sed
1788 1466 1822 1496 in

1039 1520 1206 1551 dilectione
1228 1519 1434 1549 inimicorum
1457 1518 1529 1558 plus
1556 1518 1699 1549 elevatur
1722 1518 1821 1550 homo

1039 1585 1137 1615 supra
1151 1584 1194 1612 se,
1209 1576 1240 1605 et
1253 1582 1350 1613 supra
1362 1582 1399 1604 ea
1409 1581 1483 1612 quae
1492 1574 1567 1603 sunt
1576 1574 1710 1610 naturae,
1722 1582 1821 1613 quam

1039 1630 1073 1660 in
1092 1628 1260 1660 dilectione
1280 1627 1457 1657 amicorum
1474 1635 1481 1656 :
1497 1635 1575 1665 ergo
1598 1628 1705 1656 motus
1724 1626 1821 1657 dilec-

1038 1683 1134 1714 tionis
1156 1682 1237 1713 circa
1252 1681 1396 1711 inimicos
1410 1682 1456 1711 est
1471 1679 1574 1719 magis
1591 1679 1774 1710 meritorius
1789 1681 1820 1711 et

1039 1737 1196 1777 perfectus
1214 1759 1221 1772 ‚
1258 1743 1356 1775 quam
1392 1735 1499 1764 motus
1531 1732 1708 1764 dilectionis
1742 1742 1820 1773 erga

1039 1791 1169 1822 amicos,

1080 1844 1159 1875 Item
1182 1844 1303 1883 quanto
1317 1843 1424 1872 motus
1447 1839 1621 1871 dilectionis
1636 1841 1683 1871 est
1699 1840 1819 1880 perfec-

1039 1899 1110 1938 tior,
1122 1901 1210 1929 tanto
1219 1897 1380 1928 liberalior
1390 1899 1436 1926 est
1450 1897 1481 1925 et
1491 1895 1616 1935 purior3
1628 1904 1719 1926 amor
1731 1895 1818 1926 enim

1039 1955 1213 1996 spiritualis
1233 1962 1335 1994 purus
1356 1955 1402 1983 est
1417 1954 1447 1983 et
1465 1951 1604 1982 liberalis
1620 1961 1628 1982 ε
1643 1951 1698 1981 sed
1712 1953 1820 1982 motus

1039 2008 1214 2040 dilectionis
1229 2016 1309 2047 erga
1321 2006 1489 2037 inimicum
1508 2004 1620 2045 purior
1635 2007 1680 2035 est
1695 2006 1726 2036 et
1739 2005 1819 2036 libe-

1039 2062 1147 2100 ralior,
1161 2070 1259 2101 quam
1275 2069 1354 2100 erga
1369 2059 1510 2090 amicum
1524 2068 1532 2088 :
1549 2056 1661 2098 purior
1674 2056 1817 2097 quidem,

1040 2116 1116 2157 quia
1136 2115 1217 2147 nihil
1237 2114 1333 2145 habet
1356 2113 1536 2145 admixtum
1551 2111 1590 2142 de
1616 2110 1816 2149 carnalitate3

1039 2168 1216 2206 liberalior,
1232 2167 1310 2208 quia
1327 2166 1436 2198 minus
1451 2165 1547 2196 hahet
1561 2164 1599 2195 de
1613 2163 1818 2203 obligationis

1040 2222 1223 2254 necessitate
1247 2230 1254 2252 z
1279 2229 1357 2260 ergo
1383 2219 1511 2251 videtur
1538 2217 1625 2259 quod
1651 2217 1753 2248 multo
1779 2217 1819 2248 sit

1040 2277 1218 2318 perfectior,
1234 2277 1265 2307 et
1278 2275 1341 2306 Deo
1349 2273 1516 2314 acceptior,
1530 2273 1562 2303 et
1575 2271 1614 2303 ad
1629 2271 1817 2302 merendum

1040 2330 1207 2362 efficacior.

1081 2384 1141 2416 Sed
1158 2384 1267 2415 contra
1282 2393 1290 2414 z
1312 2383 1340 2413 1.
1357 2380 1487 2413 Dilectio
1507 2378 1714 2410 inimicorum
1728 2377 1819 2418 poni-

1041 2440 1094 2470 tur
1109 2439 1148 2469 ab
1162 2437 1330 2469 Ambrosio
1348 2436 1383 2467 in
1401 2435 1515 2466 ultimo
1531 2433 1635 2474 gradu
1653 2442 1661 2465 t
1678 2440 1757 2472 ergo
1770 2431 1819 2463 di-

1041 2492 1133 2524 lectio
1156 2492 1210 2523 illa
1237 2490 1377 2522 maxime
1404 2489 1521 2520 recedit
1542 2497 1561 2519 a
1583 2486 1687 2527 primo
1715 2485 1819 2526 gradu

1043 2576 1075 2600 ΙΙΙ
1092 2575 1171 2603 8εηί.,
1189 2573 1246 2598 dist.
1260 2579 1321 2600 xxx.
1340 2579 1364 2603 q.
1387 2577 1428 2601 vu
1447 2569 1572 2595 Guilielm.
1587 2568 1678 2599 voni„
1692 2568 1725 2592 ΙΙΙ
1737 2568 1818 2599 Seni„

1045 2611 1101 2636 dist.
1117 2616 1179 2641 xxx,
1194 2616 1219 2641 q.
1236 2615 1289 2634 1.—
1304 2609 1314 2624 ¹
1328 2606 1432 2637 Matth„
1444 2613 1469 2636 v,
1486 2607 1524 2630 46.

1836 2391 1868 2412 Ad
1877 2396 1929 2418 opp.
