2017 2960
660 186 849 225 DISTINCT.
873 186 909 217 X.
934 185 1024 218 ART.
1049 186 1087 217 II.
1112 185 1262 224 QUAEST.
1285 185 1325 216 Il.

187 271 265 292 sona
286 259 399 292 Christi
413 257 502 289 nullo
523 257 658 287 istorum
681 255 851 286 modorum
866 254 963 284 etiam

188 313 364 345 secundum
385 313 533 341 naturam
555 312 753 349 assumptam
780 308 894 338 hahuit
912 316 965 338 ex-

187 364 399 400 traneitatem,
416 361 493 401 quia
504 370 561 391 nec
586 362 752 400 peccatum
767 359 890 395 habuit,
906 367 965 388 nec

188 417 304 448 habere
326 415 429 456 potuit
445 439 452 451 ‚
470 423 581 445 omnes
604 416 711 444 autem
728 413 797 443 aliae
821 420 964 452 persona}

187 470 338 501 habentes
358 468 509 508 gratiam,
535 468 721 498 habuerunt
741 466 881 505 aliquam
907 474 965 495 ex—

185 523 386 554 traneitatem
395 533 403 559 ;
420 521 495 552 hinc
518 523 565 551 est
578 521 664 560 quod
688 520 727 550 de
741 518 893 549 omnibus
907 518 964 548 ha-

185 577 331 608 bentibus
350 575 489 615 gratiam
507 577 608 614 potest
625 573 687 604 dici
708 573 793 612 quod
812 574 888 602 sunt
907 571 965 601 filii

185 631 342 671 adoptivi,
366 631 497 669 excepta
519 629 585 659 sola
606 636 742 668 persona
763 625 895 663 Christi,
912 634 964 655 ra-

185 684 271 716 tione
283 684 353 724 jam
370 683 462 713 dicta.
488 681 702 713 Concedendae
717 681 793 711 sunt
819 688 898 718 ergo
913 687 966 708 ra-

185 739 290 770 tiones
304 738 345 769 ad
354 739 477 778 partem
487 737 591 766 istam.

227 794 256 822 1.
275 791 324 822 Ad
345 790 425 821 illud
439 799 518 829 ergo
536 789 620 829 quod
644 788 749 829 primo
764 786 914 827 objicitur
927 786 966 816 de

188 845 321 883 Hilario,
338 844 424 884 quod
447 844 482 874 in
497 843 619 874 Christo
634 841 819 872 humanitas
835 841 966 880 adopta-

185 901 252 935 tur,
269 898 440 929 dicendum
451 897 536 937 quod
549 896 734 927 humanitas
747 895 862 926 dicitur
872 894 967 933 adop-

186 951 248 982 tari
277 960 344 982 non
375 950 498 981 ratione
526 950 611 980 illius
632 948 807 988 singularis
829 949 965 984 naturae,

188 1013 262 1045 quae
271 1007 435 1044 assumpta
449 1004 509 1035 fuit
521 1013 540 1034 a
555 1003 658 1034 Verbo
677 1003 709 1032 in
724 1002 879 1033 unitatem
892 1009 966 1040 per-

189 1067 290 1096 sonae,
316 1058 370 1089 sed
392 1058 515 1088 ratione
543 1056 758 1087 consimilium
782 1066 788 1085 :
812 1055 889 1094 quia
912 1062 968 1093 per

188 1111 275 1142 illam
305 1111 462 1142 unionem
497 1110 637 1149 adoptati
666 1111 741 1139 sunt
776 1108 829 1138 alii
861 1107 969 1137 homi-

189 1174 258 1196 nes.

229 1220 259 1248 2.
278 1217 327 1248 Ad
347 1216 427 1247 illud
449 1216 535 1256 quod
555 1215 722 1255 objicitur,
740 1214 825 1254 quod
839 1213 969 1253 spiritus

189 1270 350 1302 charitatis
374 1270 447 1301 tacit
481 1269 551 1300 illos
579 1269 761 1309 adoptivos,
798 1267 968 1298 dicendum

189 1325 275 1365 quod
290 1334 404 1356 verum
419 1327 465 1355 est
480 1325 513 1355 in
530 1324 580 1355 his
593 1332 666 1364 quae
681 1323 798 1353 liabent
813 1323 969 1353 extranei-

190 1381 287 1409 tatem
305 1378 445 1418 aliquam
466 1389 472 1408 z
490 1379 521 1408 et
544 1377 620 1417 quia
634 1377 718 1407 hanc
731 1386 796 1407 non
811 1379 857 1406 est
875 1385 969 1416 repe-

190 1433 254 1463 rire
269 1433 304 1462 in
315 1431 452 1468 Christo,
468 1431 538 1462 ideo
552 1440 617 1461 non
628 1432 713 1461 tenet
721 1430 800 1460 ratio
811 1430 875 1467 illa,
892 1431 970 1470 quia

190 1485 332 1525 procedit
345 1485 384 1515 ab
398 1484 617 1515 insufficienti.

231 1540 260 1568 3.
271 1538 320 1569 Ad
332 1538 411 1569 illud
422 1538 507 1578 quod
524 1538 689 1577 objicitur,
706 1539 817 1567 utrum
829 1536 971 1567 Christus

191 1592 231 1622 sit
245 1592 346 1622 Filius
367 1592 419 1623 Dei
435 1592 612 1623 secundum
627 1591 713 1631 quod
735 1591 832 1622 homo
843 1616 850 1629 ,
869 1594 971 1631 potest

191 1645 321 1676 concedi
341 1645 427 1685 quod
443 1646 497 1676 sic.
520 1645 557 1675 Et
579 1645 604 1675 si
619 1647 784 1685 quaeratur
806 1648 915 1675 utrum
932 1645 972 1675 sit

191 1698 276 1729 filius
302 1708 359 1739 per
377 1699 526 1738 gratiam,
542 1699 592 1730 vel
607 1708 664 1738 per
684 1701 845 1735 naturam,
863 1698 972 1729 dicen-

191 1752 269 1783 dum
287 1753 388 1792 quod,
401 1753 577 1783 secundum
594 1752 680 1792 quod
693 1752 800 1790 homo,
823 1754 869 1782 est
884 1752 971 1782 tilius

192 1814 248 1845 per
262 1806 400 1845 gratiam
414 1815 422 1837 t
439 1806 493 1836 sed
508 1809 585 1836 tunc
600 1815 663 1836 non
677 1806 837 1845 sequitur:
861 1817 875 1834 (ι
887 1805 971 1845 Ergo

191 1861 239 1889 est
254 1859 339 1889 filius
355 1860 541 1899 adoptivus,
553 1870 567 1887 ›)
583 1859 658 1899 quia
673 1859 733 1889 hoc
755 1868 820 1889 non
841 1862 887 1889 est
914 1868 971 1898 per

192 1913 332 1951 gratiam
347 1913 528 1953 adoptionis
543 1937 551 1950 ,
573 1913 626 1943 sed
643 1922 699 1953 per
722 1913 859 1952 gratiam
875 1913 969 1943 unio-

192 1966 254 2004 nis,
272 1975 346 2006 quae
363 1966 464 1997 multo
481 1969 528 1997 est
546 1967 751 1997 excellentior
769 1976 776 1997 z
796 1976 853 1997 nec
878 1967 972 1997 habet

192 2018 443 2057 repugnantiam
476 2018 515 2048 ad
549 2018 736 2049 filiationem
773 2018 968 2056 naturalem,

192 2071 258 2102 imo
270 2071 345 2102 facit
362 2071 451 2102 illam
465 2072 698 2103 communicari
716 2083 722 2103 :
747 2081 804 2102 nec
822 2072 972 2112 importat

192 2124 333 2165 aliquam
346 2125 630 2166 imperfectionem,
655 2135 715 2157 nec
729 2126 897 2164 amittitur,
914 2135 972 2156 nec

192 2177 411 2216 consumitur,
433 2178 516 2208 sicut
541 2178 646 2218 gratia
670 2178 859 2218 adoptionis,
876 2181 972 2218 prout

194 2230 389 2270 explicatum
402 2231 472 2262 fuit.

235 2285 265 2314 4.
287 2284 336 2314 Ad
349 2284 427 2315 illud
444 2284 531 2324 quod
552 2284 712 2325 objicitur,
730 2284 816 2324 quod
834 2284 889 2314 filii
915 2293 971 2323 per

194 2337 385 2369 creationem
399 2339 484 2368 fiunt
494 2338 551 2368 tilii
565 2347 621 2378 per
635 2338 850 2378 adoptionem,
860 2338 970 2368 diceu-

194 2389 273 2420 dum
287 2391 374 2431 quod
387 2400 453 2422 non
468 2393 513 2422 est
528 2391 641 2430 simile,
655 2391 731 2431 quia
743 2391 801 2422 filii
815 2399 871 2431 per
886 2400 971 2421 crea-

195 2441 325 2482 tionem,
338 2444 488 2483 quamvis
501 2453 566 2475 non
580 2444 642 2474 sint
652 2444 783 2475 omnino
796 2444 938 2475 extranei
952 2453 970 2474 a

195 2494 269 2533 Deo,
301 2498 408 2527 tamen
426 2500 559 2537 possunt
584 2506 651 2528 esse
679 2498 833 2536 extranei,
864 2498 890 2528 si
914 2507 971 2538 per

230 2593 236 2609 ¹
252 2592 292 2622 Cf.
309 2593 380 2617 Alex.
396 2594 500 2620 Mensis,
510 2602 533 2625 p.
546 2595 588 2626 111,
603 2602 627 2626 q.
642 2601 668 2625 x,
680 2596 775 2620 memb.
788 2598 815 2626 6;
827 2598 853 2622 S.
867 2597 969 2627 Thom.‚

197 2635 223 2660 p.
237 2628 279 2658 111,
290 2634 395 2660 q.xx11,
410 2632 476 2653 art-t
492 2632 535 2660 ;et
551 2631 580 2654 ΙΙΙ
597 2631 678 2661 Sent„
689 2632 747 2656 dist.
763 2638 788 2661 x,
798 2635 845 2657 art.
858 2635 879 2660 1,
895 2640 920 2664 q.
936 2639 969 2663 1¹3

198 2664 282 2695 AEgid.
299 2665 384 2696 Rom„
400 2665 432 2690 111
447 2667 524 2697 sent„
540 2666 589 2691 dist
611 2673 641 2698 x,
653 2674 679 2698 p.
695 2674 726 2699 u,
741 2675 765 2699 q.
781 2674 826 2699 1115
842 2669 969 2700 menard„

1736 186 1794 215 235

1017 253 1145 294 culpam
1156 253 1239 284 fiunt
1252 252 1309 282 tilii
1321 251 1438 282 djaboli
1450 261 1457 282 ι
1469 260 1526 281 nec
1538 260 1593 290 per
1599 251 1792 282 creationem

1019 310 1093 337 sunt
1107 307 1235 347 perfecti
1250 306 1319 344 filii,
1337 305 1412 345 quia
1426 314 1490 335 non
1503 307 1579 335 sunt
1589 304 1797 335 similitudine

1019 360 1132 399 gratiae
1154 360 1308 399 insigniti.
1326 358 1395 390 Non
1415 358 1458 388 sic
1483 360 1590 388 autem
1616 359 1663 387 est
1689 357 1727 387 de
1746 366 1795 393 eo,

1019 414 1074 453 qui
1096 423 1153 453 per
1176 413 1419 453 generationem
1443 415 1489 443 est
1511 412 1597 442 filius
1613 423 1619 442 :
1636 411 1688 441 ille
1710 411 1794 441 enim

1019 476 1085 498 non
1100 469 1147 497 est
1161 469 1344 504 extraneus,
1356 476 1413 497 nec
1422 468 1521 506 potest
1530 466 1610 502 fieri,
1624 474 1683 495 nec
1698 467 1799 505 potest

1020 520 1124 559 magis
1145 520 1327 558 consignari
1352 529 1358 549 :
1381 522 1411 550 et
1434 519 1503 550 ideo
1528 528 1593 549 non
1615 521 1715 558 potest
1743 527 1799 557 per

1020 573 1223 613 adoptionem
1246 573 1332 603 filius
1348 573 1400 603 Dei
1417 573 1455 603 de
1470 581 1554 602 novo
1570 571 1638 602 fieri
1656 582 1663 601 ι
1680 573 1711 602 et
1728 571 1798 601 ideo

1020 627 1101 657 ratio
1126 627 1179 657 illa
1196 636 1261 657 non
1283 626 1378 663 valet,
1390 625 1541 665 quoniam
1556 634 1621 655 non
1636 628 1683 656 est
1697 624 1799 655 simile

1020 680 1095 710 hinc
1109 680 1228 711 etiude.

1294 786 1475 824 QUAEST10
1498 787 1537 818 ΙΙ.

1021 869 1066 895 An
1074 869 1176 902 filiatio
1185 868 1340 903 adoptionis
1347 869 1487 895 conveniat
1495 867 1571 895 ηοὸἰε
1579 875 1629 902 per
1635 868 1769 896 Christum
1782 873 1799 894 ¹.

1062 948 1176 979 Utrum
1192 948 1303 979 filiatio
1328 948 1506 988 adoptionis
1530 948 1699 980 conveniat
1711 948 1802 978 nobis
1817 961 1923 982 Fundam.

1022 1012 1078 1042 per
1098 1002 1269 1040 Christum,
1287 1005 1365 1040 etc.;
1393 1005 1424 1033 et
1439 1003 1524 1042 quod
1540 1003 1595 1040 sic,
1623 1002 1750 1033 videtur
1765 1006 1775 1021 ²
1794 1013 1800 1033 :

1025 1055 1122 1087 Dedit
1137 1057 1183 1088 eis
1198 1059 1384 1095 potestatem
1398 1056 1484 1094 filios
1506 1057 1562 1088 Dei
1577 1057 1661 1095 fieri,
1676 1057 1728 1087 his
1747 1057 1803 1095 qui

1023 1109 1157 1141 credunt
1172 1111 1207 1141 in
1220 1110 1348 1141 nomine
1357 1109 1425 1148 eJ'us
1440 1112 1583 1140 :constat
1599 1110 1683 1149 quod
1698 1109 1803 1140 Evan-

1023 1163 1136 1201 gelista
1147 1163 1289 1202 loquitur
1301 1163 1339 1193 de
1351 1161 1454 1193 Verbo
1469 1163 1633 1193 incarnato
1642 1174 1648 1193 t
1657 1172 1736 1201 ergo
1752 1163 1805 1193 vi-

1024 1216 1116 1247 detur
1135 1216 1221 1255 quod
1245 1226 1302 1256 per
1325 1216 1432 1256 ipsum
1448 1225 1506 1246 nos
1528 1216 1629 1246 simus
1653 1216 1709 1246 filii
1724 1216 1777 1246 Dei
1796 1228 1802 1247 :

1024 1270 1078 1300 sed
1095 1279 1158 1300 non
1170 1270 1235 1307 alii,
1246 1279 1344 1309 quam
1360 1270 1501 1309 adoptivi
1518 1281 1523 1300 :
1542 1279 1631 1308 ergo,
1648 1273 1706 1300 etc.

1067 1323 1143 1354 ltem
1160 1326 1170 1342 ³
1184 1335 1190 1354 z
1211 1325 1300 1355 Misit
1315 1324 1397 1354 Deus
1406 1323 1512 1362 filium
1524 1331 1618 1354 suum
1629 1323 1750 1361 factum
1765 1331 1806 1354 esc

1025 1376 1168 1415 innitere,
1197 1380 1231 1408 uc
1253 1377 1456 1416 adoptionem
1485 1376 1627 1416 filiorum
1650 1377 1806 1416 recipere-

1026 1439 1096 1462 mus
1109 1442 1120 1461 .·
1136 1440 1214 1469 ergo
1227 1431 1253 1460 si
1264 1431 1349 1461 filius
1364 1431 1402 1461 ad
1427 1431 1486 1461 hoc
1504 1430 1621 1461 missus
1636 1433 1681 1460 est
1695 1430 1728 1460 in
1741 1439 1806 1460 car-

1026 1493 1112 1522 nem,
1128 1485 1253 1515 videtur
1265 1484 1351 1523 quod
1373 1493 1429 1524 per
1450 1484 1610 1514 Christum
1634 1484 1734 1514 simus
1749 1484 1806 1514 filii

1026 1538 1177 1577 adoptivi.

1067 1592 1145 1622 Item
1159 1601 1254 1623 omne
1270 1602 1325 1632 per
1341 1592 1485 1623 accidens
1502 1591 1667 1622 reducitur
1688 1591 1727 1621 ad
1750 1599 1806 1630 per

1027 1655 1059 1676 se
1078 1645 1151 1676 :sed
1169 1646 1224 1675 filii
1239 1655 1295 1686 per
1303 1646 1505 1685 adoptionem
1521 1647 1594 1674 sunt
1610 1644 1667 1674 filii
1683 1653 1738 1684 per
1753 1653 1806 1674 ac-

1027 1699 1133 1730 cidens
1146 1703 1292 1739 respectu
1316 1700 1374 1730 filii
1390 1699 1544 1730 naturalis
1559 1723 1566 1735 ,
1581 1698 1636 1738 qui
1660 1708 1714 1738 per
1730 1708 1763 1729 se
1778 1701 1809 1729 et

1027 1753 1154 1792 proprie
1170 1756 1217 1783 est
1233 1753 1317 1784 filius
1338 1764 1344 1784 z
1369 1762 1447 1792 ergo
1462 1753 1487 1782 si
1499 1752 1584 1782 solus
1607 1751 1750 1783 Christus
1763 1754 1809 1783 est.

1027 1807 1113 1837 filius
1129 1807 1295 1845 naturalis,
1315 1807 1440 1837 videtur
1452 1806 1538 1846 quod
1552 1805 1660 1836 nullus
1675 1806 1808 1845 adopte-

1027 1860 1123 1891 turin
1134 1860 1240 1890 filium
1256 1860 1317 1890 nisi
1331 1870 1387 1900 per
1402 1860 1521 1900 ipsum.

1069 1913 1148 1943 [tem
1163 1922 1219 1953 per
1235 1914 1341 1953 ipsum
1357 1922 1469 1943 sumus
1482 1913 1538 1942 filii
1554 1912 1608 1943 Dei
1621 1913 1736 1950 effecti,
1752 1921 1808 1952 per

1028 1976 1125 2007 quem
1141 1977 1254 1998 sumus
1277 1967 1338 1998 Deo
1366 1967 1560 1998 reconciliati
1583 1978 1589 1997 z
1609 1967 1662 1997 sed
1679 1966 1742 1997 Deo
1756 1975 1808 1997 re-

1028 2019 1185 2049 conciliati
1199 2029 1312 2049 sumus
1321 2028 1377 2058 per
1388 2018 1560 2054 Christum,
1571 2017 1651 2047 sicut
1664 2017 1806 2048 dicitur‘:

1028 2074 1110 2104 Deus
1134 2081 1192 2104 nos
1211 2073 1275 2104 sibi
1302 2072 1524 2104 reconciliavit
1541 2079 1599 2111 per
1621 2071 1780 2102 Christum
1797 2081 1807 2100 :

1027 2135 1106 2165 ergo
1121 2126 1249 2157 videtur
1270 2126 1353 2165 quod
1380 2125 1520 2165 adoptati
1544 2134 1658 2155 sumus
1677 2133 1734 2164 per
1759 2125 1808 2164 ip-

1027 2189 1112 2210 sum.

1068 2234 1129 2265 Sed
1140 2236 1260 2271 contra,
1270 2237 1282 2264 1
1294 2234 1303 2250 ³⁵
1312 2245 1318 2264 2
1327 2233 1398 2265 Non
1405 2233 1575 2272 accepistis
1581 2233 1735 2272 spiritum
1744 2239 1808 2263 ser-

1027 2288 1144 2320 vitutis
1160 2289 1277 2320 iterum
1286 2289 1321 2319 in
1337 2288 1460 2325 timore,
1469 2287 1526 2319 sed
1539 2288 1693 2327 spiritum
1709 2286 1807 2325 adop-

1027 2342 1128 2373 tionis
1142 2341 1285 2380 filiorum
1300 2351 1310 2370 :
1326 2350 1404 2380 ergo
1431 2341 1560 2372 videtur
1581 2340 1668 2380 quod
1690 2342 1805 2370 nostrae

1027 2394 1188 2425 filiationis
1201 2394 1328 2434 adoptio
1338 2394 1465 2434 proprie
1478 2393 1681 2424 attribuenda
1689 2393 1729 2423 sit
1739 2392 1759 2424 S
1763 2393 1807 2433 pi-

1026 2448 1229 2484 rituisancto,
1241 2457 1306 2478 non
1321 2447 1456 2478 Christo.

1067 2504 1096 2532 ⁶2.
1111 2501 1206 2532 Item‘»
1218 2510 1225 2532 :
1237 2501 1313 2533 Nisi
1323 2502 1397 2540 quis
1409 2504 1539 2533 renatus
1555 2501 1655 2539 fuerit
1668 2508 1709 2531 ea:
1721 2508 1807 2540 aqua

1027 2590 1148 2626 ιιιεειιιζ,
1160 2597 1354 2629 (ιῑξιῑςῑῆειιζ,
1369 2606 1394 2629 q.
1413 2604 1436 2628 13
1452 2598 1538 2628 sieph.
1557 2597 1661 2628 Brules„
1676 2598 1705 2621 ιιι
1723 2597 1806 2627 Sene„

1027 2634 1075 2657 dist
1100 2640 1112 2657 x
1125 2652 1132 2663 ,
1147 2641 1174 2665 q.
1190 2640 1264 2657 v!.—
1276 2635 1286 2650 ³
1298 2635 1379 2664 Jomn,
1395 2639 1414 2663 ι,
1438 2634 1471 2656 12.
1484 2646 1512 2649 —
1523 2633 1532 2648 ³
1546 2633 1613 2659 Gal..
1632 2640 1666 2662 ιγ,
1682 2635 1704 2657 4.
1718 2646 1748 2651 -
1759 2634 1770 2650 ⁸
1786 2633 1806 2656 11

1027 2670 1096 2700 Cor„
1110 2676 1132 2702 v,
1151 2671 1187 2694 18.
1199 2671 1244 2688 —5
1259 2671 1338 2700 Rom„
1354 2675 1410 2699 vlu,
1428 2670 1465 2693 15.
1478 2681 1508 2686 -—
1519 2670 1528 2686 Β
1543 2670 1626 2700 Joan„
1638 2676 1680 2701 111,
1695 2671 1719 2694 5.

1829 2238 1860 2259 Ad
1872 2244 1923 2264 opp.
