1997 2986
1706 194 1740 217 XI

127 261 264 294 Paulum
279 261 470 303 Grysaldum
488 261 598 294 Perus.
624 262 657 293 in
680 262 784 294 Decis.
803 260 862 299 fid.
888 261 992 293 cathol
1013 263 1043 292 et
1066 265 1192 300 apost.;
1211 263 1309 301 utque
1335 261 1513 292 Adi-tanum
1540 260 1736 292 Florentium

127 324 260 366 TraJect.
278 325 313 356 in
325 333 394 356 xvii
410 325 563 364 sentem„
579 335 611 366 q.
625 324 664 357 de
678 325 804 356 remiss.
819 328 977 364 peccator.
991 327 1209 364 postmortem
1224 324 1244 352 ¹.

168 400 182 416 υ
199 387 263 420 Nec
277 388 464 428 opposueris
483 388 652 428 (eumdem)
669 388 812 419 docuisse
827 387 1019 428 Symbolum
1036 386 1060 418 N
1066 386 1156 417 icaeni
1172 386 1301 417 Concilii
1318 386 1460 426 (editum)
1480 387 1524 418 ad
1541 387 1738 426 confutatio-

127 459 196 482 nem
211 450 475 482 multimodarum
490 451 645 482 haeresum
659 449 901 489 pullulantium,
919 452 1015 489 atque
1030 449 1112 479 inter
1127 449 1184 479 has
1198 458 1465 480 commemorasse
1479 449 1626 481 lueres-lm
1640 451 1741 490 Euty-

128 513 196 545 chis
213 516 244 545 et
259 513 411 551 Nestorii,
426 522 500 553 quae
517 515 623 543 tamen
638 512 735 551 longe
752 514 859 552 postea
875 511 1046 552 pullulavit
1061 522 1068 549 ;
1093 511 1122 542 id
1139 512 1259 551 quippe
1283 511 1528 550 intelligendum
1551 515 1596 542 est
1611 512 1649 542 de
1664 522 1740 543 san·

128 575 199 607 citis
211 576 245 606 in
266 575 378 607 eodem
393 575 543 612 concilio,
560 582 617 614 per
631 583 702 614 quoe
715 578 842 614 possent
864 574 999 606 luereses
1018 575 1183 613 consulari
1195 598 1204 612 ‚
1230 573 1350 605 nedum
1371 577 1448 605 tuuc
1469 578 1608 613 exortae,
1634 574 1688 605 sed
1710 578 1741 605 et

128 640 237 678 postea
264 638 448 669 exoriturae.
472 637 522 668 Sic
547 646 587 668 ex
606 636 730 677 scriptis
750 636 943 668 Sanctorum
968 635 1099 667 Patrum
1126 636 1262 666 diversa:
1285 636 1474 666 refelluntur
1491 636 1641 675 haereses,
1666 646 1740 677 quae

129 703 236 731 tamen
251 699 394 731 nondum
409 702 504 739 caput
518 699 711 737 extulerant,
726 699 856 739 quando
873 698 917 729 illi
936 700 1057 730 veteres
1073 698 1180 729 Patres
1194 698 1358 738 scripsere.
1378 698 1422 729 lta
1436 708 1565 739 quoque
1583 699 1614 729 iu
1630 699 1741 730 Conci-

128 761 170 792 lio
185 761 355 802 Ephesino,
372 771 414 792 an
428 763 498 800 431,
516 765 626 793 contra
640 761 840 800 Nestorium,
857 764 888 793 et
902 762 934 792 in
951 761 1196 793 chalcedonensi
1208 786 1215 798 ,
1231 771 1285 793 au.
1302 764 1356 793 451
1370 786 1379 799 ,
1396 765 1506 793 contra
1520 762 1687 802 Eutychen
1702 763 1741 794 ad

129 823 298 856 Nicaenum
322 824 512 865 Symbolum
538 826 747 864 provocatum
770 827 826 855 est.
859 825 891 855 ld
917 827 1070 865 praeterea
1094 824 1133 855 de
1159 823 1289 856 Nicaeno
1311 824 1466 865 Symbolo
1495 825 1741 865 intelligendum

128 887 305 918 secundum
319 896 357 918 ea
373 886 588 918 additamenta
600 910 608 925 ,
625 896 698 926 quae
713 887 752 918 ad
769 887 1010 928 proscribendus
1027 887 1132 919 varias
1153 887 1291 918 liaereses
1306 890 1430 928 postea,
1448 888 1579 928 majoris
1600 889 1740 929 explica-

127 950 222 981 tionis
236 950 352 989 gratia,
365 950 425 990 ipsi
440 952 650 980 accesserunt.

167 1022 182 1041 n
201 1011 292 1050 Quod
313 1012 340 1043 si
362 1011 497 1043 ulterius
513 1012 648 1051 urseris,
672 1011 933 1044 Bonaventuram
955 1013 997 1043 ita
1017 1013 1206 1053 explicuisse
1234 1014 1456 1054 Apostolorum
1481 1014 1683 1055 Symbolum,
1705 1018 1741 1046 ut

127 1079 274 1120 singulos
287 1080 358 1119 ejus
382 1079 532 1110 articulos
553 1080 704 1120 apostolis
721 1080 859 1119 singulis
879 1081 1077 1117 attribuerit,
1095 1090 1131 1111 ac
1152 1081 1342 1121 Symbolum
1364 1082 1496 1121 insuper
1517 1081 1660 1112 laudasse
1681 1082 1740 1112 sub

126 1147 257 1178 nomine
277 1147 456 1178 Athanasii
475 1146 616 1179 doceorae's
634 1147 795 1186 prcecipui
804 1156 818 1186 ,·
832 1146 893 1178 hoc
913 1149 980 1178 esto
1002 1148 1098 1179 breve
1117 1157 1307 1188 responsum
1323 1158 1331 1180 :
1350 1149 1488 1190 idipsum
1508 1149 1587 1180 alios
1603 1149 1741 1181 illustres

126 1211 223 1250 viros,
241 1214 310 1242 tum
324 1211 561 1243 Bonaventurae
577 1220 705 1243 eoaevos
721 1236 729 1250 ,
746 1214 817 1243 tum
833 1212 901 1252 ipso
923 1212 1118 1252 antiquiores
1133 1213 1253 1252 egisse,
1271 1214 1391 1254 absque
1407 1214 1474 1245 ullo
1496 1223 1610 1245 corum
1631 1215 1739 1246 erudi-

127 1274 223 1306 tionis
247 1283 284 1306 ac
307 1275 462 1306 doctrinae
487 1275 640 1306 dedecore
659 1284 695 1306 ac
713 1275 912 1315 praejudicio.
936 1275 1097 1306 Incertum
1118 1276 1248 1316 quidem
1272 1277 1302 1307 id
1325 1286 1389 1317 ego
1414 1286 1543 1317 quoque
1572 1286 1736 1316 agnosco:

125 1336 200 1368 novi
214 1339 323 1368 tamen
338 1338 414 1369 hinc
429 1338 574 1378 opinioni
596 1338 703 1369 favere
726 1336 881 1368 Rufinum
904 1338 1143 1386 Aquileiensem
1167 1339 1411 1379 presbyterum,
1430 1339 1521 1370 initio
1544 1339 1738 1372 Commenta-

126 1399 249 1432 riorum
263 1401 299 1432 z'n
311 1400 505 1440 Symbolum,
521 1403 617 1440 atque
632 1399 843 1431 Hiucmarum
859 1399 1074 1431 Rbemensem
1094 1401 1370 1442 archiepiscopum
1389 1402 1422 1432 in
1436 1402 1568 1442 epistola
1583 1402 1739 1434 adversus

126 1464 275 1504 Episcop.
290 1463 536 1496 Laudunensem
550 1474 559 1502 ·,
574 1463 651 1494 item
665 1462 699 1494 S.
715 1462 867 1501 Leonem,
883 1463 974 1503 epist.
992 1472 1095 1502 xxm,
1112 1464 1153 1494 al.
1170 1473 1237 1503 xm,
1254 1464 1298 1496 act
1313 1464 1519 1497 pulcheriam
1534 1466 1714 1506 Anquscam
1727 1476 1740 1506 ,-

125 1525 320 1558 venantium
334 1526 560 1565 Fortunatum,
577 1526 633 1557 lib.
651 1525 690 1564 11,
707 1526 763 1556 ubi
779 1525 969 1565 Symbolum
987 1534 1151 1566 exponens
1164 1526 1276 1557 eadem
1292 1527 1356 1558 sere
1370 1527 1484 1566 habet,
1500 1537 1575 1568 quae
1590 1529 1740 1568 praesatus

125 1588 273 1627 Rufinus,
296 1592 526 1629 auctoremque
547 1588 705 1619 sermonis
719 1596 782 1619 cxv
797 1587 836 1620 (le
854 1587 1001 1627 Tempore
1016 1589 1099 1619 inter
1121 1589 1152 1619 S.
1171 1589 1349 1629 Augustini
1372 1599 1468 1630 opera
1481 1615 1489 1628 ,
1506 1593 1565 1622 etc.
1584 1591 1672 1623 Unde
1694 1592 1739 1622 nil

125 1652 245 1683 mirum
259 1651 345 1692 quod
359 1660 430 1682 eam
445 1651 548 1691 ipsam
565 1650 752 1691 opinionem
768 1650 862 1681 suerit
878 1651 990 1681 Doctor
1005 1654 1112 1682 noster
1127 1652 1308 1692 amplexus,
1326 1662 1393 1683 una
1407 1662 1482 1684 cum
1498 1653 1568 1685 aliis
1582 1654 1739 1695 theologis

125 1713 284 1755 plurimis,
309 1715 347 1745 ut
367 1715 452 1745 recte
474 1715 583 1744 monet
597 1712 633 1744 P.
658 1712 848 1744 Franciscus
873 1712 1017 1744 fiennon
1035 1713 1150 1744 Contra
1173 1723 1250 1745 vero
1272 1713 1530 1755 Tillemontium‚
1547 1717 1604 1757 qui
1619 1717 1629 1734 ³
1650 1717 1740 1749 nullo

123 1776 332 1808 fundamento
344 1776 455 1808 nixam
470 1778 573 1817 putat,
590 1775 721 1808 videndi
735 1775 902 1807 clarissimi
917 1776 1155 1808 continuatores
1170 1776 1314 1809 Bollandi
1326 1778 1347 1809 ⁸.

163 1851 179 1869 ι
198 1839 369 1877 Caeterum,
385 1839 473 1880 quod
487 1839 615 1880 respicit
626 1839 747 1880 stylum
761 1839 950 1880 hujusmodi
966 1839 1290 1880 Commentariorum,
1308 1841 1515 1874 scholasticus
1528 1843 1664 1875 omnino
1679 1847 1738 1882 est,

122 1914 158 1936 ac
173 1903 298 1943 seculo,
313 1912 378 1945 quo
395 1903 428 1935 S.
444 1902 673 1935 Bonaventura
688 1902 833 1944 scripsit,
849 1903 996 1943 apprime
1019 1903 1231 1942 conveniens,
1249 1904 1288 1935 iis
1312 1905 1409 1936 etiam
1433 1906 1474 1937 ab
1496 1906 1628 1947 antiquo
1649 1907 1739 1939 Latio

123 1967 236 1999 alienis
253 1966 422 1999 abundans
441 1966 625 2005 vocabulis,
641 1975 716 2007 quae
730 1975 842 1998 ansam
857 1967 1088 1998 recentioribus
1107 1967 1226 1998 criticis
1240 1968 1451 2008 praebuerunt
1471 1970 1650 2010 rejiciendi,
1665 1980 1739 2011 per-

122 2039 231 2071 peram
246 2033 366 2068 tamen,
383 2030 423 2062 ad
437 2030 623 2071 apocrypha
637 2032 668 2062 et
682 2031 804 2071 spuria,
818 2030 971 2072 pleraque
986 2031 1278 2070 bonaventuriana,
1303 2034 1382 2072 puta
1398 2043 1405 2062 :
1422 2032 1562 2070 Alcetas,
1577 2033 1616 2066 de
1630 2034 1737 2073 facili,

123 2094 318 2134 rectificare,
334 2094 518 2133 habilitare,
537 2094 731 2133 rami'ficare,
747 2096 820 2132 etc.;
837 2103 943 2135 neque
958 2103 1069 2126 carens
1084 2095 1232 2136 pluribus
1249 2096 1366 2136 graecis
1381 2096 1557 2135 vocabulis,
1573 2105 1715 2136 quorum
1727 2101 1737 2117 ⁶

123 2167 162 2191 ne
177 2158 275 2192 levem
288 2157 417 2200 quidem
429 2159 584 2199 periciam
598 2158 748 2191 habuisse
762 2157 1022 2190 Bonaventuram
1043 2159 1144 2190 critici
1163 2159 1223 2200 ipsi
1242 2159 1450 2191 contendunt.
1472 2159 1523 2190 An
1547 2162 1655 2191 noster
1675 2159 1736 2192 Bo-

123 2223 303 2254 naventura
316 2221 453 2262 loquens
467 2221 506 2252 de
524 2221 726 2253 distinctione
746 2222 830 2254 inter
846 2222 1028 2263 inqenicum
1045 2231 1120 2254 cum
1142 2231 1208 2254 uno
1231 2232 1268 2261 n,
1284 2225 1315 2254 et
1330 2224 1537 2263 inqenm'cum
1552 2232 1609 2264 per
1623 2223 1688 2255 duo
1702 2233 1736 2263 n,

123 2285 244 2326 absque
264 2284 376 2316 saltem
391 2285 455 2317 levi
470 2292 583 2326 yroecoe
601 2285 722 2326 linquoe
735 2286 871 2326 peritia,
889 2285 1076 2317 adseverare
1094 2286 1251 2326 potuerit,
1276 2287 1363 2327 quod
1384 2287 1448 2319 lioec
1472 2287 1658 2326 distinctio,
1676 2289 1739 2320 etsi

124 2347 229 2380 valeat
244 2347 334 2388 apud
348 2347 483 2385 Groecos,
495 2355 561 2381 non
575 2350 678 2381 lamen
694 2348 784 2389 apud
793 2349 928 2381 Latinos
940 2352 962 2387 ⁶,
979 2349 1118 2380 dixerint
1130 2349 1358 2390 sapientiores:
1374 2359 1515 2391 quorum
1531 2351 1628 2382 etiam
1637 2351 1735 2383 inter-

124 2411 185 2443 erit
200 2411 363 2451 Judicare,
387 2419 430 2442 an
448 2410 534 2442 idem
557 2409 784 2443 Bonaventura
802 2412 923 2452 absque
943 2412 1032 2443 omni
1049 2412 1174 2452 linguae
1190 2421 1308 2452 graecae
1329 2422 1442 2453 sapore
1464 2413 1603 2445 scribere
1623 2416 1737 2454 potue-

124 2474 184 2506 rit⁷
207 2484 216 2505 ι
237 2485 252 2504 ει
274 2474 323 2506 ΑΙ)
338 2473 400 2506 hoc
421 2473 553 2506 nomine
574 2473 735 2514 Prosopon
759 2475 845 2515 apud
869 2474 1010 2514 Graecos,
1033 2477 1171 2507 tractum
1195 2478 1242 2508 est
1265 2475 1325 2507 hoc
1346 2484 1465 2507 nomen
1489 2476 1630 2508 Persona
1651 2476 1737 2517 apud

161 2551 237 2576 ¹Vid.
248 2550 389 2582 praesertim
400 2551 430 2574 D.
443 2550 628 2581 Ceiltier‚111st.
643 2552 699 2582 yesi.
713 2552 817 2576 desunt.
827 2553 923 2582 eccles„
939 2554 1002 2577 totu.
1017 2553 1058 2583 xl,
1070 2560 1085 2583 p
1107 2554 1162 2582 580,
1177 2553 1237 2577 edit.
1254 2553 1372 2577 Vives.-
1385 2553 1482 2577 ''l'rm-t.
1499 2554 1527 2582 ll,
1538 2552 1568 2575 dc
1586 2553 1734 2584 Virtutibus,

127 2591 220 2622 disput.
236 2596 254 2621 ι,
269 2598 295 2622 q.
308 2596 343 2620 ιν,
358 2592 406 2615 art.
421 2591 446 2619 Ἰ,
461 2591 543 2615 couel.
557 2597 573 2614 ι.
585 2603 615 2608 -
630 2591 640 2607 ³
653 2592 784 2616 ,liemon-es
795 2593 879 2617 eccles.
894 2611 901 2623 ‚
915 2600 939 2623 p.
956 2594 1011 2617 uis).
1023 2606 1053 2610 —
1068 2593 1079 2610 δ
1092 2594 1129 2617 Ad
1141 2593 1209 2618 diem
1227 2596 1253 2617 is·
1267 2593 1332 2624 julii,
1346 2593 1370 2617 in
1387 2594 1532 2618 Continent.
1548 2593 1636 2618 histor.
1653 2594 1733 2619 critic.

126 2630 155 2653 de
171 2630 250 2654 Dici'e.
263 2631 352 2662 apost„
369 2637 396 2655 n.
409 2631 423 2654 6
434 2632 459 2655 et
473 2631 496 2655 7.
506 2643 537 2649 —
551 2631 562 2647 ⁸
576 2630 634 2655 vm.
649 2631 800 2656 Dian-abste
813 2632 907 2663 Sci-ipe.
918 2634 946 2657 S.
959 2634 1061 2662 Bonae..
1078 2636 1140 2658 soei.
1164 2640 1203 2662 ιιι,
1219 2641 1244 2658 n.
1259 2635 1282 2662 3,
1303 2633 1378 2664 hujus
1400 2634 1461 2657 edit.
1475 2636 1536 2658 tom.
1556 2634 1573 2664 l,
1586 2641 1643 2666 pag.
1660 2640 1733 2659 mni.

127 2670 176 2689 —0
190 2670 298 2695 sentent.
315 2670 358 2695 lib.
374 2671 393 2702 l,
404 2671 461 2697 dist.
473 2676 533 2702 nu,
548 2673 596 2696 m.
610 2674 632 2702 ¹,
643 2678 669 2704 q.
682 2677 724 2702 ιη
738 2671 812 2702 ibid,
825 2679 850 2704 p.
866 2673 921 2704 228,
933 2673 982 2698 col.
995 2674 1072 2698 2.—⁷
1086 2673 1228 2706 Ibid.‚dist.
1244 2680 1322 2705 uin,
1332 2676 1380 2698 ert.
1398 2677 1419 2705 ι,
1432 2681 1457 2706 q.
1474 2680 1490 2705 1,
1501 2681 1565 2706 pag.
1581 2675 1638 2707 ³7⁸,
1647 2675 1697 2700 eol.
1710 2676 1732 2699 ι.
