2017 2960
37 537 122 557 unitam.

28 2377 60 2397 ad
71 2384 113 2403 opp

638 194 734 226 DIST.
755 193 861 225 XXVI.
883 192 971 224 ART.
998 193 1020 223 1.
1044 191 1191 230 QUAEST.
1217 192 1252 223 V.

403 341 582 379 QUAESTIO
604 340 640 371 V.

212 440 258 466 An
272 447 330 474 spes
343 440 373 466 in
387 447 433 466 suo
447 441 510 466 actu
523 440 559 466 sit
574 441 660 470 certa,
677 446 713 464 an
725 437 809 464 dubia
821 437 838 463 ¹.

179 531 292 562 Utrum
308 541 379 571 spes
393 531 426 561 in
442 534 514 562 actu
528 540 586 561 suo
604 530 644 560 sit
664 528 891 560 certitudinalis
903 552 911 566 ‚

139 594 179 616 an
191 585 290 616 dubia
304 595 311 616 ι
324 587 353 615 61
369 585 454 624 quod
467 585 506 614 sit
519 582 760 619 certitudinalis,
774 581 912 617 videtur,

140 639 245 678 primo
260 647 317 678 per
330 637 410 668 illud
434 637 521 677 quod
541 636 656 667 dicitnr
669 637 680 652 ²
695 647 702 666 :
723 635 829 667 Certus
845 643 915 666 sum

140 691 224 731 quod
238 699 337 730 neque
352 699 452 729 mors,
470 698 573 730 neque
594 691 663 721 vita
677 713 684 726 ‚
710 697 807 729 neque
826 696 916 720 crea—

140 749 213 776 tura
238 744 306 776 alia
326 745 443 784 poterit
466 751 523 775 nos
546 751 694 782 separare
716 751 736 774 ιι
758 742 916 774 charitate

144 799 212 830 Dei.
230 798 290 829 Sed
310 797 478 837 Apostolus
493 806 558 827 non
582 799 650 827 erat
672 796 709 826 de
731 796 792 827 hoc
813 798 917 826 certus

141 851 330 882 certitudine
343 850 640 890 comprehensionis
658 861 665 880 ι
678 859 756 889 ergo
771 852 837 880 erat
853 858 918 880 cer-

141 905 276 936 titudine
291 904 522 945 expectationis
539 906 655 942 certus,
673 904 740 934 sive
756 903 917 934 confiden-

140 960 194 989 tiae
208 959 307 999 ipsius
321 959 384 999 spei
401 970 407 989 z
429 968 507 997 ergo
524 967 594 998 5965
610 959 642 989 in
657 960 730 989 actu
744 967 802 988 suo
817 957 919 988 reddit

140 1012 306 1043 hominem
323 1015 457 1043 certum.

184 1066 261 1097 item
276 1067 337 1097 hoc
354 1067 461 1106 ipsum
476 1066 653 1097 ostenditur
674 1075 730 1105 per
754 1065 919 1096 diffinitio-

142 1129 216 1151 nem
236 1120 317 1160 spei,
341 1129 439 1159 quam
465 1119 616 1159 Magister
633 1119 720 1159 ponit
738 1119 772 1149 in
791 1119 917 1149 littera:

144 1186 158 1203 (ι
176 1173 253 1214 Spes
267 1176 313 1204 est
328 1176 413 1203 certa
429 1173 607 1212 expectatio
622 1173 739 1203 futurae
754 1172 921 1203 beatitudi-

142 1227 203 1257 uis.
222 1237 238 1256 n
255 1226 287 1257 Si
303 1235 381 1265 ergo
398 1226 552 1256 certitudo
578 1228 623 1256 est
638 1225 720 1256 circa
744 1228 849 1256 actum
871 1225 919 1265 ip-

141 1280 208 1311 sius
223 1280 287 1320 spei
301 1304 308 1316 ‚
321 1288 391 1319 spes
406 1280 440 1310 in
458 1289 515 1310 suo
531 1281 603 1310 actu
619 1281 665 1309 est
677 1278 917 1309 certitudinalis.

183 1333 261 1365 ltem
289 1333 374 1373 quod
405 1335 550 1364 removet
580 1333 830 1370 haesitationem,
852 1333 920 1363 sive

143 1387 390 1422 vacillationem,
406 1386 516 1416 tribuit
529 1386 753 1416 certitudinem
768 1395 775 1415 :
791 1386 843 1416 sed
858 1386 922 1416 hre-

142 1440 246 1471 sitatio
259 1463 266 1477 ‚
285 1448 358 1479 quae
374 1439 447 1470 facit
460 1439 625 1470 homiuem
642 1439 802 1476 vacillare,
819 1448 921 1469 remo-

143 1496 235 1524 vetur
259 1502 315 1533 per
339 1493 563 1523 confidentiam
587 1493 665 1532 spei.
692 1493 724 1523 Si
746 1501 825 1532 ergo
852 1502 922 1532 spes

143 1547 196 1577 dat
211 1546 436 1577 certitudinem
453 1547 514 1586 ipsi
534 1546 689 1587 speranti‚
709 1555 787 1585 ergo
801 1545 835 1576 in
850 1549 922 1577 actu

143 1610 202 1631 5110
221 1603 268 1631 651
283 1600 522 1631 certitudinalis.

185 1654 276 1692 Item,
293 1653 374 1684 sicut
390 1653 584 1694 impossibile
600 1655 646 1684 cst
659 1663 821 1684 summam
836 1654 920 1685 veri-

143 1710 242 1738 tatem
258 1707 366 1738 fallere
383 1709 414 1738 et
430 1707 573 1746 decipere
589 1707 649 1737 sibi
664 1707 846 1738 credentem
856 1731 863 1744 ,
878 1708 923 1738 516

143 1761 336 1801 impossibile
363 1763 409 1791 est
433 1761 534 1800 ipsam
559 1761 703 1792 deserere
724 1770 922 1802 quemquam

144 1815 177 1844 iu
199 1823 233 1845 se
255 1814 468 1845 confidentem
491 1825 497 1844 :
524 1823 602 1854 ergo
625 1814 707 1845 sicut
733 1815 863 1846 credens
888 1815 922 1846 iu

146 1868 246 1899 Deum
264 1870 369 1899 certus
384 1871 430 1899 est
445 1869 482 1899 de
498 1868 632 1899 veritate
647 1869 762 1900 credita
773 1893 780 1906 ‚
797 1869 841 1900 516
855 1879 920 1909 596-

145 1931 220 1952 rans
230 1921 265 1952 in
280 1922 387 1962 ipsum
402 1924 507 1953 certus
520 1924 567 1953 651
577 1922 615 1953 (16
625 1922 726 1953 5311116
740 1925 919 1962 expectata:

146 1984 224 2015 ergo
244 1975 371 2006 videtur
391 1975 477 2014 quod
501 1975 582 2006 circa
607 1978 716 2007 actum
735 1976 835 2016 ipsius
856 1978 922 2017 spei

148 2029 301 2060 certitudo
317 2029 478 2060 consistat.

186 2083 265 2114 Item
278 2107 286 2121 ,
302 2083 327 2113 si
345 2083 448 2113 virtus
469 2085 515 2113 est
534 2083 648 2114 certior
662 2084 751 2114 omni
765 2086 843 2122 arte⁷
860 2094 922 2115 31]-

147 2136 244 2167 chora
261 2136 408 2166 omnium
425 2136 582 2167 virtutum
597 2137 689 2167 debet
703 2146 770 2168 esse
785 2138 922 2168 certissi-

146 2200 199 2221 ma
216 2200 222 2221 :
241 2200 315 2221 cum
337 2199 416 2229 ergo
437 2199 509 2230 5965
531 2190 600 2230 1953
623 2191 661 2221 3(1
681 2191 764 2231 19535
786 2192 922 2223 virtutes

145 2254 178 2275 se
192 2244 308 2275 habeat
319 2247 355 2275 ut
369 2244 517 2283 quaedam
532 2244 686 2282 anchora,
702 2245 830 2276 videtur
844 2256 922 2286 ergo

147 2298 231 2338 quod
245 2298 314 2337 ipsa
330 2306 399 2337 spes
412 2296 446 2327 iu
461 2299 535 2328 actu
549 2306 608 2328 suo
623 2298 662 2328 sit
676 2298 767 2329 valde
783 2302 878 2330 certa.

185 2352 246 2383 Sed
269 2355 379 2383 contra
395 2361 403 2382 ε
421 2354 449 2382 1.
467 2351 545 2391 Spes
566 2352 741 2382 secundum
763 2362 860 2384 suum
875 2363 923 2384 36-

150 2410 217 2438 tum
241 2407 382 2447 procedit
405 2416 445 2437 ex
468 2406 597 2444 habitu,
614 2405 665 2437 vel
686 2416 727 2437 ex
741 2407 922 2439 considera-

149 2460 233 2491 tione
249 2461 362 2499 gratiae
377 2463 407 2491 et
422 2459 610 2490 meritorum
628 2470 633 2490 ;
650 2460 705 2491 sed
727 2461 834 2492 nullus
852 2471 921 2492 cer-

149 2516 200 2545 tus
216 2516 262 2544 est
277 2516 386 2545 utrum
400 2514 515 2545 habeat
529 2514 666 2553 gratiam
683 2523 725 2544 311
740 2524 804 2546 non
819 2526 825 2546 ι
845 2525 923 2555 ergo

183 2578 239 2608 ¹Cf.
252 2577 438 2607 Α1611.Α161]515,
450 2577 531 2606 Com„
542 2577 619 2607 p.llt‚
630 2577 713 2602 collat.
727 2580 846 2608 1,n‚art.t
862 2581 885 2603 et
895 2581 919 2611 2,-

329 2743 404 2767 Tou.
424 2744 467 2766 IV‘

1691 200 1746 227 :577

966 260 1092 290 videtur
1106 260 1191 300 quod
1206 269 1278 300 spes
1288 260 1322 290 in
1335 269 1393 291 suo
1406 262 1478 291 actu
1490 261 1611 292 nullam
1626 263 1737 294 habeat

967 313 1200 344 certitudinem.

1008 369 1036 396 ⁶2.
1055 366 1132 397 Item
1156 367 1235 397 nihil
1253 367 1393 407 pendens
1415 378 1433 398 a
1456 368 1659 399 vertibilitate
1683 379 1737 400 vo—

968 419 1099 449 luntatis
1114 420 1209 450 habet
1231 421 1453 452 certitudinem
1467 433 1473 453 ;
1490 422 1544 453 sed
1559 431 1630 461 spes
1645 425 1691 452 est
1708 423 1740 452 in

969 472 1067 502 libero
1092 473 1222 503 arbitrio
1249 476 1280 503 et
1307 477 1395 505 actus
1419 476 1489 514 ejus
1501 499 1508 513 ‚
1538 477 1568 506 61
1593 476 1742 506 meritum

971 525 1083 563 pendet
1097 534 1115 555 a
1128 526 1330 557 vertibilitate
1346 528 1538 565 voluntati&
1555 528 1699 558 similiter
1714 531 1744 558 et

971 579 1142 617 praemium
1159 602 1166 616 ‚
1196 579 1280 618 quod
1311 583 1456 619 expectat
1473 592 1479 611 :
1509 590 1591 620 ergo
1620 581 1745 611 videtur

970 631 1054 671 quod
1070 631 1193 662 nullam
1208 632 1322 663 habeat
1337 634 1568 664 certitudiiiem.

1012 690 1041 718 3.
1068 687 1146 718 ltem
1168 688 1277 719 nullus
1301 691 1346 719 est
1369 692 1473 720 certus
1496 690 1533 721 de
1551 692 1746 722 assecutione

972 740 1056 771 illius
1069 742 1129 779 161,
1146 742 1183 772 ad
1199 751 1297 781 quam
1314 752 1480 783 nunquam
1499 745 1678 783 perveniet:
1694 746 1746 776 sed

974 793 1065 823 multi
1080 797 1155 825 sunt
1172 795 1227 834 qui
1242 795 1361 826 habeut
1384 797 1477 827 sidem
1489 821 1497 835 ⁷
1518 807 1605 837 spem
1623 800 1654 828 et
1677 798 1749 829 cha·

974 847 1122 884 ritatem,
1148 849 1203 888 qui
1227 849 1365 880 finaliter
1388 851 1515 889 reprobi
1540 851 1746 882 efficiuntur:

974 910 1051 940 ergo
1067 901 1100 931 in
1119 902 1233 933 talibus
1247 903 1350 933 virtus
1371 903 1437 943 spei
1461 913 1526 934 nou
1546 904 1641 935 habet
1655 906 1746 935 certi-

976 954 1120 985 tudinem
1136 966 1142 985 :
1156 956 1209 986 sed
1224 966 1289 996 qua
1301 957 1424 987 ratione
1441 957 1475 987 in
1490 957 1606 988 talibus
1620 967 1684 988 non
1696 958 1750 988 113-

975 1008 1041 1046 bet,
1060 1018 1118 1040 1166
1131 1009 1162 1039 in
1177 1010 1261 1048 aliis,
1277 1020 1350 1041 cum
1365 1011 1399 1041 in
1413 1012 1565 1042 omnibus
1578 1012 1617 1042 sit
1631 1013 1751 1042 confor-

976 1063 1071 1092 miter
1086 1065 1115 1092 et
1131 1063 1334 1094 uniformiter
1348 1075 1355 1094 :
1374 1073 1452 1103 ergo
1468 1065 1503 1095 in
1518 1065 1606 1095 nullo
1627 1065 1753 1096 certitu-

975 1115 1082 1146 dinem
1096 1116 1203 1147 habet.

1016 1171 1046 1199 4.
1063 1169 1157 1208 Item,
1174 1170 1250 1210 quia
1274 1171 1352 1201 fides
1372 1175 1455 1202 certa
1476 1175 1521 1202 est
1534 1196 1541 1210 ,
1558 1172 1753 1212 impossibile

976 1226 1022 1253 est
1037 1224 1121 1262 quod
1136 1224 1250 1263 aliquis
1267 1225 1299 1255 in
1314 1227 1387 1255 actu
1401 1225 1451 1256 vel
1468 1229 1557 1256 motu
1578 1226 1653 1257 fidei
1666 1227 1753 1257 falla-

976 1279 1039 1313 tur,
1057 1277 1108 1307 vel
1132 1277 1307 1317 decipiatur
1324 1289 1330 1308 z
1355 1287 1433 1318 ergo
1447 1279 1474 1309 51
1489 1288 1560 1318 5965
1574 1280 1668 1310 habet
1684 1290 1751 1310 cer-

976 1331 1148 1361 titudinem
1167 1332 1201 1362 in
1217 1334 1289 1362 actu
1304 1341 1363 1363 suo
1374 1357 1382 1371 ‚
1399 1333 1592 1373 impossibile
1608 1337 1654 1364 est
1668 1335 1753 1374 quod

976 1384 1092 1424 aliquis
1108 1385 1235 1415 fallatur
1250 1388 1280 1416 et
1295 1386 1465 1417 frustretur
1479 1387 1519 1417 ab
1534 1397 1571 1418 eo
1586 1388 1672 1427 quod
1687 1398 1755 1428 spe-

977 1442 1025 1470 rat
1040 1450 1046 1470 :
1061 1440 1115 1470 sed
1130 1440 1190 1471 hoc
1200 1443 1245 1471 est
1260 1442 1426 1472 manifeste
1441 1442 1557 1474 falsum
1571 1453 1578 1474 :
1591 1452 1669 1483 ergo
1684 1453 1755 1484 spes

977 1503 1041 1524 non
1056 1494 1151 1524 habet
1173 1495 1396 1526 certitudinem
1411 1496 1494 1527 circa
1514 1506 1611 1527 suum
1633 1500 1751 1529 actum.

978 1548 1011 1578 Si
1033 1550 1069 1578 tu
1090 1548 1191 1585 dicas,
1215 1549 1301 1588 quod
1326 1549 1436 1580 nullus
1457 1560 1588 1590 sperans
1611 1551 1752 1590 fallitur,

978 1611 1035 1641 pro
1050 1611 1087 1632 eo
1099 1603 1183 1642 quod
1196 1612 1267 1642 spes
1277 1612 1343 1634 non
1357 1603 1430 1634 facit
1443 1605 1628 1644 simpliciter
1643 1615 1755 1646 expec-

977 1658 1045 1686 tare
1056 1679 1063 1692 ,
1079 1656 1133 1687 sed
1154 1657 1213 1687 sub
1235 1657 1429 1696 conditione,
1446 1658 1590 1689 videlicet
1606 1660 1631 1690 si
1647 1669 1752 1700 perse-

978 1710 1138 1741 veraverit
1153 1720 1253 1750 usque
1270 1711 1303 1741 in
1320 1712 1428 1750 tinem3
1443 1715 1554 1744 contra
1567 1722 1573 1743 :
1588 1712 1666 1753 Spes
1680 1723 1753 1754 per-

977 1765 1057 1795 tinet
1079 1764 1119 1795 ad
1140 1767 1248 1795 actum
1273 1765 1422 1804 potentiae
1442 1766 1607 1797 irascibilis
1627 1792 1634 1804 ,
1662 1769 1756 1808 cujus

978 1827 1043 1848 non
1063 1820 1109 1848 est
1130 1818 1347 1849 conditionem
1369 1827 1540 1858 apponere.
1557 1820 1594 1850 Et
1609 1821 1728 1851 iterum
1746 1833 1752 1852 :

978 1871 1051 1902 Esto
1073 1871 1159 1911 quod
1173 1871 1310 1902 conditio
1325 1871 1380 1902 illa
1395 1875 1586 1912 apponatur,
1604 1883 1678 1905 cum
1701 1874 1754 1905 1113

978 1925 1115 1956 conditio
1139 1924 1179 1955 sit
1194 1924 1285 1955 valde
1301 1925 1398 1956 dubia
1412 1949 1420 1962 ‚
1437 1928 1540 1956 totum
1567 1927 1669 1958 reddit
1691 1928 1753 1959 du-

978 1979 1069 2009 bium
1087 1989 1092 2009 :
1110 1987 1188 2017 ergo
1202 1978 1271 2009 sive
1290 1978 1450 2016 absolute,
1475 1979 1542 2011 sive
1564 1980 1623 2011 sub
1640 1982 1753 2012 condi—

978 2033 1064 2063 tione
1079 2035 1182 2072 speret
1195 2033 1284 2072 quiS,
1302 2032 1428 2063 videtur
1443 2034 1529 2073 quod
1544 2034 1626 2065 circa
1645 2038 1751 2066 actum

978 2086 1045 2126 spei
1060 2085 1148 2116 nulla
1162 2085 1202 2116 sit
1219 2085 1385 2116 certitudo,

1019 2141 1048 2170 5.
1067 2139 1144 2170 Item
1168 2139 1322 2169 certitudo
1345 2140 1518 2179 opponitur
1537 2141 1724 2172 dubitationi
1743 2153 1749 2174 ;

978 2202 1056 2232 ergo
1072 2201 1146 2223 cnm
1161 2192 1314 2225 dubitatio
1333 2193 1489 2232 pertineat
1503 2194 1543 2224 ad
1557 2194 1658 2234 ipsam
1674 2204 1752 2234 cog—

981 2247 1114 2277 nitivam
1130 2271 1138 2284 ,
1161 2248 1192 2277 et
1214 2246 1357 2286 opposita
1380 2248 1454 2276 nata
1483 2247 1545 2278 sint
1573 2248 1642 2278 fieri
1670 2249 1753 2280 circa

982 2301 1082 2337 idem,
1098 2299 1252 2330 certitudo
1267 2299 1369 2330 solum
1386 2303 1505 2339 spectat
1526 2302 1563 2332 ad
1580 2303 1753 2341 potentiam

981 2354 1177 2395 cognitivam
1195 2364 1200 2384 z
1217 2353 1270 2384 sed
1285 2363 1356 2393 spes
1370 2363 1435 2384 non
1455 2357 1501 2385 est
1516 2355 1550 2385 iu
1569 2357 1730 2395 cognitiva
1745 2381 1752 2394 ‚

979 2409 1031 2440 sed
1046 2409 1080 2439 in
1094 2408 1239 2439 affectiva
1255 2418 1261 2437 :
1280 2416 1359 2446 ergo
1385 2408 1510 2439 videtur
1530 2409 1615 2449 quod
1632 2409 1665 2439 in
1680 2412 1754 2440 actu

980 2473 1037 2495 suo
1052 2473 1116 2494 non
1132 2463 1247 2494 haheat
1263 2463 1484 2494 certitudinem
1499 2464 1650 2504 aliquam.

981 2544 1069 2575 Steph.
1086 2543 1322 2574 Bi·ulet,ttlSe11!.‚
1334 2543 1666 2575 1115111166.1·.-ῑ“κιι»η
1679 2565 1685 2576 ³
1698 2552 1754 2578 vni,

981 2582 1024 2611 35,
1040 2582 1079 2605 39.

1601 2742 1637 2769 37
