2017 2960
231 170 288 199 302

222 236 321 274 potest
344 234 482 264 infinitas
508 234 607 263 lineas
635 232 814 262 terminare.
846 231 905 261 Sed
933 239 991 259 nec

220 288 323 318 adhuc
337 290 381 317 est
397 287 473 317 illud
489 287 589 316 similo
608 297 614 315 2
634 286 709 324 quia
724 285 756 314 in
771 286 890 323 puncto
906 283 990 314 aliud

220 344 267 371 est
280 341 392 377 virtus,
409 340 493 370 aliud
507 339 658 373 essentia3
677 347 741 367 nou
758 337 802 367 sic
819 338 851 367 in
872 337 943 374 Deo,
960 337 991 366 in

175 404 205 415 ²¹¹·
221 403 284 434 quo
299 397 344 424 est
359 393 490 423 omnino
505 392 598 421 idem.
619 390 653 420 Et
669 390 736 420 ideo
746 390 874 419 tertium
884 400 992 420 exem—

118 927 203 946 'xi-lsa-

184 442 186 445 ’
223 447 309 486 1)111111
326 446 508 485 ponendum
523 447 568 474 est
592 444 625 473 in
638 443 813 473 substantia
825 442 990 482 spirituali,

221 510 292 539 (111111
308 502 353 529 est
369 499 474 537 imago
490 498 540 527 Dei
558 508 564 527 ε
581 496 656 536 quia
671 496 738 535 ipsa
753 498 817 526 tota
829 496 916 526 estin
927 505 992 526 una

221 556 307 592 parte
323 552 462 591 corporis
477 575 484 589 ,
503 553 533 581 et
548 553 653 581 tamen
674 550 707 580 in
730 550 782 579 illa
796 559 860 579 non
876 549 992 579 diffini-

221 609 288 643 tur,
320 606 395 645 quia
419 605 539 635 ratione
559 613 625 634 suae
649 603 856 642 simplicitatis
874 603 918 632 sic
946 605 992 632 est

221 660 322 689 totain
340 660 402 696 illa,
416 659 500 698 quod
517 661 580 689 tota
597 659 687 688 extra
702 656 832 687 illamin
846 658 935 695 parte
946 656 991 686 al-

220 716 295 743 tera.
313 713 362 742 Sic
378 714 407 743 et
420 712 501 742 Deus
516 712 549 741 in
564 720 628 741 una
644 712 788 740 creatura
800 711 896 746 totus,
908 711 938 739 et
949 710 992 739 to-

220 769 270 796 tus
285 768 383 795 extra.
412 765 469 795 Per
489 765 575 794 hunc
589 764 684 793 etiam
710 762 843 792 modum
871 764 993 801 oportet

221 820 396 858 intelligere
419 820 500 849 circa
528 818 702 857 potentiam
729 816 951 846 intellectivam
983 825 990 845 τ

219 873 270 902 scd
296 873 355 902 hoc
375 873 487 902 melius
515 870 704 909 intelligitur
732 869 989 906 ratiocinatione,

219 935 315 965 quam
344 924 563 964 exemplorum
594 923 820 962 suppositione:
857 921 888 951 Si
921 922 992 961 quis

114 966 132 1008 is
156 967 201 1009 ml..
220 980 305 1009 enim
323 978 417 1015 videt,
434 978 517 1017 quod
533 977 564 1007 in
582 976 643 1006 Deo
659 976 842 1015 simplicitas
859 984 924 1005 non
935 984 992 1014 op-

219 1034 346 1073 ponitur
373 1033 533 1067 infinitati,
564 1032 671 1062 videre
701 1032 802 1069 potest
832 1029 992 1069 quomodo

218 1087 297 1117 Deus
326 1088 425 1126 potest
440 1085 587 1124 cognosci
609 1086 705 1122 totus,
728 1086 758 1114 et
787 1086 892 1113 tamen
916 1092 991 1113 con-

216 1140 378 1179 prehendi.
406 1140 537 1178 Propter
553 1138 635 1178 quod
661 1140 749 1174 nota,
775 1137 859 1176 quod
884 1136 993 1166 infini-

218 1195 285 1222 tum
303 1193 457 1232 accipitur
471 1192 645 1222 secundum
655 1190 875 1229 quantitatem,
892 1191 927 1219 ut
942 1189 993 1219 (li-

218 1246 257 1276 cit
282 1245 491 1284 Philosophus
506 1246 528 1275 ¹.
552 1243 752 1283 Augustinus
763 1244 869 1273 autem
881 1242 957 1271 dicit
970 1240 991 1276 ²,

217 1299 301 1338 quod
325 1301 370 1329 est
391 1298 549 1337 quantitas
575 1297 677 1333 molis,
695 1299 725 1327 et
739 1297 897 1335 quantitas
930 1295 993 1325 vir-

218 1352 292 1382 tutis
315 1360 321 1380 :
345 1354 375 1381 et
389 1351 431 1380 ita
446 1350 623 1380 secundum
641 1352 813 1388 utrumque
829 1350 929 1388 potest
942 1358 994 1378 ac-

218 1405 279 1443 cipi
292 1404 465 1441 infinitum,
478 1403 530 1433 sed
540 1403 730 1433 differenter.
743 1401 899 1438 Quoniam
908 1402 994 1431 enim

217 1458 377 1496 quantitas
392 1457 483 1487 molis
505 1458 551 1486 est
576 1456 730 1496 partibilis
743 1479 750 1493 ,
767 1456 796 1485 et
811 1463 906 1494 super
921 1463 993 1493 par-

219 1510 306 1539 tibile
332 1510 478 1546 tundata,
522 1509 591 1539 ideo
625 1508 788 1538 infinitum
817 1507 993 1537 secundum

219 1563 301 1592 hanc
330 1563 538 1602 quantitatem
566 1562 800 1601 oppositionem
831 1561 926 1590 habet
955 1560 993 1590 ad

219 1615 371 1655 simplex3
409 1618 439 1646 et
476 1615 667 1654 impossibile
694 1617 740 1644 cst
768 1614 851 1654 quod
875 1613 994 1653 aliquid

221 1669 315 1707 idem,
333 1671 362 1699 et
377 1669 554 1699 secundum
569 1669 663 1706 idem,
681 1668 721 1698 sit
736 1668 873 1707 simplex
889 1670 919 1697 et
945 1668 992 1697 in-

220 1723 357 1752 finitum.
373 1722 528 1759 Quoniam
540 1730 616 1752 vero
626 1721 785 1760 quantitas
800 1721 927 1751 virtutis
948 1729 996 1750 re-

221 1775 344 1814 peritur
358 1775 392 1804 in
412 1774 620 1814 simplicibus,
649 1774 713 1803 imo
741 1775 860 1813 quanto
875 1773 995 1812 aliquid

221 1829 407 1869 simplicius,
431 1831 517 1860 tanto
545 1829 705 1868 potentius
720 1840 727 1866 3
745 1828 821 1858 hinc
844 1830 889 1858 est
910 1828 995 1867 quod

222 1883 382 1914 inlinitum
393 1883 568 1914 secuudum
580 1883 661 1912 hanc
675 1891 739 1912 non
755 1884 914 1921 repugnat
923 1882 995 1911 sim-

221 1936 292 1976 plici
302 1947 309 1974 3
322 1937 385 1967 imo
394 1937 568 1967 necessario
577 1936 729 1975 sequitur,
743 1936 827 1975 quod
841 1936 866 1965 si
876 1935 996 1975 aliquid

221 1993 267 2021 est
281 1990 566 2030 simplicissimum,
591 1989 675 2029 quod
691 1989 811 2028 aliquid
835 1989 875 2018 sit
895 1989 996 2018 infini-

222 2045 391 2075 tissimum.
421 2044 507 2074 Clare
523 2052 599 2082 ergo
617 2045 717 2082 potest
732 2042 844 2079 videri,
862 2042 947 2081 quod
963 2041 996 2071 in

225 2098 284 2129 1100
297 2098 475 2128 secundum
491 2097 572 2127 idem
588 2099 688 2135 potest
703 2105 768 2126 esse
784 2104 910 2125 summa
925 2095 997 2125 sim-

223 2151 353 2191 plicitas,
372 2153 402 2181 et
417 2159 544 2180 summa
558 2149 696 2179 infinitas
714 2150 763 2179 :et
778 2148 847 2178 idco
864 2157 938 2178 vera
951 2149 997 2178 est

223 2203 372 2243 praedicta
390 2203 520 2242 positio,
549 2202 633 2241 quod
652 2202 733 2232 Deus
753 2203 836 2232 totus
860 2201 994 2238 videtur,

223 2257 276 2287 sed
301 2259 405 2286 tamen
433 2265 495 2286 non
524 2254 806 2294 comprehenditur
830 2254 869 2284 ab
892 2253 997 2293 aliqua

223 2311 379 2346 creatura,
394 2318 450 2339 nec
467 2309 566 2345 unita,
584 2317 642 2337 nec
659 2310 811 2347 separata.
832 2306 869 2336 Et
883 2315 995 2337 conce-

223 2364 336 2394 dendae
352 2365 427 2393 sunt
442 2362 578 2392 rationes
593 2361 631 2391 ad
648 2364 769 2400 partem
786 2361 889 2391 istam.

268 2419 353 2449 1.Ad
365 2418 440 2448 illud
456 2417 541 2456 quod
557 2416 715 2455 objicitur,
732 2417 818 2456 quod
835 2415 996 2456 plenitudo

224 2471 396 2503 divinitatis
411 2471 529 2501 habitat
543 2470 575 2500 in
601 2469 723 2500 Christo
734 2493 742 2507 ,
761 2472 790 2500 et
815 2469 853 2500 de
868 2469 995 2499 Damas-

224 2534 321 2562 ceno,
353 2524 438 2564 quod
463 2526 526 2554 tota
552 2525 598 2554 est
626 2523 798 2559 incarnata,
829 2522 997 2553 dicendum

259 2606 264 2620 ¹
287 2605 372 2635 Arist.5
387 2604 496 2635 Phyxia,
513 2604 554 2627 lib.
581 2603 632 2633 111,
655 2605 724 2627 cont.
741 2606 779 2626 tiit.
798 2616 826 2619 —
848 2604 856 2618 ²
878 2603 952 2633 Aug,
969 2602 998 2625 110

227 2642 337 2671 quantit.
351 2641 450 2669 nnimoe,
467 2646 490 2663 c.
505 2645 534 2663 ιιι
547 2640 572 2662 ct
587 2646 640 2669 seq.

788 161 1098 195 SENTENTIARUM
1119 162 1192 193 LlB.
1217 162 1270 193 111.

1049 228 1131 268 (111011
1148 228 1318 268 Apostolus
1340 229 1373 258 in
1392 229 1444 259 illo
1459 229 1557 260 verbo
1577 230 1646 261 vult
1659 231 1822 262 ostendere

1049 281 1248 320 personalem
1262 281 1421 318 unionem,
1439 291 1511 321 quae
1526 284 1572 313 est
1587 283 1620 313 in
1635 284 1767 321 Christo,
1793 286 1823 315 ct

1049 333 1081 363 in
1096 334 1184 364 nullo
1208 334 1269 364 alio
1282 358 1289 372 ,
1307 334 1382 373 quia
1397 343 1531 374 persona
1555 336 1661 367 divina
1685 337 1778 376 plena
1793 340 1823 367 et

1050 387 1185 426 perfecta
1207 396 1270 417 non
1293 386 1396 416 solum
1421 387 1549 425 animae,
1573 389 1626 419 sed
1641 390 1737 420 etiam
1753 399 1823 421 cor-

1050 440 1117 480 pori
1132 440 1245 470 Christi
1264 440 1323 470 suit
1348 440 1437 470 unita
1456 451 1462 470 :
1490 443 1521 470 et,
1536 441 1746 473 Damascenus
1764 443 1824 474 1100

1049 493 1154 533 ipsum
1169 493 1237 524 vult
1248 493 1360 524 dicere.
1376 493 1435 524 Per
1444 494 1503 524 hoc
1513 495 1597 533 quod
1608 495 1820 534 dicitomnem,

1049 547 1196 586 iutelligit
1208 547 1350 577 divinam
1367 549 1514 577 naturam
1528 549 1563 578 ut
1579 549 1764 587 perfectam3
1783 559 1823 580 ex

1049 601 1107 632 hoc.
1122 604 1228 632 tamen
1244 611 1309 632 non
1324 604 1424 641 potest
1438 602 1547 632 inferri
1573 603 1713 641 cognitio
1734 614 1823 634 com-

1050 655 1280 694 prehensionis,
1295 655 1380 694 quia,
1404 655 1485 685 sicut
1507 657 1626 686 tactum
1642 659 1688 687 est
1703 681 1711 695 ,
1726 657 1758 687 in
1772 657 1824 688 illa

1049 709 1244 748 plenitudine
1260 711 1305 739 est
1319 709 1513 749 simplicitas,
1528 710 1649 740 ratione
1661 711 1753 750 cujus
1768 720 1824 751 po-

1049 763 1107 792 test
1124 762 1275 799 habitare,
1292 765 1322 792 et
1341 762 1424 792 uniri
1442 762 1486 793 rei
1515 763 1631 800 finitae3
1650 765 1695 793 est
1710 763 1824 794 nihilo-

1050 815 1156 844 minus
1180 817 1209 845 et
1225 815 1375 853 infinitas,
1392 815 1516 846 ratione
1530 817 1622 855 cujus
1649 817 1824 847 necessario

1049 868 1142 898 habet
1156 868 1318 906 excedere,
1344 870 1373 899 et
1388 869 1581 908 impossibile
1609 871 1654 900 est
1678 879 1824 910 compre-

1049 920 1155 951 hendi.
1179 921 1216 951 Et
1235 921 1280 951 sic
1305 923 1388 960 patet
1411 922 1495 961 quod
1519 922 1595 952 iilud
1623 923 1762 961 procedit
1785 932 1825 954 ex

1050 973 1251 1004 insufficienti
1266 985 1272 1004 z
1289 974 1360 1013 plus
1374 974 1459 1004 enim
1484 975 1558 1005 dicit
1572 975 1822 1015 comprehensio,

1050 1036 1147 1066 quam
1158 1027 1298 1066 cognitio
1313 1027 1529 1067 plenitudinis,
1542 1028 1593 1058 vel
1604 1028 1803 1067 perfectionis
1816 1040 1822 1059 τ

1050 1089 1146 1120 snpra
1166 1081 1252 1110 enim
1276 1080 1491 1119 cognitionem
1509 1080 1593 1111 addit
1616 1080 1824 1112 inclusionem

1050 1133 1117 1165 sive
1132 1133 1460 1171 conterminationem‚
1477 1133 1527 1165 vel
1541 1134 1826 1165 commensuratio-—

1053 1195 1127 1217 nem
1141 1187 1280 1226 quodam
1302 1187 1394 1217 modo
1409 1187 1546 1217 dicendi.

1089 1243 1118 1270 2.
1132 1240 1178 1270 Ad
1192 1240 1268 1271 illud
1281 1241 1365 1280 quod
1380 1241 1529 1280 objicitur
1543 1241 1581 1271 de
1597 1240 1726 1277 Isidoro,
1739 1241 1825 1280 quod

1050 1293 1186 1324 Trinitas
1201 1296 1275 1324 nota
1289 1296 1336 1324 est
1354 1295 1411 1324 sibi
1433 1294 1489 1325 soli
1512 1296 1542 1325 ct
1559 1294 1682 1325 homini
1700 1303 1824 1324 assum-

1052 1349 1117 1386 pto,
1135 1347 1305 1377 dicendum
1320 1347 1404 1386 quod
1420 1356 1484 1376 non
1498 1347 1567 1377 vult
1582 1346 1749 1376 excludere
1759 1356 1826 1377 om-

1050 1409 1124 1430 nem
1148 1400 1365 1439 cognitionem
1380 1410 1387 1437 ;
1405 1400 1457 1430 sed
1473 1400 1643 1439 perfectam
1667 1399 1824 1438 cognitio—

1050 1463 1124 1483 nem
1160 1454 1213 1484 Dei
1245 1454 1417 1484 attribuere
1445 1453 1504 1483 sibi
1538 1453 1616 1492 ipsi,
1644 1458 1674 1483 et
1700 1454 1825 1483 uaturae

1050 1509 1234 1546 assumptae.
1253 1506 1313 1546 Ipsi
1342 1515 1481 1545 namque
1509 1505 1654 1536 Trinitati
1682 1505 1825 1536 attribuit

1051 1560 1221 1599 perfectam
1245 1560 1461 1599 cognitionem
1483 1559 1825 1599 511111)11011;01“;50(1110-

1052 1613 1131 1643 mini
1140 1615 1315 1652 assumpto,
1326 1613 1357 1642 in
1371 1622 1488 1651 genere
1498 1614 1662 1643 creaturae.
1675 1612 1729 1643 Illa
1738 1612 1824 1643 enim

1051 1667 1159 1697 anima
1174 1668 1278 1697 creata
1295 1666 1377 1696 inter
1392 1668 1520 1696 caeteras
1536 1668 1695 1697 creaturas
1710 1675 1825 1705 cogno-

1051 1720 1108 1750 scit
1122 1719 1342 1759 limpidissime
1354 1743 1361 1756 ,
1378 1721 1408 1749 et
1428 1719 1471 1749 ita
1485 1719 1619 1758 perfecte
1630 1742 1639 1756 ,
1656 1719 1736 1748 sicut
1759 1727 1813 1749 un-

1051 1782 1149 1812 quam
1165 1772 1267 1812 potuit
1282 1780 1403 1811 capere.
1432 1771 1519 1802 Unde
1537 1773 1666 1811 propter
1688 1771 1823 1802 familia-

1051 1826 1210 1856 rissimam
1226 1825 1455 1863 cognitionem,
1471 1834 1567 1864 quam
1583 1825 1676 1855 habet
1691 1825 1744 1855 illa
1761 1825 1824 1855 ani-

1052 1888 1104 1909 ma
1129 1878 1211 1909 inter
1233 1880 1412 1916 creaturas,
1428 1877 1502 1908 dicit
1525 1877 1662 1908 Isidorus
1685 1877 1770 1916 quod
1795 1878 1824 1907 ei

1051 1932 1108 1962 soli
1135 1934 1210 1962 nota
1234 1933 1277 1962 est
1299 1930 1455 1968 Trinitas,
1473 1930 1576 1969 magis
1586 1939 1643 1970 per
1655 1930 1824 1961 auctorita-

1052 1987 1116 2015 tem
1129 1985 1274 2024 loquens,
1291 1993 1388 2023 quam
1402 1993 1455 2023 per
1470 1983 1699 2023 praecisionem.

1094 2042 1122 2068 13.
1141 2038 1188 2068 Ad
1203 2037 1279 2068 illud
1294 2037 1377 2077 quod
1394 2037 1563 2076 objicitur,
1580 2037 1665 2076 quod
1688 2037 1824 2076 simplex

1054 2092 1156 2121 totum
1175 2090 1354 2129 attingitur,
1369 2090 1539 2121 dicendum
1550 2090 1635 2129 quod
1650 2099 1764 2121 verum
1779 2091 1825 2120 est

1053 2146 1168 2182 totum,
1184 2144 1216 2174 id
1230 2146 1276 2175 est
1291 2153 1356 2174 non
1373 2143 1548 2174 secundum
1566 2145 1688 2183 partem
1702 2145 1733 2175 et
1749 2153 1824 2183 par—

1052 2199 1116 2228 tem
1129 2208 1135 2227 z
1153 2197 1187 2227 in
1200 2196 1336 2236 simplici
1350 2196 1436 2227 enim
1457 2206 1521 2228 non
1533 2198 1579 2228 est
1593 2197 1695 2228 dicere
1708 2197 1821 2234 totum,

1054 2251 1115 2282 nisi
1131 2260 1186 2291 per
1202 2250 1413 2290 privationem
1423 2250 1659 2290 compositionis
1671 2249 1821 2289 partium.

1054 2305 1114 2335 Sed
1128 2314 1169 2335 ex
1182 2304 1242 2335 1100
1258 2313 1323 2334 non
1338 2304 1492 2343 sequitur,
1512 2303 1596 2343 quod
1611 2302 1821 2342 comprehen-

1053 2358 1146 2389 datur
1164 2369 1170 2388 :
1187 2357 1263 2397 quia
1276 2382 1284 2396 ,
1305 2358 1386 2388 sicut
1408 2357 1528 2387 dictum
1549 2358 1613 2392 est,
1630 2355 1725 2386 simul
1749 2364 1823 2386 cum

1053 2410 1252 2450 simplicitate
1275 2412 1336 2441 stat
1354 2410 1494 2440 infinitas
1507 2433 1514 2447 ,
1534 2417 1606 2448 quae
1625 2417 1690 2439 non
1706 2407 1824 2448 patitur

1052 2464 1170 2504 aliquid
1201 2463 1254 2494 Dei
1276 2463 1407 2494 omnino
1429 2462 1530 2493 videri
1552 2462 1686 2501 perfecte
1706 2470 1724 2491 a
1741 2469 1824 2491 crea·

1053 2520 1134 2548 tura.
1153 2517 1216 2548 Nec
1230 2517 1314 2549 valet
1330 2517 1416 2557 quod
1430 2516 1593 2556 objicitur,
1609 2514 1694 2554 quod
1708 2514 1752 2544 ita
1765 2513 1822 2543 de-

1052 2572 1139 2602 beret
1158 2571 1219 2602 dici
1233 2569 1516 2610 comprehensibile
1530 2570 1658 2609 propter
1672 2566 1823 2607 simplici-

1053 2627 1159 2664 tatem,
1177 2625 1258 2656 sicut
1279 2622 1599 2663 incomprehensibile
1614 2623 1741 2661 propter
1757 2620 1823 2650 im-
