2017 2960
775 155 965 189 DISTINCT.
989 156 1041 188 Vl.
1658 163 1711 192 ¹4¹

110 231 188 272 tale,
205 235 234 264 et
245 225 549 270 circumscriptibile
567 224 883 269 circumscriptibile,
902 228 934 256 et
951 224 1292 268 incircumscriptibile
1314 225 1666 269 incircumscriptibile,
1684 232 1716 259 ct

111 288 171 322 hoc
187 287 322 334 quidem
336 284 478 327 refulget
494 283 672 316 miraculis.
693 295 710 313 ))
725 283 772 315 De
786 282 847 314 hoc
863 282 960 314 etiam
985 282 1193 325 Augustinus
1219 282 1258 315 de
1283 283 1445 315 Trinitate
1473 283 1518 315 ait
1535 284 1541 300 ¹
1559 295 1565 315 :
1588 296 1604 314 «
1630 284 1717 323 Que-

110 344 323 379 madmodum
338 342 520 376 secundum
536 341 688 374 deitatem
704 351 773 373 nna
787 344 833 372 est
846 340 965 381 Patris,
983 339 1125 384 Filiique
1141 345 1272 382 natura,
1283 341 1327 373 ita
1343 341 1440 373 etiam
1452 341 1549 385 juxta
1563 341 1717 374 humani-

109 407 210 437 tatem
231 402 344 436 eadem
360 405 406 433 est
421 399 536 433 matris
560 404 589 432 et
606 399 667 431 filii
684 410 751 431 una
777 402 907 431 natura.
926 398 975 430 Ex
990 402 1128 442 utraque
1144 410 1221 442 ergo
1237 398 1419 431 substantia
1435 403 1465 431 et
1489 399 1670 431 divinitatis
1684 403 1716 432 et

108 459 323 495 humanitatis
338 470 426 492 unus
436 462 535 502 atque
550 456 637 489 idem
650 460 697 488 est
712 456 810 496 Deus,
828 455 886 488 Dei
910 459 940 487 et
964 455 1107 487 hominis
1130 455 1235 488 Filius
1255 456 1350 489 Jesus
1366 457 1515 489 Christus
1527 483 1534 496 ,
1558 461 1595 489 nt
1618 468 1716 490 verus

106 517 205 560 Deus,
220 517 266 550 ita
280 517 378 550 etiam
393 515 492 549 homo
506 525 616 548 verus.
632 527 648 544 n
668 513 757 545 Idem
773 513 871 545 etiam
888 513 921 544 in
944 512 1028 544 libro
1051 513 1145 545 tertio
1169 513 1294 546 decimo
1323 514 1362 547 de
1388 515 1550 547 Trim'tate
1564 519 1574 535 ²
1595 527 1601 547 :
1624 529 1640 547 (t
1662 514 1715 548 Sic

106 574 173 608 Deo
188 574 346 619 conjungi
361 573 469 618 potuit
482 573 628 606 humana
642 575 773 608 natura.
791 573 828 602 ut
843 581 882 602 ex
900 570 1029 602 duabus
1042 570 1233 603 substantiis
1247 572 1338 604 fieret
1355 584 1422 605 nna
1437 585 1587 616 persona,
1603 585 1639 607 ac
1657 585 1716 618 per

106 631 168 666 hoc
178 632 249 677 jam
264 637 311 666 est
325 643 362 665 ex
377 632 496 671 tribus,
513 630 593 671 Deo,
610 629 721 662 anima
735 631 766 661 et
780 639 888 660 carne.
901 641 916 658 »
935 627 995 660 His
1010 627 1148 672 aliisque
1163 629 1315 672 pluribus
1331 630 1580 663 auctoritatibus
1595 643 1628 664 se
1643 643 1716 665 mu-

106 690 220 731 niunt,
235 690 294 734 qui
314 689 428 722 dicunt
450 698 625 733 personam
643 686 764 720 Christi
785 685 998 730 compositam
1023 697 1102 727 esse,
1121 686 1172 719 vel
1194 686 1329 729 factam,
1351 687 1420 720 sive
1449 692 1651 722 constantem
1676 701 1714 722 ex

106 747 236 781 duabus
250 747 390 788 naturis,
406 746 474 779 sive
489 755 529 778 ex
545 745 649 778 tribus
665 744 868 777 substantiis.

153 804 240 839 Sunt
254 805 352 837 etiam
367 804 435 846 alii,
451 803 509 849 qui
524 803 558 836 in
571 802 796 835 incarnatione
812 801 914 834 Verbi
929 813 996 834 non
1022 802 1129 835 solum
1152 814 1324 847 personam
1346 816 1385 836 ex
1408 805 1535 837 naturis
1555 806 1714 850 composi-

107 866 175 896 tam
190 866 324 906 negant,
339 861 571 895 verumetiam
595 860 765 894 hominem
789 860 948 904 aliquem,
972 860 1040 893 sive
1068 861 1166 893 ctiam
1189 861 1334 906 aliquam
1363 863 1580 896 substantiam
1609 864 1654 897 ibi
1675 875 1712 897 ex

106 920 218 954 anima
231 924 261 953 et
275 931 372 953 carne
389 919 601 963 compositam
617 918 669 951 vel
685 918 803 951 saetam
819 918 1018 959 diffitentur3
1045 918 1100 951 sed
1127 918 1171 951 sic
1192 919 1250 951 illa
1275 920 1353 961 duo,
1378 921 1498 954 scilicet
1521 922 1665 955 animam
1683 929 1713 956 et

106 988 251 1019 carnem,
267 978 370 1012 Verbi
383 988 529 1022 persona}
543 977 597 1009 vel
611 980 739 1009 naturae
754 976 848 1009 unita
872 988 939 1008 esse
955 976 1060 1016 aiunt,
1078 981 1115 1008 ut
1140 988 1205 1009 non
1229 988 1268 1009 ex
1291 977 1357 1010 illis
1381 979 1512 1012 duobus
1526 980 1579 1012 vel
1603 992 1641 1013 ex
1663 981 1714 1014 his

109 1035 212 1069 tribus
226 1035 339 1080 aliqua
353 1039 473 1068 natura
488 1035 539 1067 vel
555 1045 694 1079 persona
709 1034 801 1067 fieret
821 1034 889 1066 sive
904 1039 1168 1078 componeretur,
1185 1036 1240 1068 sed
1260 1036 1326 1069 illis
1349 1037 1478 1070 duobus
1500 1039 1592 1071 velut
1617 1039 1715 1072 indu-

108 1097 216 1126 mento
231 1093 379 1126 Verbum
395 1093 455 1125 Dei
470 1093 657 1133 vestiretur,
676 1097 710 1125 ut
726 1092 912 1125 mortalium
926 1092 1029 1124 oculis
1043 1098 1262 1136 congruenter
1277 1099 1447 1139 appareret
1466 1108 1472 1128 ε
1491 1097 1549 1140 qui
1572 1097 1644 1130 ideo
1665 1098 1714 1131 di-

103 1151 189 1184 citur
202 1151 306 1183 factus
320 1162 418 1184 verus
432 1150 543 1191 homo,
558 1150 637 1194 quia
653 1150 823 1182 veritatem
844 1150 951 1182 carnis
967 1154 997 1182 et
1012 1150 1130 1183 animae
1147 1152 1269 1195 accepit
1287 1164 1293 1183 :
1312 1164 1385 1196 quse
1402 1153 1466 1186 duo
1482 1155 1578 1187 etiam
1596 1156 1630 1188 in
1646 1156 1713 1188 sin-

103 1208 314 1252 gularitatem
329 1208 380 1241 vel
396 1207 558 1241 unitatem
573 1218 640 1240 suae
655 1218 804 1251 persona}
819 1207 977 1251 accepisse
993 1208 1115 1250 legitur
1130 1221 1137 1247 3
1160 1220 1226 1241 non
1243 1210 1321 1253 quia
1344 1210 1402 1243 illa
1423 1211 1506 1253 duo,
1526 1213 1578 1245 vel
1602 1213 1712 1258 aliqua

101 1276 153 1299 res
167 1277 207 1298 ex
221 1266 287 1298 illis
301 1266 479 1310 composita
493 1266 535 1298 sit
549 1277 616 1298 una
632 1276 771 1309 persona
788 1276 863 1297 cum
879 1265 1006 1306 Verbo,
1026 1266 1075 1298 vel
1092 1267 1133 1298 sit
1148 1267 1315 1310 Verbum3
1333 1269 1388 1301 sed
1408 1270 1487 1313 quia
1505 1270 1571 1303 illis
1584 1271 1714 1305 duobus

101 1323 329 1356 accedentibus
343 1323 467 1365 Verbo,
484 1335 550 1356 non
563 1328 610 1356 est
627 1334 843 1368 personarum
862 1334 1022 1356 numerus
1037 1328 1165 1366 auctus,
1183 1330 1220 1358 ut
1236 1325 1539 1371 fieretquaternitas
1552 1329 1587 1362 in
1605 1330 1715 1363 Trini-

102 1384 188 1423 tate;
205 1385 237 1414 et
251 1381 330 1426 quia
344 1382 414 1426 ipsa
441 1393 580 1426 persona
595 1381 712 1423 Verbi,
732 1393 807 1426 quae
834 1382 926 1426 prius
950 1387 1017 1414 erat
1033 1383 1103 1415 sine
1131 1383 1339 1425 indumento,
1366 1388 1588 1431 assumptione
1616 1388 1714 1424 indu-

102 1438 205 1472 menti
220 1450 286 1472 non
301 1443 348 1472 est
362 1439 468 1473 divisa
482 1440 535 1472 vel
563 1444 700 1481 mutata,
718 1440 771 1472 sed
803 1451 869 1472 una
884 1439 1064 1484 eademque
1080 1441 1256 1474 immutata
1282 1444 1461 1488 permansit
1480 1445 1500 1477 ³.
1520 1446 1585 1484 Qui
1599 1458 1714 1480 secun-

102 1496 183 1529 dum
213 1496 361 1530 habitum
390 1497 497 1531 Deum
519 1497 686 1530 hominem
716 1498 838 1530 factum
863 1497 1003 1530 dicunt:
1026 1498 1214 1543 accipiendo
1234 1501 1322 1533 enim
1346 1501 1527 1545 hominem,
1544 1503 1651 1537 dictus
1666 1510 1713 1538 est

102 1553 190 1587 Deus
201 1554 306 1588 factus
320 1566 387 1587 esse
402 1555 501 1588 homo
515 1569 522 1594 3
540 1559 571 1587 et
586 1559 720 1599 propter
733 1559 901 1599 acceptum
926 1555 1094 1589 hominem
1119 1557 1239 1590 dicitur
1253 1558 1341 1591 Deus
1363 1571 1438 1593 vere
1464 1572 1531 1594 esse
1552 1561 1664 1604 homo,
1681 1568 1713 1596 et

104 1616 236 1656 propter
249 1616 468 1646 assumentem
485 1613 602 1652 Deum,
621 1612 741 1645 dicitur
756 1612 854 1646 homo
870 1624 937 1646 esse
960 1613 1059 1646 Deus.
1077 1614 1160 1647 Nam
1182 1615 1209 1648 si
1224 1617 1451 1659 essentialiter,
1470 1619 1628 1664 inquiunt
1647 1621 1709 1661 illi,

103 1668 191 1703 Deus
205 1674 287 1703 esset
300 1670 412 1712 homo,
428 1671 481 1703 vel
496 1671 595 1703 homo
611 1681 678 1703 esse
692 1670 780 1703 Deus
795 1671 1050 1713 intelligeretur,
1068 1676 1146 1705 tunc
1160 1673 1186 1706 si
1201 1674 1288 1707 Deus
1301 1677 1528 1721 assumpsisset
1542 1678 1710 1712 hominem

100 1727 138 1760 in
153 1738 234 1761 sexu
248 1728 417 1770 muliebri,
435 1732 466 1760 et
489 1728 608 1761 mulier
623 1728 838 1761 essentialiter
855 1728 944 1761 Deus
963 1734 1058 1771 esset,
1076 1734 1107 1763 et
1129 1742 1145 1763 e
1167 1742 1336 1765 converso.
1361 1735 1405 1766 At
1430 1735 1536 1778 potuit
1557 1736 1645 1769 Deus
1663 1749 1712 1770 as-

102 1786 278 1830 sumpsisse
295 1785 464 1819 hominem
478 1786 512 1819 in
526 1798 605 1819 sexu
623 1786 779 1819 muliebri
798 1799 804 1819 :
822 1787 930 1831 potuit
944 1798 1021 1831 ergo
1039 1788 1160 1822 mulier
1175 1801 1243 1822 esse
1258 1790 1357 1834 Deus,
1372 1795 1403 1824 et
1418 1803 1434 1825 e
1449 1804 1617 1827 converso.

144 1843 192 1876 Ne
207 1847 318 1876 autem
334 1848 366 1877 et
378 1844 432 1877 isti
446 1844 486 1877 de
502 1856 563 1877 suo
578 1844 720 1877 influere
734 1844 924 1886 videantur,
942 1845 1138 1879 testimoniis
1153 1847 1187 1879 in
1203 1848 1349 1882 medium
1366 1850 1545 1893 productis,
1561 1853 1650 1897 quod
1661 1853 1710 1886 di·

98 1905 178 1934 cunt
191 1901 401 1935 confirmant.
417 1902 475 1935 Ait
489 1903 578 1935 enim
591 1903 801 1945 Augustinus
816 1902 851 1935 in
866 1902 953 1936 libro
968 1903 1008 1936 de
1023 1905 1144 1937 Gratia
1155 1906 1232 1938 ηουὶ
1245 1908 1446 1941 Testamenti
1456 1914 1466 1930 ὅ
1479 1922 1485 1942 ;
1504 1923 1519 1941 «
1536 1910 1628 1944 Sicut
1642 1923 1708 1944 non

1764 834 1802 853 Ter
1809 836 1835 855 iia

1738 865 1827 886 aliorum

1731 900 1835 918 sententia

1724 1935 1809 1955 Aucturi
1819 1947 1822 1949 -

99 1963 240 2002 augetur
254 1971 414 1993 numerus
427 1972 657 2004 personarum,
674 1972 750 1993 cum
765 1972 839 1993 caro
855 1961 977 1994 accedit
992 1962 1124 2004 animae,
1142 1967 1179 1996 ut
1202 1964 1243 1997 sit
1259 1976 1347 1998 uuus
1370 1965 1487 2008 homo,
1505 1968 1550 2000 sic
1569 1980 1635 2002 non
1651 1982 1709 2003 au·
1723 1968 1830 2015 ¹³¹3³³f³·

97 2021 194 2060 getur
208 2028 366 2050 numerus
383 2029 609 2062 personarum,
626 2030 701 2051 cum
717 2018 817 2051 homo
832 2019 954 2052 accedit
968 2019 1092 2062 Verbo,
1108 2024 1146 2053 ut
1161 2021 1203 2054 sit
1218 2033 1305 2055 unus
1321 2023 1420 2057 homo
1435 2025 1596 2060 Christus.
1613 2027 1710 2072 Legi-

98 2078 154 2107 tur
168 2074 279 2119 itaque
294 2075 382 2108 Deus
397 2075 495 2109 homo
516 2077 574 2119 (a),
590 2081 627 2109 ut
641 2076 866 2119 intelligamus
879 2076 980 2121 hujus
995 2089 1143 2121 personae
1158 2079 1435 2125 singularitatem,
1457 2095 1524 2117 non
1538 2088 1580 2118 nt
1603 2086 1708 2130 suspi-

97 2143 210 2166 cemur
227 2133 262 2166 in
279 2145 412 2167 carnem
435 2138 595 2167 mutatam
620 2134 839 2167 divinitatem.
857 2148 873 2165 »
901 2135 992 2168 Idem
1007 2148 1141 2181 quoque
1152 2163 1160 2179 ‚
1178 2141 1319 2171 tractans
1340 2139 1426 2173 illud
1445 2142 1584 2175 verbum
1604 2144 1708 2188 Apos-

98 2190 158 2223 toli
171 2195 181 2212 ⁵
198 2202 205 2223 :
222 2191 349 2224 Habitu
363 2191 515 2225 inventus
532 2198 579 2225 est
607 2198 644 2225 ut
663 2192 774 2234 homo,
798 2193 970 2226 manifeste
985 2195 1127 2227 ostendit
1151 2196 1256 2229 Deum
1272 2197 1336 2230 dici
1365 2198 1488 2232 factum
1512 2212 1579 2234 esse
1602 2201 1708 2235 homi—

97 2259 186 2291 nem,
202 2249 256 2281 vel
271 2260 339 2282 esse
367 2249 535 2283 hominem
564 2251 746 2283 secundum
775 2250 939 2292 habitum,
963 2252 999 2284 in
1026 2253 1111 2286 libro
1127 2255 1313 2288 LXXXIII
1328 2258 1567 2301 Quaestionum,
1585 2260 1631 2293 ita
1657 2261 1707 2293 iu-

99 2305 217 2349 quiens
231 2308 241 2324 ⁸
259 2318 267 2339 :
286 2320 302 2338 «
322 2307 437 2340 Multis
453 2307 559 2340 modis
574 2308 725 2341 habitum
739 2308 880 2342 dicimus
897 2320 904 2341 ε
918 2309 971 2342 vel
987 2310 1137 2344 habitum
1151 2312 1267 2354 animi,
1284 2313 1367 2347 sicut
1381 2315 1560 2360 disciplinae
1575 2329 1705 2362 pereep-

72 2360 73 2363 ’
99 2363 221 2397 tionem
242 2376 305 2398 usu
320 2365 506 2406 firmatam;
526 2366 579 2399 vel
593 2365 744 2399 habitum
769 2367 927 2411 corporiS‚
943 2368 1027 2401 sicut
1043 2368 1182 2402 dicimus
1202 2371 1307 2404 alium
1329 2372 1394 2405 alio
1410 2374 1625 2417 validiorem;
1651 2376 1703 2409 vel

98 2418 248 2455 habitum
262 2434 391 2465 eorum,
401 2435 476 2468 quae
491 2423 646 2458 membris
660 2425 1171 2470 accommodanturextrinsecus,
1184 2432 1222 2461 ut
1235 2440 1312 2462 cum
1321 2429 1462 2464 dicimus
1475 2433 1620 2477 aliquem
1633 2444 1704 2467 ves-

133 2510 140 2526 ¹
156 2510 209 2534 imo
223 2514 312 2537 auctor
325 2520 430 2537 sermon.
442 2513 472 2538 de
483 2516 556 2546 semp.
570 2520 661 2543 cxcnr,
674 2514 706 2539 111.
720 2521 865 2546 ccxxxv-111,
883 2523 909 2539 n.
926 2517 950 2546 3,
965 2517 992 2540 in
1003 2517 1120 2547 Append.
1133 2518 1208 2549 Opcr.
1232 2520 1259 2542 S.
1274 2520 1351 2550 Aug..
1365 2522 1384 2543 t.
1397 2521 1427 2547 V,
1444 2528 1469 2550 p.
1483 2522 1538 2545 391.
1553 2534 1583 2539 —
1599 2523 1608 2538 Ξ
1626 2524 1702 2554 Aug„

97 2544 127 2568 de
146 2545 244 2576 uiuit„
256 2547 299 2572 lib.
318 2549 384 2580 xm,
396 2556 419 2573 c.
431 2555 496 2578 xvn.
507 2556 534 2573 n.
550 2551 589 2574 22.
599 2550 650 2568 —³
664 2551 752 2582 Greg„
767 2552 794 2574 in
808 2551 907 2579 Ezech„
926 2552 997 2576 hom.
1013 2557 1072 2579 vui,
1087 2555 1145 2583 post
1156 2554 1225 2576 med.
1237 2567 1269 2572 —
1279 2554 1288 2570 ὃ
1305 2556 1377 2585 Aug„
1397 2556 1431 2579 ml
1447 2556 1597 2580 Honoratum
1609 2577 1617 2587 ‚
1628 2559 1701 2589 epist.

98 2586 160 2610 cxx,
173 2581 275 2613 arcu,
286 2590 309 2608 c.
328 2589 365 2615 lv,
384 2591 411 2608 n.
433 2586 473 2609 1³.
491 2597 518 2602 -
529 2585 541 2603 Ι
552 2585 630 2616 Phil„
643 2591 673 2615 11,
687 2586 856 2618 7.—⁶Aug.,
876 2587 906 2610 de
916 2586 1008 2610 diuet-s·
1025 2587 1152 2612 LXXXIII
1161 2588 1262 2618 Quoes!.,
1278 2597 1303 2620 q.
1322 2596 1415 2620 Luni,
1429 2597 1454 2614 n.
1471 2593 1490 2614 1.

131 2638 162 2670 (α)
179 2639 249 2665 Edit.
265 2640 355 2666 Bened.
369 2641 440 2673 Oper.
457 2642 484 2667 S.
497 2643 571 2674 Any„
587 2643 674 2675 itaque
693 2644 799 2668 Verbum
813 2651 871 2669 caro
883 2645 979 2675 fuctum
992 2648 1036 2669 est.

1759 2002 1812 2019 υιιῐ.

1740 2030 1818 2053 quius

1724 2059 1767 2079 lw-
1784 2067 1830 2080 scn-

1724 2093 1787 2111 tentia
1799 2099 1830 2112 ro-

1724 2123 1819 2143 lwt'atur.
