2017 2960
714 110 810 142 Dls'r.
836 111 871 140 V.
898 111 987 142 ΛΒΤ.
1007 111 1045 143 Il.
1070 112 1219 149 QUAEST.
1245 114 1296 144 ΠΙ.
1747 120 1800 148 131

201 177 321 207 ratione
339 185 405 207 suae
426 176 632 208 nobilissimae
652 176 860 217 proprietatis.
889 180 972 215 Quo·

202 230 288 260 niam
303 239 380 269 ergo
391 231 507 260 natura
519 229 662 261 humana
675 233 837 271 assumpta
852 241 869 261 a
885 231 974 262 Chri-

200 285 247 313 sto
264 282 408 314 ordinata
424 285 470 313 est
489 283 528 313 ad
543 284 732 314 nobiliorem
749 285 972 324 proprietatem

200 335 342 375 ejusdem
360 345 503 375 personae
524 336 701 367 secundum
725 337 855 368 alteram
876 340 972 369 natu-

200 397 283 427 ram;
304 389 380 420 hine
399 392 446 420 est
466 390 549 429 quod
571 399 637 420 non
660 393 742 420 tenet
763 391 806 420 ibi
829 392 973 431 proprie-

200 445 295 474 tatem
324 444 556 483 personalitatis
572 453 579 473 :
612 443 694 473 cadit
721 444 806 474 enim
837 445 876 474 ab
907 455 971 475 una

198 497 399 536 proprietate,
414 507 487 537 quae
500 497 628 536 quidem
643 498 690 527 est
703 498 971 536 supereminentis

197 550 379 589 dignitatis,
394 560 412 581 a
427 560 488 590 qua
508 549 635 589 quidem
653 558 717 579 non
737 550 817 579 cadit
836 559 971 589 persona

197 603 290 634 Verbi
316 604 491 635 seeundum
515 603 658 633 divinam
683 604 843 632 naturam.
867 602 904 634 Et
927 603 970 634 sic

196 660 278 697 patet
303 658 387 697 quod
410 656 555 688 diffinitio
578 665 739 696 personae,
762 658 793 687 et
813 657 892 687 ratio
917 657 969 688 illa

195 720 259 741 non
287 711 387 749 valet,
414 710 489 750 quia
512 710 685 740 notificatio
713 719 857 750 personae
884 714 968 742 reete

193 764 346 795 intellecta
370 773 432 794 non
454 763 603 794 convenit
628 763 818 794 humanitati
841 773 966 795 assum-

192 819 266 857 ptae.

232 873 260 901 2.
284 871 331 901 Ad
346 871 425 902 illud
439 870 524 911 quod
538 870 712 911 opponitur
727 870 867 901 seeundo
877 894 884 908 ,
899 870 966 910 jam

192 926 276 964 patet
288 925 449 964 responsio
466 934 506 955 ex
518 924 579 955 hoe
594 923 678 964 quod
691 925 759 963 Jam
772 923 892 954 dictum
908 927 965 962 est,

191 977 266 1017 quia
283 980 397 1008 natura
412 980 575 1017 assumpta
598 977 630 1007 in
650 977 772 1007 Christo
787 985 824 1007 eo
839 977 906 1016 ipso
921 980 967 1008 est

189 1032 335 1069 nobilior,
349 1032 432 1072 quod
444 1032 475 1062 in
487 1031 634 1062 nobiliori
646 1040 780 1071 persona
792 1031 965 1069 stabilitur,

189 1085 263 1124 quia
278 1094 342 1116 non
365 1085 397 1115 in
413 1094 547 1125 persona
562 1086 683 1121 creata,
701 1085 754 1115 sed
778 1085 811 1114 in
831 1094 965 1124 persona

189 1139 327 1169 increata
340 1139 442 1169 :unde
451 1138 653 1169 ordinatioad
667 1137 964 1177 dignius,quamvis

189 1193 312 1223 auferat
334 1192 491 1223 rationem
513 1191 757 1231 suppositionis,
776 1193 883 1222 tamen
898 1201 963 1222 non

188 1246 292 1277 aufert
308 1245 472 1285 dignitatis
491 1245 729 1285 proprietatem.
752 1244 863 1275 Melius
877 1246 963 1275 enim

188 1301 235 1330 est
249 1299 377 1330 subesse
396 1299 570 1339 superiori,
595 1307 693 1338 quam
716 1306 850 1337 praeesse
869 1299 964 1329 alicui

189 1353 349 1384 inferiori:
375 1353 458 1384 sieut
487 1353 654 1393 perfectior
680 1354 726 1383 est
753 1352 861 1383 anima
889 1362 962 1383 eum

191 1407 368 1446 possidetur
385 1416 404 1437 a
423 1407 486 1438 Deo
501 1432 508 1445 ,
534 1416 632 1447 quam
656 1415 729 1437 eum
754 1406 891 1446 possidet
913 1416 962 1437 res

191 1462 328 1499 creatas;
348 1462 379 1491 et
400 1461 514 1491 melius
532 1460 626 1491 nubit
643 1459 738 1498 virgo
754 1460 870 1490 nobilis
888 1469 962 1490 eum

190 1514 347 1545 contrahit
386 1513 626 1545 matrimonium
661 1522 735 1544 cum
772 1522 849 1552 rege
864 1537 872 1550 ,
912 1514 962 1545 cui

188 1567 299 1606 subsit,
332 1576 429 1607 quam
454 1576 528 1598 cum
553 1566 711 1597 contrahit
734 1575 809 1596 cum
833 1566 961 1605 rustico,

189 1621 240 1651 cui
269 1620 387 1660 praesit.
408 1619 495 1651 Unde
517 1622 582 1650 esto
606 1619 690 1659 quod
719 1618 801 1650 Deus
823 1619 962 1659 aliquem

188 1675 374 1711 assumeret,
397 1673 452 1713 qui
467 1674 536 1713 jam
558 1674 638 1703 esset
656 1681 801 1712 persona,
829 1672 880 1703 vel
905 1682 962 1703 ens

188 1728 272 1765 actu,
294 1727 345 1758 ille
359 1736 435 1757 cum
449 1726 606 1757 desineret
629 1735 696 1756 esse
719 1734 864 1766 persona,
881 1725 961 1756 nihil

187 1783 294 1812 tamen
310 1779 473 1820 dignitatis
493 1780 651 1811 amitteret
668 1789 675 1810 :
693 1781 774 1810 esset
787 1779 874 1810 enim
889 1789 961 1820 per-

187 1845 264 1867 sona
272 1836 448 1867 secundum
456 1837 605 1866 naturam
615 1836 829 1866 assumentem
836 1859 843 1873 ‚
851 1844 961 1875 quam-

186 1890 235 1922 vis
246 1899 313 1921 non
327 1890 504 1921 seeundum
518 1891 668 1920 naturam
683 1891 891 1928 assumptam.

226 1945 255 1973 3.
276 1943 324 1974 Ad
338 1943 416 1974 illud
437 1942 521 1982 quod
541 1942 732 1982 opponitur,
749 1942 834 1982 quod
852 1942 961 1973 anima

184 1996 347 2027 rationalis
373 1997 544 2036 conjuncta
573 1996 625 2026 vel
651 1997 740 2026 unita
771 1996 859 2026 carni
886 1996 962 2027 facit

184 2059 367 2089 personam,
379 2049 551 2081 dicendum
562 2049 647 2089 quod
661 2058 776 2080 verum
787 2052 844 2087 est,
860 2059 960 2089 quan-

182 2103 222 2135 do
232 2104 340 2134 anima
351 2106 381 2134 et
389 2112 461 2134 caro
470 2112 534 2133 non
543 2103 790 2142 conjunguntur
800 2103 957 2142 digniori:

183 2160 260 2188 tune
286 2157 372 2188 enim
392 2166 456 2188 non
478 2157 583 2187 solum
612 2166 652 2187 ex
675 2157 784 2187 anima
809 2158 840 2187 et
866 2166 960 2187 carne

182 2211 386 2242 constituitur
401 2210 470 2250 ipsa
484 2212 619 2249 natura,
636 2210 690 2240 sed
706 2219 746 2240 ex
761 2210 830 2250 ipsa
843 2211 960 2240 natura

182 2264 359 2304 hypostasis
374 2266 405 2294 et
420 2272 573 2303 persona:
589 2273 655 2294 non
672 2263 718 2294 sie
732 2266 840 2294 autem
857 2268 902 2293 est
922 2263 955 2293 in

182 2318 360 2358 proposito,
380 2318 457 2358 quia
477 2317 586 2348 anima
604 2319 634 2348 et
651 2326 724 2348 earo
746 2317 879 2348 fuerunt
898 2316 958 2347 sibi

181 2371 320 2403 invicem
335 2371 426 2402 unita
440 2371 474 2402 in
489 2371 556 2411 ipso
574 2372 614 2409 (a)
637 2370 759 2409 Verbo,
776 2379 834 2401 nee
854 2370 886 2400 in
901 2370 959 2400 ali-

181 2434 246 2465 quo
259 2425 389 2456 instanti
401 2425 461 2456 fuit
475 2425 584 2455 anima
598 2424 662 2462 illa,
680 2424 759 2464 quin
775 2426 856 2455 esset
867 2423 958 2455 unita

182 2477 284 2509 Verbo
300 2487 309 2510 ε
333 2480 365 2509 et
384 2479 452 2519 ipsa
473 2478 653 2519 hypostasis
673 2479 794 2509 aeterna
814 2479 901 2515 erat,
925 2477 958 2507 in

184 2541 249 2571 qua
261 2533 510 2572 coaequabantur
524 2541 640 2572 corpus
654 2534 684 2562 et
699 2532 824 2563 anima:
839 2534 870 2562 et
886 2531 957 2562 ideo

219 2593 252 2624 (a)
264 2593 396 2618 Coet.e‹12·t.
407 2595 477 2620 unita
488 2595 545 2626 ipsi.

1032 187 1097 210 non
1113 181 1348 211 constituebant
1363 191 1541 221 personam,
1557 184 1610 213 sed
1626 184 1729 214 solum
1744 194 1803 215 na-

1031 231 1148 261 turam.
1176 230 1214 261 Et
1235 231 1305 262 ideo
1327 240 1390 262 non
1415 232 1568 272 sequitur,
1593 233 1678 272 quod
1701 235 1727 264 si
1750 234 1801 266 Dei

1030 283 1129 315 Filius
1160 285 1333 325 assumpsit
1361 286 1502 316 animam
1537 287 1623 317 carni
1657 287 1800 327 unitam,

1030 338 1113 376 quod
1131 339 1302 378 assumpsit
1325 348 1509 378 personam:
1535 340 1610 379 quia
1633 349 1696 370 non
1714 341 1803 380 prius

1030 393 1171 431 tempore
1196 392 1254 422 fuit
1276 393 1334 432 ipsi
1360 393 1445 423 carni
1467 393 1574 431 unita,
1600 403 1698 433 quam
1723 398 1804 425 esset

1029 446 1190 483 assumpta
1201 469 1208 483 ,
1228 446 1382 485 quidquid
1395 446 1434 476 sit
1449 446 1487 476 de
1502 447 1611 477 ordine
1627 447 1804 478 seeundum

1029 499 1190 527 naturam.

1067 552 1098 580 4.
1126 551 1173 580 Ad
1201 550 1278 581 illud
1304 552 1388 590 quod
1412 553 1578 592 objicitur,
1603 554 1687 593 quod
1713 553 1804 585 beata

1026 602 1125 643 Virgo
1139 604 1255 642 genuit
1269 614 1448 644 personam,
1465 606 1635 637 dicendum
1650 608 1735 648 quod
1752 617 1804 639 ve-

1027 665 1100 687 rum
1118 659 1184 695 est,
1199 657 1275 696 quia
1290 659 1402 697 genuit
1417 658 1534 689 Filium
1557 659 1610 689 ssei
1627 672 1633 691 ε
1651 661 1702 691 sed
1719 670 1803 700 quo-

1026 711 1113 741 niam
1131 720 1266 751 persona
1288 714 1462 751 generatur
1479 713 1601 743 ratione
1617 715 1756 751 naturae,
1773 717 1803 745 et

1025 764 1143 804 duplex
1165 768 1210 795 est
1233 767 1348 796 natura
1374 766 1407 796 in
1432 766 1485 796 illa
1509 775 1661 806 persona,
1686 767 1803 798 seilicet

1026 820 1130 848 ereata
1147 820 1176 849 et
1191 819 1330 849 increata
1343 843 1350 857 ,
1368 819 1438 850 ideo
1458 820 1579 851 ratione
1595 821 1728 861 duplicis
1743 830 1800 852 na-

1025 873 1106 901 turae
1126 871 1241 912 duplex
1267 873 1415 903 convenit
1435 873 1463 903 ei
1485 874 1661 913 generatio,
1685 874 1803 906 seilicet

1025 926 1208 965 temporalis
1232 928 1262 956 et
1284 928 1424 957 aeterna:
1451 928 1650 967 temporalis,
1680 928 1715 959 in
1737 938 1802 969 qua

1024 978 1217 1009 assimilatur
1231 980 1344 1017 matri;
1364 982 1494 1019 aeterna,
1513 981 1691 1012 seeundum
1706 984 1801 1013 natu-

1023 1041 1091 1062 ram
1117 1033 1149 1062 in
1169 1042 1233 1072 qua
1255 1033 1447 1064 assimilatur
1468 1034 1564 1065 Patri.
1586 1034 1624 1065 Et
1645 1035 1714 1066 ideo
1735 1045 1801 1067 non

1023 1085 1109 1124 cogit
1137 1086 1216 1117 ratio
1243 1086 1321 1117 illa:
1349 1087 1496 1126 quamvis
1525 1088 1611 1119 enim
1634 1090 1801 1128 generatio

1023 1139 1192 1169 conveniat
1212 1148 1375 1179 personae,
1398 1141 1547 1171 convenit
1565 1143 1672 1173 tamen
1693 1142 1722 1173 ei
1746 1151 1801 1174 ra-

1022 1190 1108 1222 tione
1130 1194 1277 1224 naturae:
1304 1193 1364 1224 hoe
1388 1194 1530 1225 maxime
1556 1204 1672 1226 verum
1697 1198 1743 1226 est
1765 1196 1800 1227 in

1023 1246 1231 1283 generatione
1246 1250 1367 1284 ereata,
1384 1247 1417 1277 in
1442 1257 1507 1287 qua
1527 1250 1573 1279 est
1586 1257 1652 1280 non
1673 1251 1800 1281 tantum

1021 1298 1196 1337 personalis
1210 1299 1368 1331 distinctio
1379 1324 1386 1337 ‚
1403 1301 1457 1332 sed
1472 1302 1626 1333 naturalis
1643 1302 1800 1342 multipli-

1021 1351 1114 1382 catio.

1281 1463 1461 1502 QUAESTIO
1485 1465 1538 1497 111.

1021 1549 1066 1576 An
1080 1551 1117 1576 sit
1128 1557 1227 1584 ponere
1241 1551 1418 1577 intentionem
1430 1552 1639 1586 personalitatis
1654 1555 1682 1581 in
1704 1556 1798 1583 anima

1108 1596 1251 1629 separata,
1268 1596 1342 1621 omni
1353 1597 1452 1623 unione
1468 1598 1672 1633 circumscripta
1684 1599 1702 1626 ¹.

1060 1676 1172 1707 Utrum
1195 1677 1234 1707 sit
1253 1685 1372 1716 ponere
1388 1677 1597 1710 intentionem
1618 1681 1796 1720 personali·
1810 1692 1844 1712 Ad
1855 1697 1907 1718 opp.

1018 1729 1090 1760 tatis
1111 1730 1144 1760 in
1167 1730 1275 1760 anima
1294 1733 1455 1770 separata,
1478 1733 1567 1763 omni
1591 1734 1710 1765 unione
1733 1735 1794 1766 cir-

1018 1783 1225 1823 cumscripta3
1246 1786 1274 1814 et
1291 1785 1376 1824 quod
1394 1785 1439 1816 sie
1450 1808 1458 1822 ‚
1476 1786 1602 1817 videtur
1619 1787 1722 1827 primo
1740 1797 1796 1828 per

1018 1836 1209 1876 Magistrum
1229 1838 1263 1868 in
1282 1837 1409 1869 littera:
1435 1850 1449 1867 a
1471 1839 1588 1870 Anima
1611 1841 1756 1872 absoluta
1777 1851 1796 1873 a

1018 1900 1166 1931 corpore,
1188 1899 1322 1930 persona
1341 1894 1406 1928 est,
1423 1891 1504 1923 sieut
1519 1893 1667 1933 angeluS.
1693 1905 1708 1924 ι»
1733 1895 1794 1927 Sed

1017 1945 1154 1984 angelus
1177 1954 1251 1976 vere
1273 1946 1305 1976 et
1327 1946 1454 1985 proprie
1475 1956 1610 1987 persona
1631 1950 1698 1979 est:
1715 1958 1795 1989 ergo

1018 2000 1049 2028 et
1060 1997 1168 2028 anima
1183 1999 1338 2037 separata.

1058 2053 1087 2082 2.
1113 2051 1208 2090 Item,
1226 2052 1306 2082 sicut
1327 2053 1493 2084 consuevit
1515 2056 1729 2087 communiter
1744 2057 1792 2088 di-

1017 2105 1150 2144 stingui,
1168 2114 1304 2145 persona
1318 2108 1364 2137 est
1379 2115 1429 2137 res
1441 2107 1588 2139 distincta
1602 2110 1794 2149 proprietate

1017 2158 1055 2188 ad
1075 2158 1265 2198 dignitatem
1290 2160 1467 2199 pertinente
1484 2171 1491 2192 :
1512 2162 1566 2192 sed
1583 2163 1691 2194 anima
1705 2173 1794 2204 sepa-

1017 2214 1085 2242 rata
1110 2214 1157 2242 est
1184 2212 1330 2243 distincta
1356 2222 1423 2252 reS,
1450 2215 1535 2254 quod
1561 2218 1661 2255 patet;
1685 2217 1793 2249 anima

1017 2266 1131 2304 etiam,
1156 2266 1395 2306 circumscripta
1413 2269 1629 2308 assumptione
1650 2272 1681 2300 et
1702 2271 1792 2302 unio-

1017 2329 1072 2357 ne,
1097 2319 1250 2359 complete
1272 2319 1369 2350 habet
1391 2320 1478 2351 illam
1503 2322 1658 2353 rationem
1682 2323 1716 2353 in
1739 2332 1790 2363 se,

1016 2383 1114 2413 quam
1134 2373 1260 2404 Boetius
1278 2373 1367 2413 ponit
1379 2377 1408 2404 2:
1428 2385 1443 2402 a
1459 2373 1599 2406 Persona
1614 2378 1661 2406 est
1680 2376 1795 2409 indivi-

1016 2428 1080 2458 dua
1105 2427 1283 2459 substantia
1305 2427 1469 2458 rationalis
1493 2430 1641 2461 naturae:
1671 2440 1686 2458 υ
1715 2439 1794 2471 ergo

1050 2523 1057 2538 ¹
1070 2522 1109 2552 Cf.
1123 2522 1259 2546 Rioliardus
1273 2540 1279 2551 ,
1293 2522 1325 2546 lll
1336 2521 1415 2548 Seni..
1426 2521 1486 2544 diat.
1497 2526 1520 2550 v,
1532 2523 1580 2545 art.
1594 2523 1617 2552 2,
1632 2529 1658 2554 q.
1669 2529 1692 2555 1;
1707 2524 1795 2555 Steph,

1017 2557 1121 2588 Brulef.,
1135 2558 1165 2581 ΙΙΙ
1182 2558 1263 2587 Seni„
1277 2557 1328 2581 dist
1351 2562 1375 2585 v,
1390 2563 1417 2586 q.
1433 2561 1518 2580 vu.—
1529 2556 1539 2572 ¹
1554 2557 1638 2589 Boet..
1657 2558 1688 2582 de
1709 2560 1796 2584 Duab.

1016 2593 1075 2616 Nat.
1089 2593 1115 2616 in
1128 2600 1176 2616 una
1189 2600 1256 2624 pers.
1272 2592 1379 2620 Christi,
1395 2599 1418 2615 e.
1436 2597 1463 2614 ιι.
