2017 2960
649 183 835 215 DlSTINC'l'.
861 184 913 215 Vl.
937 185 1027 216 ART.
1053 186 1075 216 l.
1100 184 1249 221 OUAEST.
1275 183 1312 213 ll.

177 257 369 298 praedicatur
381 254 421 284 de
433 253 541 292 aliquo
556 255 786 289 extremorum,
800 251 881 282 sicut
895 260 951 292 pa-

175 313 230 349 tet,
246 309 321 350 quia
336 308 434 339 homo
448 315 506 337 nec
521 308 568 336 est
582 305 703 343 anima,
722 314 780 335 nec
794 307 840 335 est
852 314 925 336 caro
943 315 950 336 :

175 373 256 403 ergo
271 363 298 393 si
314 370 449 402 persona
463 359 578 390 Christi
594 359 769 399 composita
783 361 829 389 est
849 368 889 389 ex
904 359 952 389 di-

175 417 307 449 vinitate
332 417 363 446 et
382 413 601 450 humanitate,
626 422 706 451 ergo
731 412 874 443 Christus
896 421 954 442 nec

175 472 222 501 est
237 469 333 506 Deus,
350 477 406 498 nec
422 467 535 503 homo,
557 474 614 496 nec
631 464 775 502 Creator,
792 474 850 494 nec
865 474 952 494 crea-

173 525 259 554 tura.
289 522 378 559 Quod
402 521 428 551 si
449 520 510 551 hoc
531 521 578 549 est
601 517 734 554 falsum,
752 518 847 547 restat
869 517 954 556 quod

175 585 310 618 persona
324 574 436 606 Christi
452 582 516 604 non
531 574 576 602 est
591 570 774 609 composita.

217 630 295 660 Item
315 629 371 660 ubi
391 631 436 659 est
451 625 652 665 compositio,
672 632 776 654 unum
791 625 955 654 extremo-

176 693 250 715 rum
273 692 339 713 non
359 681 550 721 praedicatur
571 678 609 708 de
628 677 727 708 altero
749 686 756 707 :
774 677 859 708 unde
880 685 955 707 cum

176 737 273 768 homo
295 736 505 775 componatur
525 742 565 763 ex
588 732 696 762 anima
718 732 750 761 et
770 739 881 768 carne,
898 739 957 760 nec

176 790 283 821 anima
303 791 350 819 est
374 797 462 826 caro,
487 796 546 818 nec
569 796 586 817 e
611 794 765 817 converso
783 794 790 815 ε
807 793 905 824 ergo,
930 783 957 814 si

176 851 311 883 persona
334 841 449 872 Christi
473 842 553 871 esset
574 841 760 879 composita,
777 847 836 869 nec
859 838 957 868 homo

176 898 257 928 esset
272 895 366 935 Deus,
382 905 441 926 nec
456 895 538 926 Deus
555 895 652 925 homo
669 905 675 924 :
693 893 777 934 quod
797 892 823 923 si
838 892 899 923 1100
912 893 959 922 est

176 949 304 987 falsum,
320 951 427 987 restat,
442 952 502 980 etc.

463 1072 694 1106 CONCLUSIO.

179 1164 211 1190 In
244 1169 358 1197 persona
390 1161 491 1188 Christi
515 1168 569 1187 non
600 1162 638 1186 est
669 1159 825 1193 compositio
850 1160 962 1193 proprie

215 1207 289 1234 dicta
299 1227 305 1239 ‚
322 1208 388 1241 quia
402 1206 488 1232 multa
504 1205 566 1231 inde
580 1206 750 1239 sequerentur
766 1204 956 1230 inconvenien-

217 1253 272 1282 tia,
295 1252 357 1278 licet
368 1258 484 1286 persona
502 1250 555 1276 illa
577 1249 676 1276 habeat
695 1257 754 1276 cum
770 1248 826 1275 alio
841 1249 957 1283 positio-

217 1304 286 1324 nem.

221 1375 315 1415 Resp.
330 1375 370 1406 ad
389 1383 461 1414 arg.
484 1374 658 1405 Dicendum
679 1373 764 1413 quod
779 1372 962 1412 compositio

181 1430 348 1471 dupliciter
362 1431 464 1470 potest
478 1429 540 1460 dici
557 1439 564 1459 :
582 1437 648 1459 uno
664 1427 757 1458 modo
777 1427 904 1468 proprie
920 1426 965 1457 di-

182 1485 265 1516 citur
288 1484 477 1524 compositio
503 1484 581 1514 unio
613 1484 795 1523 aliquorum
824 1482 964 1512 duorum

182 1539 371 1570 habentium
391 1540 540 1568 mutuam
561 1537 801 1568 inclinationem
825 1536 864 1566 ad
888 1545 963 1566 con-

182 1593 382 1624 stitutionem
397 1592 480 1623 tertii
498 1602 504 1622 :
522 1594 552 1622 et
566 1591 626 1622 hoc
641 1591 751 1628 modo,
768 1590 850 1620 sicut
867 1589 965 1619 ratio-

184 1655 240 1677 nes
261 1645 450 1683 ostendunt,
474 1653 610 1684 persona
634 1643 747 1675 Christi
774 1652 840 1674 non
864 1644 966 1682 potest

184 1698 245 1730 dici
261 1698 454 1738 composita3
471 1697 573 1728 multa
588 1697 675 1727 enim
689 1698 900 1736 sequerentur
915 1695 964 1725 in-

184 1751 425 1789 convenientia,
457 1751 605 1782 videlicet
634 1750 718 1790 quod
751 1758 887 1790 persona
913 1749 965 1779 illa

187 1807 269 1837 esset
292 1807 432 1843 mutata,
453 1807 483 1836 et
508 1805 594 1845 quod
615 1806 695 1835 esset
717 1804 918 1844 imperfecta,
936 1805 967 1834 ct

183 1860 268 1900 quod
283 1862 364 1890 esset
383 1859 599 1899 temporaliter
618 1860 652 1889 in
667 1868 733 1890 esse
748 1858 919 1898 producta,
936 1860 966 1888 et

183 1913 268 1953 quod
283 1912 381 1943 etiam
394 1922 459 1943 non
469 1913 786 1944 communicarentur
799 1911 964 1942 idiomata.

184 1966 223 1997 Et
245 1965 315 1996 ideo
337 1965 398 1996 hoc
419 1965 513 1996 modo
535 1966 640 1997 dicere
664 1974 835 2006 personam
853 1964 967 1996 Christi

185 2028 252 2050 esse
267 2019 490 2059 compositam,
507 2028 572 2050 non
595 2021 719 2050 tantum
734 2020 814 2049 esset
831 2018 946 2048 falsum
956 2041 964 2056 ,

184 2081 299 2105 verum
319 2073 416 2103 etiam
440 2075 520 2103 esset
540 2073 727 2104 haereticum
740 2076 761 2103 ¹.
778 2072 850 2102 Alio
872 2071 966 2102 modo

185 2126 300 2158 dicitur
316 2126 502 2166 compositio
516 2126 608 2165 large
623 2126 718 2157 simul
735 2135 809 2156 cum
832 2125 894 2156 alio
909 2134 967 2166 po-

185 2180 257 2211 sitio
274 2191 281 2211 2
298 2182 329 2211 et
340 2180 385 2211 510
401 2180 576 2220 personalis
593 2180 669 2211 unio
685 2181 787 2220 potest
800 2180 861 2210 dici
876 2188 967 2210 com-

186 2234 311 2275 positio.
326 2234 364 2265 Et
378 2243 434 2274 per
447 2233 534 2264 hunc
546 2234 678 2265 modum
691 2234 815 2265 dicebat
829 2234 968 2264 secunda

186 2288 295 2328 opinio
316 2296 486 2328 personam
510 2287 624 2319 Christi
646 2296 713 2318 esse
731 2287 939 2328 compositam
957 2298 964 2318 :

187 2350 253 2372 non
267 2341 353 2382 quod
371 2341 440 2381 ipsa
460 2341 500 2371 sit
515 2349 556 2371 ex
577 2341 724 2381 pluribus
745 2341 870 2372 naturis
891 2350 967 2372 con-

187 2395 309 2433 stituta,
325 2394 379 2425 sed
398 2394 485 2434 quod
505 2402 641 2434 persona
657 2394 711 2425 1113
726 2396 800 2426 31110
820 2394 967 2425 111031113-

188 2448 308 2479 tionem
322 2446 524 2488 suppositum
539 2449 606 2478 erat
621 2447 654 2478 in
672 2457 738 2479 una
754 2449 870 2479 natura
886 2448 968 2478 sim-

190 2500 262 2540 plici
276 2511 284 2539 ;
298 2503 369 2541 post
382 2501 635 2532 incarnationem
650 2510 727 2532 vero
741 2510 877 2541 persona
891 2510 968 2541 sup-

227 2601 233 2616 ¹
253 2601 372 2631 synodus
391 2601 588 2632 Constantinop.
612 2601 719 2632 quinta,
744 2609 766 2625 c.
784 2608 818 2633 iv,
847 2602 883 2626 sic
900 2601 934 2625 311
961 2609 966 2625 z

194 2644 207 2659 α
222 2636 270 2665 Qui
286 2643 339 2660 non
354 2637 489 2661 confitetur
504 2637 627 2661 unitatem
644 2638 690 2661 Dei
711 2638 789 2662 Verbi
813 2638 845 2662 ad
863 2644 968 2662 carnem

193 2671 332 2695 animatam
353 2671 439 2695 anima
459 2671 577 2696 rationali
601 2675 624 2696 et
641 2672 806 2698 intellectuali
826 2673 968 2698 secundum

1726 177 1780 207 451

1011 253 1149 293 positum
1163 251 1224 282 fuit
1237 251 1356 281 divinae
1371 251 1507 284 naturae,
1523 249 1554 278 et
1570 247 1721 277 humanae
1736 248 1788 277 :et

1010 307 1070 338 11οο
1087 306 1205 345 absque
1218 304 1285 335 ulla
1300 302 1478 333 mutatione
1491 300 1572 331 facta
1587 299 1620 330 in
1633 299 1713 339 ipsa,
1734 299 1787 329 sed

1011 359 1114 390 solum
1129 368 1166 389 ex
1179 360 1267 398 parte
1280 356 1433 387 humanae
1448 356 1585 390 naturae,
1597 353 1679 383 sicut
1688 353 1789 383 osten-

1011 422 1083 444 sum
1099 413 1158 443 fuit
1173 412 1207 442 in
1226 411 1331 451 prima
1354 407 1574 440 (115111101101102
1588 407 1688 446 hujus
1702 406 1787 436 libri.

1011 466 1050 497 Et
1064 465 1134 496 ideo
1157 464 1264 504 opinio
1284 464 1361 500 ista,
1385 471 1459 502 quae
1479 461 1602 492 dicebat
1622 468 1789 500 personam

1012 519 1127 550 Christi
1150 519 1247 548 fuisse
1264 517 1490 556 compositam,
1508 524 1585 546 vera
1599 514 1677 551 fuit,
1696 515 1726 543 et
1742 522 1791 543 53-

1013 581 1092 602 num
1116 571 1229 602 habuit
1252 570 1460 600 intellectum.
1484 568 1565 606 Quia
1589 569 1696 598 tamen
1720 576 1792 596 ver-

1013 626 1092 655 bum
1108 623 1335 655 calumniabile
1350 625 1412 660 est,
1432 631 1489 662 pro
1505 631 1542 652 eo
1557 621 1642 661 quod
1660 628 1792 659 compo-

1015 678 1140 709 sitionis
1159 676 1355 708 vocabulum
1380 675 1545 706 consuevit
1567 674 1666 713 accipi
1688 673 1793 713 primo

1015 731 1108 762 modo
1125 742 1132 768 3
1162 730 1233 760 ideo
1268 729 1410 759 doctores
1447 728 1610 768 praesentis
1642 726 1795 766 temporis

1015 793 1145 816 sensum
1160 784 1260 823 hujus
1278 782 1437 822 opinionis
1457 781 1611 819 retinent,
1631 780 1792 811 declinan-

1014 840 1061 869 tes
1094 836 1329 877 compositionis
1356 835 1561 866 vocabulum.
1597 834 1632 864 In
1661 843 1795 874 persona

1015 892 1101 923 enim
1131 890 1245 921 Christi
1277 898 1343 920 non
1371 891 1418 919 est
1451 888 1635 928 compositio
1669 887 1795 927 proprie

1016 946 1110 977 dicta.
1130 944 1218 976 Unde
1240 942 1450 974 concedendae
1464 945 1539 973 sunt
1561 942 1698 973 rationes
1722 950 1795 981 quae

1016 999 1154 1030 inductae
1169 999 1244 1028 sunt
1259 997 1299 1028 ad
1314 997 1409 1027 istam
1425 998 1558 1036 partem.

1059 1056 1088 1083 1.
1105 1053 1154 1083 Ad
1168 1052 1247 1082 illud
1262 1060 1338 1081 vero
1360 1050 1445 1089 quod
1461 1050 1610 1089 objicitur
1624 1049 1658 1079 in
1673 1051 1796 1080 contra-

1018 1107 1103 1138 rium
1113 1106 1152 1137 de
1164 1105 1351 1136 auctoritate
1362 1104 1516 1144 Symboli‚
1529 1103 1700 1134 dicendum
1710 1102 1797 1142 quod

1019 1169 1084 1190 non
1099 1161 1145 1190 est
1160 1158 1347 1189 omnimoda
1361 1157 1538 1188 similitudo
1548 1157 1630 1187 inter
1642 1156 1795 1193 animam,

1019 1217 1050 1247 et
1066 1224 1207 1253 carnem,
1225 1216 1256 1245 et
1269 1213 1483 1251 divinitatem,
1505 1214 1535 1243 et
1549 1212 1795 1242 humanitatem.

1020 1268 1090 1300 Non
1105 1268 1194 1299 enim
1209 1270 1255 1298 est
1269 1267 1445 1297 similitudo
1459 1268 1617 1306 quantum
1631 1265 1671 1296 ad
1692 1267 1797 1295 extre-

1020 1332 1150 1354 morum
1164 1321 1438 1362 compositionem,
1449 1320 1502 1350 sed
1512 1321 1671 1360 quantum
1686 1319 1725 1349 ad
1738 1319 1798 1349 hoc

1021 1376 1107 1417 quod
1120 1376 1229 1406 anima
1244 1377 1274 1406 et
1289 1384 1362 1405 caro
1377 1375 1574 1409 concurrunt
1589 1373 1628 1404 ad
1642 1373 1798 1403 unitatem

1020 1439 1166 1471 personae
1185 1441 1191 1461 :
1207 1430 1251 1460 510
1273 1429 1369 1460 etiam
1392 1428 1543 1460 divinitas
1566 1428 1597 1457 et
1616 1427 1799 1457 humanitas

1021 1485 1055 1516 in
1070 1484 1191 1515 Christo
1207 1484 1404 1514 concurrunt
1419 1482 1453 1512 in
1468 1481 1625 1512 unitatem
1640 1489 1797 1521 personae,

1021 1537 1171 1577 quamvis
1186 1537 1246 1567 hoc
1261 1537 1315 1566 siat
1327 1536 1390 1566 alio
1406 1537 1437 1566 et
1451 1535 1512 1566 alio
1525 1535 1631 1565 modo.

1061 1593 1091 1621 2.
1109 1591 1156 1621 Ad
1173 1590 1252 1621 illud
1267 1589 1351 1629 quod
1373 1588 1545 1629 opponitur
1560 1587 1598 1618 de
1614 1587 1799 1618 auctoritate

1022 1644 1208 1675 Damasceni
1219 1667 1227 1682 ,
1257 1643 1427 1674 dicendum
1465 1642 1551 1682 quod
1586 1641 1800 1672 Damascenus

1022 1707 1086 1728 non
1109 1697 1222 1736 accipit
1241 1697 1284 1727 ibi
1307 1696 1435 1736 proprie
1454 1695 1728 1735 compositionem,
1745 1694 1797 1724 sed

1021 1750 1123 1789 large.
1139 1749 1228 1780 Unde
1244 1752 1274 1779 et
1291 1749 1427 1780 verbum
1443 1757 1539 1778 suum
1560 1749 1683 1788 oportet
1698 1756 1797 1787 expo-

1022 1813 1109 1842 nere,
1125 1804 1201 1844 quia
1216 1803 1295 1833 forte
1309 1811 1375 1833 non
1395 1802 1439 1833 ita
1462 1801 1636 1841 improprie
1658 1803 1749 1831 sonat
1765 1801 1799 1830 in

1022 1858 1136 1896 lingua
1151 1866 1268 1896 graeca,
1289 1856 1370 1887 sicut
1392 1855 1426 1886 in
1446 1855 1555 1886 latina.
1572 1854 1661 1885 Unde
1684 1854 1800 1884 dicitur

1022 1910 1204 1951 hypostasis
1229 1910 1404 1950 composita
1436 1918 1477 1940 ex
1508 1908 1632 1939 duabus
1663 1908 1797 1946 naturis,

1022 1973 1087 1995 non
1102 1965 1188 2004 quod
1202 1973 1243 1995 ex
1257 1964 1319 1994 illis
1333 1963 1458 1993 duabus
1475 1962 1513 1993 sit
1535 1962 1721 1996 constituta,
1744 1961 1797 1992 sed

1023 2019 1108 2058 quod
1123 2019 1156 2049 in
1172 2018 1370 2049 sacramento
1384 2016 1610 2047 incarnationis
1624 2015 1742 2046 factum
1753 2017 1800 2046 est

1022 2074 1059 2103 ut
1073 2072 1262 2112 hypostasis,
1279 2080 1353 2111 quae
1366 2072 1434 2101 erat
1448 2071 1507 2101 suh
1522 2079 1588 2101 una
1600 2071 1727 2100 tantum
1741 2079 1797 2099 na—

1023 2128 1106 2164 tura,
1121 2126 1155 2157 in
1169 2126 1294 2156 duabus
1311 2127 1402 2163 esset,
1416 2126 1447 2155 et
1459 2124 1518 2155 sub
1533 2123 1656 2155 duabus
1678 2123 1768 2154 fieret
1790 2133 1796 2154 :

1023 2180 1109 2211 unde
1124 2179 1228 2219 magis
1246 2179 1373 2220 proprie
1394 2178 1509 2209 dicitur
1529 2176 1709 2217 hypostasis
1733 2185 1799 2207 esse

1023 2234 1058 2265 in
1072 2234 1197 2264 duabus
1209 2233 1344 2270 naturis,
1360 2241 1458 2272 quam
1469 2240 1509 2262 ex
1524 2231 1651 2262 duabus
1663 2229 1797 2261 naturis.

1065 2290 1093 2318 3.
1106 2287 1154 2318 Ad
1168 2287 1246 2317 illud
1261 2286 1345 2326 quod
1362 2285 1522 2326 objicitur,
1545 2284 1632 2325 quod
1657 2283 1799 2314 intellec-

1022 2343 1074 2372 tus
1096 2349 1240 2381 personae
1263 2339 1485 2380 praesupponit
1511 2337 1708 2369 intellectum
1742 2345 1801 2368 na-

1023 2396 1116 2433 turae,
1133 2394 1303 2425 dicendum
1316 2392 1403 2433 quod
1422 2401 1537 2423 verum
1552 2393 1598 2422 est
1619 2390 1657 2421 de
1673 2392 1799 2428 natura,

1023 2457 1096 2489 quae
1114 2448 1166 2479 dat
1191 2448 1334 2488 primum
1361 2455 1428 2477 esse
1452 2453 1608 2486 personae,
1625 2446 1656 2474 et
1670 2444 1741 2475 talis
1755 2447 1802 2475 est

1023 2502 1134 2534 divina
1152 2504 1268 2532 natura
1290 2502 1437 2540 respectu
1455 2506 1600 2538 personae
1618 2497 1731 2528 Christi
1747 2508 1754 2528 ;
1771 2499 1802 2528 et

1025 2600 1259 2632 compositionem,
1275 2599 1301 2623 id
1314 2600 1365 2627 est,
1381 2597 1521 2622 secuudum
1538 2596 1730 2621 subsistentiam
1748 2597 1800 2621 scic-

1025 2638 1086 2666 13111,
1100 2639 1125 2660 et
1140 2639 1278 2667 propterea
1290 2641 1367 2659 unam
1384 2633 1437 2664 ejus
1450 2631 1650 2663 subsistentiam,
1665 2632 1802 2657 anathema

1025 2672 1064 2696 sii,
1082 2681 1095 2697 ι)
1113 2686 1131 2688 *ss
1155 2673 1162 2687 'f
1176 2672 1237 2696 Dist.
1255 2677 1274 2700 1,
1288 2678 1313 2701 p.
1330 2677 1345 2699 t,
1359 2677 1415 2700 (1.1,
1434 2676 1458 2691 iu
1470 2668 1546 2698 Resp.
1561 2667 1593 2691 ud
1608 2675 1661 2699 arg.
