2017 2960
119 931 150 951 Ad
160 938 211 959 opp.

234 216 272 244 '16
787 207 1096 241 SENTENTlARUM
1105 217 1109 224 ·
1119 208 1192 239 LIB.
1216 208 1267 239 Ill.

278 280 354 311 110111
382 281 442 311 hoc
469 281 574 321 ipsum
602 279 729 310 videtur
757 276 904 307 ratione:
935 275 1010 314 quia

233 334 338 375 proles
361 334 393 364 in
417 334 601 374 parentibus
624 333 724 372 potest
747 329 896 365 liberari,
921 330 951 358 et
975 327 1009 357 in

234 388 419 419 servitutem
434 388 548 426 redigi,
564 387 637 427 quia
649 394 760 416 servus
773 385 866 413 natus
879 384 923 411 est
940 390 1009 412 ser—

235 442 307 471 vilis
322 441 527 471 conditionis:
545 448 624 478 ergo
643 439 712 478 pari
733 437 853 467 ratiane
868 435 1007 470 videtur,

235 494 318 534 quod
347 495 378 524 111
404 493 585 533 parentibus
613 491 761 522 dantibus
788 488 925 520 decimas
954 487 1010 517 filii

234 547 370 577 habeant
387 546 548 577 decimari.

276 599 354 630 Item
380 599 546 629 decimatio
572 600 662 628 actus
685 599 731 627 cst
756 595 926 635 figuralis:
955 594 1009 625 sed

236 653 340 691 figura
365 661 430 681 non
449 654 573 681 tantum
594 653 639 682 est
662 651 806 690 respectu
830 648 1008 688 praesentiS‚

235 706 287 736 sed
303 705 455 745 praeteriti
475 707 503 735 01
529 704 629 735 futuri
648 715 654 734 :
679 712 757 742 ergo
778 702 903 733 videtur
926 701 1009 741 quod

236 768 299 789 non
316 762 438 789 tantum
458 759 552 799 possit
573 758 721 789 decimari
746 757 778 787 in
801 756 927 796 propria
941 764 1010 795 per-

235 821 311 842 sona
334 812 428 849 filius,
451 812 502 842 sed
523 812 618 842 etiam
638 812 670 841 in
692 812 821 850 parente
846 813 1009 848 tamquam

236 866 267 895 in
279 875 373 895 causa
389 868 419 896 et
436 865 581 895 materia.

276 917 335 948 Sed
351 921 460 948 contra
478 929 484 948 ;
514 921 538 948 1.
563 917 765 956 Augustinus
778 940 786 953 ,
804 924 899 955 super
917 916 1011 946 Gene-

235 972 297 1002 sim
321 971 363 1001 at]
378 971 518 1002 litteram
533 982 543 1001 .·
562 984 575 999 «
594 970 628 1000 In
642 970 761 1000 lumbis
776 969 912 1000 Abi-ahaz
933 969 1009 999 illud

235 1023 471 1060 decimabatur,
497 1023 581 1062 quod
617 1023 799 1052 curabatur.
824 1034 837 1050 n
870 1022 929 1052 Sed
955 1022 1010 1051 tilii

235 1076 397 1106 Abraham
417 1085 482 1105 non
503 1078 578 1106 sunt
593 1075 694 1105 curati
713 1075 751 1104 ab
767 1074 928 1113 originali,
946 1074 1010 1105 imo

235 1129 300 1159 nati
320 1131 392 1159 sunt
417 1138 489 1159 cum
506 1130 634 1168 peccato
655 1128 825 1166 originali:
843 1136 920 1165 ergo
946 1136 1011 1157 non

235 1183 360 1212 videtur
377 1182 460 1222 qnod
480 1182 512 1211 in
529 1181 691 1212 Abraham
710 1181 826 1211 suerint
843 1181 1000 1211 (1001111111.

275 1238 304 1265 ⁶2.
320 1235 408 1273 Item,
426 1244 499 1265 cum
515 1235 635 1265 decima
657 1235 748 1264 datur
772 1234 809 1265 de
830 1235 1000 1271 frumento,

236 1298 300 1319 non
322 1291 449 1328 propter
466 1288 525 1318 hoc
542 1289 634 1319 datur
657 1288 777 1318 decima
799 1288 837 1318 de
860 1288 912 1318 illo
936 1288 1002 1318 fru-

238 1345 359 1380 mento,
382 1342 463 1381 quod
490 1342 580 1372 dotet
608 1342 694 1372 nasci
717 1341 755 1371 de
784 1350 884 1380 grano
904 1352 910 1372 z
930 1351 1008 1380 ergo

237 1395 303 1434 pari
320 1395 451 1431 ratione,
470 1404 544 1425 cum
557 1395 649 1425 datur
664 1395 786 1424 decima
796 1404 852 1434 pro
868 1394 1009 1432 homine,

238 1457 302 1478 non
317 1448 444 1478 videtur
458 1448 541 1487 quod
564 1448 615 1478 1110
626 1472 633 1485 ,
649 1448 704 1487 qui
720 1448 898 1477 nasciturus
912 1450 958 1478 est
972 1458 1011 1478 vx

238 1510 285 1538 eo,
303 1501 476 1531 decimetur
492 1501 525 1530 in
539 1510 587 1531 00,
607 1500 693 1531 Sicut,
709 1501 795 1530 enim
810 1501 906 1531 homo
923 1501 1011 1531 estin

237 1553 368 1584 homine
383 1554 590 1591 seminaliter,
613 1554 656 1584 sic
677 1562 816 1592 granum
832 1554 866 1583 in
885 1562 986 1592 grano
1003 1565 1008 1583 :

238 1615 316 1645 ergo
332 1607 411 1637 ratio
428 1607 485 1637 ista
500 1607 582 1637 bona
599 1616 663 1636 non
679 1606 815 1636 videtur.

278 1662 305 1690 3.
332 1660 420 1698 Item,
443 1660 521 1690 sicut
546 1660 743 1690 circumcisio
766 1659 943 1689 remedium
967 1662 1012 1689 est

239 1716 347 1744 contra
365 1713 521 1752 originale
538 1714 571 1743 in
590 1714 660 1752 lege
680 1714 814 1752 figurae,
839 1715 869 1743 et
890 1712 1011 1751 baptis-

238 1775 311 1797 mus
331 1767 363 1796 in
389 1767 460 1805 lege
480 1767 603 1805 gratiae,
632 1767 675 1795 sic
693 1766 860 1796 decimatio
884 1766 916 1795 in
942 1766 1011 1804 lege

239 1822 374 1857 naturae,
399 1822 435 1849 111
456 1819 529 1849 dicit
553 1819 647 1858 Hugo
669 1819 707 1848 de
732 1821 838 1848 sancto
854 1818 1010 1849 Victore¹.

240 1872 271 1903 Si
288 1882 366 1911 ergo
381 1872 488 1902 nullus
501 1872 533 1902 in
553 1874 661 1902 ventre
685 1872 793 1901 matris
809 1872 923 1911 poterit
938 1872 1013 1911 bap-

240 1925 340 1963 tizari,
356 1934 413 1955 nec
427 1925 620 1962 circumcidi,
636 1934 714 1964 ergo
730 1934 787 1955 nec
802 1925 964 1955 decimari.

282 1981 310 2009 4.
340 1978 417 2009 Item
442 1981 497 2009 aut
520 1979 671 2009 decimari
701 1981 747 2009 est
774 1987 830 2018 per
857 1978 1012 2008 decimam

242 2032 357 2069 curari⁷
375 2034 431 2061 aut
454 2032 604 2062 decimari
626 2035 671 2062 est
695 2031 733 2062 ad
755 2032 909 2062 decimam
931 2031 1011 2061 obli-

241 2085 323 2124 gzsrt,
339 2087 393 2115 aut
407 2085 557 2115 decimari
567 2088 611 2115 est
626 2085 662 2115 de
674 2085 779 2124 aliquo
795 2087 916 2124 partem
930 2085 1013 2115 deci-

241 2147 329 2168 mam
352 2138 437 2175 dare,
461 2141 513 2168 aut
538 2138 686 2169 decimari
707 2140 753 2168 est
778 2147 833 2177 per
857 2138 1011 2168 decimam

241 2191 468 2231 praefigurari:
494 2191 546 2221 sed
570 2191 657 2221 nullo
681 2191 815 2221 istorum
844 2191 1012 2221 modorum

241 2245 301 2275 fuit
318 2245 350 2274 in
373 2244 534 2275 Abraham
552 2244 625 2274 Levi
642 2244 817 2274 decimatus
835 2254 841 2274 :
859 2244 933 2283 quia
948 2253 1013 2274 non

242 2307 298 2338 per
312 2297 467 2328 decimam
483 2300 626 2335 curatus3
644 2306 701 2326 noc
716 2297 753 2327 ad
771 2297 911 2327 dandum
927 2297 1010 2327 deci-

242 2360 310 2381 mas
335 2351 509 2390 obligatus,
536 2360 610 2380 cum
635 2351 740 2390 potius
763 2351 932 2390 reciperet3
956 2359 1013 2381 nec

242 2405 395 2435 decimam
414 2404 508 2442 dedit,
525 2413 582 2434 nec
604 2413 659 2443 per
677 2404 831 2434 decimam
856 2405 1014 2443 figuratus

242 2457 302 2487 suit
323 2467 330 2487 :
355 2466 433 2496 crgo
458 2457 546 2487 nullo
573 2457 665 2487 modo
692 2457 818 2487 videtur
841 2457 1014 2488 decimatus

243 2510 338 2541 fuisse
354 2511 387 2541 in
402 2510 562 2541 Abraham
579 2519 585 2541 τ
610 2512 640 2540 01
662 2510 686 2540 si
708 2510 757 2540 illc¹
772 2520 836 2540 non
854 2511 912 2540 fuit
930 2511 1012 2541 ‹leci-

243 2569 359 2602 matus,
375 2565 442 2604 pari
457 2565 579 2595 ratione
594 2573 651 2595 nec
664 2564 762 2604 aliqui
779 2565 843 2595 alii.

277 2648 286 2665 ¹
296 2649 361 2679 nug.
373 2650 404 2673 de
420 2651 446 2674 S.
463 2650 539 2680 Vict.‚
554 2649 598 2673 lib.
614 2650 633 2680 1,
643 2650 707 2679 part.
719 2654 754 2678 111,
769 2655 791 2672 c.
804 2654 834 2672 111
848 2650 873 2672 et
885 2647 1016 2680 deinceps,

246 2686 269 2707 et
284 2684 327 2708 lib.
343 2685 371 2713 ll,
383 2687 447 2716 past.
459 2692 495 2715 111,
507 2693 529 2709 0.
540 2686 612 2709 v.—²
624 2687 694 2716 Aug„
707 2685 736 2708 de
752 2685 811 2708 Gen.
822 2683 855 2707 ad
867 2684 930 2714 litt„
940 2691 961 2707 c.
972 2689 1014 2708 xx.

1341 339 1567 372 CONCLUSIO.

1067 434 1156 460 Proles
1170 433 1262 467 aliquo
1278 432 1352 459 modo
1377 434 1463 467 potest
1482 435 1512 460 in
1525 433 1685 468 parentibus
1699 433 1838 467 decimari,

1100 478 1241 505 seczmdum
1260 485 1318 504 eum
1332 477 1436 503 modum
1450 497 1456 508 ‚
1478 485 1527 511 quo
1543 478 1683 505 decimatio
1700 478 1771 504 m‘hz‘l
1786 485 1838 512 po-

1104 525 1147 550 ηίε
1161 525 1191 550 in
1202 525 1265 549 (10111
1280 523 1351 549 circa
1366 522 1525 556 decimatos,
1542 523 1587 549 sed
1599 523 1740 550 secundum
1753 523 1840 556 signi-

1103 570 1255 603 ficationem
1267 568 1441 602 proesentium
1456 569 1481 594 et
1493 568 1658 600 futurorum.

1108 650 1199 690 Resp.
1217 649 1254 679 ad
1270 657 1341 688 arg.
1355 648 1402 678 Ad
1414 647 1639 687 praedictorum
1655 647 1840 687 intelligen—

1067 704 1143 735 tiam
1172 705 1218 733 est
1245 701 1420 732 notandum
1434 725 1442 739 ,
1474 700 1559 739 quod
1585 700 1752 731 decimatio
1781 700 1841 731 fuit

1067 759 1156 788 actus
1181 755 1329 791 moralis,
1361 753 1597 784 sacramentalis
1622 755 1653 784 et
1682 753 1838 793 figuralis.

1069 809 1250 842 Secundum
1266 808 1349 848 quod
1365 807 1422 838 suit
1437 809 1526 837 actus
1539 807 1678 844 moralis,
1695 807 1741 837 sic
1755 807 1839 838 deci-

1068 864 1166 894 matio
1185 863 1298 893 dicitur
1319 861 1454 900 alicujus
1478 863 1570 891 certae
1596 861 1692 900 partis
1715 860 1842 891 donatio

1068 918 1107 948 ad
1122 917 1383 948 sustentationem
1404 925 1516 946 eorum
1527 939 1535 953 ,
1553 915 1607 955 qui
1620 915 1764 946 serviunt
1778 915 1841 945 Do-

1071 973 1168 1009 mino,
1186 974 1216 1002 et
1228 971 1368 1010 deputati
1385 972 1456 1000 sunt
1474 969 1573 1000 cultui
1588 969 1716 1000 divino:
1738 971 1769 1000 et
1782 969 1842 1000 hoc

1070 1025 1164 1055 modo
1197 1023 1363 1053 decimatio
1392 1024 1572 1062 perseverat
1603 1031 1706 1062 usque
1734 1022 1840 1054 modo.

1071 1077 1252 1109 Secundum
1274 1075 1359 1116 quod
1383 1075 1548 1106 decimatio
1569 1077 1615 1106 est
1633 1078 1721 1106 actus
1735 1084 1842 1107 sacra-

1071 1129 1231 1167 mentalis,
1257 1129 1300 1159 sic
1325 1128 1491 1158 decimatio
1516 1129 1562 1158 est
1585 1128 1722 1168 alicujus
1744 1128 1842 1168 partis

1070 1183 1197 1214 donatio
1208 1182 1244 1212 ad
1262 1181 1458 1211 curationem
1474 1181 1576 1211 morbi
1592 1181 1766 1220 originalis.
1783 1180 1842 1212 Se-

1071 1236 1212 1267 cundum
1240 1237 1348 1265 autem
1374 1234 1459 1274 quod
1489 1234 1656 1264 decimatio
1683 1235 1729 1265 est
1755 1236 1842 1265 actus

1071 1289 1234 1329 figuralis,
1262 1289 1305 1318 sic
1329 1288 1496 1319 decimatio
1520 1289 1567 1318 est
1591 1287 1722 1318 decimae
1744 1287 1843 1327 partis

1070 1343 1196 1373 donatio
1212 1342 1249 1371 ad
1270 1341 1565 1381 praefigurationem
1580 1340 1753 1371 curationis
1768 1341 1841 1371 uni-

1071 1396 1220 1433 versalis,
1247 1404 1319 1435 quae
1344 1395 1452 1424 futura
1476 1396 1543 1424 erat
1570 1403 1626 1433 per
1648 1394 1841 1425 oblationem

1070 1449 1194 1480 Christi.
1212 1449 1340 1479 Duobus
1359 1448 1470 1487 primis
1492 1447 1593 1477 modis
1615 1449 1741 1487 accepta
1755 1448 1841 1478 deci-

1071 1503 1166 1532 matio
1179 1502 1304 1541 respicit
1320 1503 1446 1532 tantum
1460 1503 1585 1540 tempus
1600 1509 1750 1540 praesens,
1767 1502 1842 1541 quia

1069 1565 1133 1585 non
1148 1556 1241 1585 datur
1257 1555 1316 1585 nisi
1334 1555 1371 1585 de
1392 1555 1452 1584 hoc
1465 1554 1551 1593 quod
1565 1554 1700 1584 habetur
1710 1577 1717 1591 ‚
1732 1555 1762 1585 et
1777 1563 1840 1585 non

1069 1611 1199 1639 curatur
1213 1608 1272 1638 nisi
1289 1607 1374 1647 quod
1388 1609 1455 1647 ι1001
1471 1607 1565 1637 habet
1587 1607 1748 1638 morbum.
1764 1607 1842 1638 Ter-

1069 1664 1111 1693 tio
1131 1665 1237 1694 autem
1254 1662 1346 1693 modo
1367 1661 1531 1692 decimatio
1547 1662 1674 1701 accepta
1686 1670 1752 1692 non
1770 1663 1841 1692 tan-

1068 1718 1137 1746 tum
1152 1718 1198 1746 est
1217 1714 1397 1755 praesentis,
1414 1714 1467 1745 sed
1488 1714 1583 1744 etiam
1600 1714 1710 1752 futuri,
1731 1723 1788 1754 pro
1804 1723 1841 1745 eo

1068 1768 1151 1808 quod
1171 1767 1321 1807 figuratio
1337 1769 1383 1797 est
1398 1767 1554 1806 signatio:
1576 1768 1607 1797 et
1625 1766 1762 1806 signatio
1775 1776 1841 1798 non

1071 1824 1194 1852 tautum
1209 1821 1349 1852 extendit
1367 1831 1400 1852 se
1420 1821 1458 1851 ad
1475 1821 1659 1860 praesentia,
1678 1821 1731 1851 sed
1746 1821 1841 1852 etiam

1069 1875 1106 1906 ad
1118 1875 1225 1905 futura
1239 1877 1285 1905 :et
1297 1875 1356 1905 1100
1370 1874 1462 1905 modo
1474 1874 1623 1904 dicuntur
1637 1873 1693 1903 filii
1702 1873 1840 1905 Abrahae

1068 1928 1213 1959 decimati
1234 1928 1266 1958 in
1288 1928 1450 1958 Abraham
1466 1936 1473 1958 ε
1489 1927 1564 1966 quia
1585 1926 1741 1966 perillam
1757 1926 1840 1957 deci-

1068 1982 1239 2012 mationem
1251 1981 1450 2021 praetigurati
1463 1983 1538 2011 sunt
1553 1989 1665 2011 omnes
1675 1980 1731 2010 filii
1744 1980 1841 2011 Abra-

1068 2035 1144 2065 ham
1159 2035 1291 2065 curandi
1306 2044 1372 2065 esse
1389 2044 1444 2075 per
1459 2044 1551 2072 eum,
1568 2034 1624 2074 qui
1641 2034 1841 2073 figurabatur

1068 2098 1124 2128 per
1147 2088 1391 2125 Melchisedech,
1407 2088 1439 2118 id
1461 2090 1506 2119 est
1527 2097 1583 2127 per
1608 2097 1723 2118 verum
1738 2096 1840 2118 sacer-

1069 2142 1172 2172 dotem
1195 2140 1365 2172 Christum.
1390 2141 1427 2172 Et
1445 2141 1506 2171 hoc
1519 2142 1565 2171 est
1581 2140 1665 2180 quod
1681 2140 1755 2170 dicit
1769 2140 1840 2170 Au-

1068 2196 1236 2235 gustinus,
1261 2203 1355 2234 super
1385 2195 1528 2226 Genesim
1553 2193 1596 2225 ad
1630 2193 1770 2225 litteram
1793 2196 1804 2212 ²
1828 2205 1840 2225 .-

1073 2260 1086 2277 «
1111 2248 1189 2279 Cum
1211 2248 1279 2287 ipsa
1307 2248 1473 2278 decimatio
1499 2247 1536 2277 ad
1567 2247 1840 2287 praefigurandam

1069 2301 1256 2332 medicinam
1268 2301 1465 2341 pertinuerit,
1479 2300 1530 2331 ille
1541 2300 1574 2330 in
1587 2299 1749 2331 Abraham
1759 2299 1840 2331 deci-

1070 2354 1227 2391 mabatur,
1243 2354 1298 2393 qui
1314 2354 1495 2390 curabatur,
1511 2362 1576 2383 non
1591 2353 1718 2393 quando
1733 2353 1841 2392 praefi-

1069 2406 1264 2447 gurabatur,
1280 2407 1333 2437 sed
1352 2406 1480 2446 quando
1495 2405 1580 2436 illius
1593 2406 1709 2444 figurae
1725 2405 1842 2436 veritas

1070 2461 1270 2501 implebatur.
1291 2472 1305 2489 »
1325 2459 1537 2491 Concedendae
1553 2460 1628 2488 sunt
1643 2467 1721 2497 ergo
1741 2458 1840 2489 ratio—

1070 2524 1126 2545 nes
1148 2515 1361 2552 ostendentes,
1386 2513 1471 2553 quod
1492 2512 1598 2552 aliquo
1622 2511 1716 2542 modo
1741 2513 1842 2551 potest

1070 2567 1220 2599 decimari
1238 2567 1341 2607 proles
1362 2567 1394 2597 in
1410 2567 1539 2606 parente
1549 2589 1557 2603 ,
1573 2565 1749 2595 secundum
1765 2573 1841 2596 eum

1071 2620 1203 2652 modum
1225 2629 1290 2660 quo
1313 2619 1478 2651 decimatio
1499 2618 1581 2649 nihil
1601 2618 1691 2658 ponit
1710 2618 1746 2649 in
1767 2619 1840 2650 actu

1072 2674 1153 2706 circa
1167 2673 1353 2710 decimatos,
1369 2673 1422 2704 sed
1435 2672 1538 2703 solum
1551 2671 1727 2704 secundum
1738 2671 1840 2712 signi-
