2017 2960
622 148 812 181 DlSTINCT.
835 148 913 180 xlv.
937 148 1027 180 ΛΒΤ.
1052 149 1089 179 11.
1114 149 1265 187 QUAEST.
1291 151 1314 181 1.

435 246 662 278 CONCLUSIO.

167 319 269 346 Anima
278 318 379 345 Christi
394 316 480 344 eodem
496 317 593 344 habitu
607 325 658 352 quo
669 319 798 352 coqnoscz‘t
809 317 940 350 Verbum,

202 363 333 397 cognoscit
352 362 411 388 alia
433 370 490 396 qvae
517 364 579 388 sunt
599 363 627 388 in
657 362 743 389 Verbo
773 363 941 394 relucentia,

200 408 259 434 sola
274 407 403 433 existente
417 406 573 440 differentia
586 407 713 433 rationis.

206 486 296 526 Resp.
313 485 352 517 ad
367 494 437 525 arg.
452 486 500 516 Ad
515 486 743 526 praedictorum
759 486 943 524 intelligen-

164 539 242 570 tiam
261 541 308 570 θ5ῖ
322 539 515 577 notandum,
531 540 617 580 quod
636 539 765 570 habitus
784 539 943 577 cognitio-

165 593 214 623 nis
230 592 394 623 numerari
408 592 505 622 habet
523 601 619 632 penes
634 592 791 623 rationem
807 601 943 631 cognos-

165 645 266 677 cendi.
284 644 442 683 Quoniam
463 654 542 685 ergo
557 645 697 676 Verbum
717 648 875 677 aeternum
899 647 946 677 est

166 698 434 729 sufficientissima
473 699 554 729 ratio
589 699 802 738 cognoscendi
838 699 946 729 omnia

165 752 228 782 alia
242 761 260 782 a
283 761 331 789 50,
349 752 434 791 quod
449 754 550 792 patet,
567 751 644 792 quia
658 752 761 791 seipso
784 752 946 791 cognoscit

165 805 292 843 omnia3
309 805 379 836 ideo
397 805 435 836 ad
452 805 512 835 1100
534 805 620 845 quod
640 805 756 845 aliquis
777 808 947 845 cognoscat

165 868 216 889 res
230 859 263 889 in
277 858 393 895 Verbo,
410 868 475 889 non
490 861 613 898 oportet
625 859 658 889 in
675 859 743 898 ipso
756 868 823 890 esse
839 859 947 899 gemi-

166 921 241 942 nam
263 911 477 951 cognitionem
500 911 600 951 ipsius
613 911 725 949 Verbi,
742 914 772 943 et
786 912 886 952 ipsius
901 913 947 943 rei

168 965 317 1004 cognitae.
334 964 500 995 Geminam
523 965 592 996 dico
611 968 769 1005 quantum
793 966 833 997 ad
855 967 948 997 habi-

166 1021 237 1049 tum
254 1018 467 1057 cognoscendi
483 1027 490 1048 :
508 1020 637 1058 propter
652 1019 713 1049 hoc
727 1019 812 1058 quod
828 1019 949 1050 habens

166 1071 410 1102 deiformitatem
435 1072 559 1110 gloriae‚
584 1081 640 1112 per
662 1081 760 1112 quam
787 1073 950 1112 cognoscit

166 1125 272 1164 ipsum
288 1124 446 1163 Verbum,
463 1125 559 1156 habet
579 1126 663 1156 unde
672 1126 873 1156 *assimiletur
888 1127 948 1166 ipsi

166 1178 280 1216 Verbo,
304 1177 388 1218 quod
409 1180 456 1208 est
479 1179 616 1217 perfecta
635 1179 715 1208 ratio
737 1179 949 1218 cognoscendi

165 1233 273 1263 omnia
299 1233 360 1263 alia
387 1243 395 1263 :
421 1234 452 1262 et
476 1232 519 1263 ita
546 1233 767 1272 cognoscendo
790 1232 947 1270 Verbum,

164 1286 260 1316 habet
274 1286 423 1316 habitum
439 1295 503 1325 quo
526 1287 623 1326 possit
643 1295 836 1325 cognoscere
860 1287 923 1318 alia
941 1299 947 1318 :

165 1340 209 1370 ita
234 1340 318 1379 quod
346 1340 475 1370 habitus
503 1340 576 1377 ille,
602 1342 697 1380 prout
731 1340 848 1370 dicitur
883 1350 950 1371 esse

169 1392 274 1431 Verbi,
292 1395 323 1423 et
341 1393 478 1423 aliorum
498 1402 517 1423 a
536 1392 651 1431 Verbo,
674 1402 740 1423 non
759 1393 865 1424 differt
887 1394 950 1424 nisi

168 1446 234 1477 sola
248 1446 495 1486 comparatione.
513 1445 573 1476 Per
587 1446 671 1477 idem
686 1447 773 1477 enim
793 1447 877 1486 quod
905 1447 951 1487 ip-

167 1508 239 1530 sum
254 1498 396 1530 Verbum
411 1501 570 1530 aeternum
586 1502 632 1530 est
651 1500 708 1530 lux
726 1501 757 1530 et
776 1500 894 1531 veritas
915 1500 950 1531 111

168 1562 212 1590 50,
229 1555 275 1583 est
285 1553 449 1592 exemplar
464 1553 601 1584 aliarum
612 1562 743 1584 rerum:
762 1556 792 1584 et
807 1553 877 1584 ideo
894 1554 949 1593 qui

168 1606 263 1636 habet
279 1606 365 1636 unde
385 1607 601 1637 conformetur
622 1607 683 1647 ipsi
705 1616 842 1637 summae
863 1607 948 1638 veri-

169 1660 235 1697 tati,
251 1660 348 1690 habet
359 1660 444 1691 unde
456 1661 673 1691 conformetur
688 1661 802 1691 rationi
816 1670 949 1700 cognos—

167 1713 257 1744 cendi
273 1713 391 1744 omnia.
415 1713 573 1750 Quoniam
595 1723 675 1753 ergo
689 1713 830 1744 Verbum
851 1716 947 1744 aeter-

166 1776 247 1797 num
268 1776 325 1806 per
345 1766 429 1797 idem
451 1768 496 1797 est
519 1767 600 1797 ratio
623 1767 839 1806 cognoscendi
854 1776 898 1806 se,
918 1770 948 1798 et

166 1820 246 1858 alia;
268 1819 339 1850 ideo
362 1819 431 1850 dico
456 1820 541 1860 quod
565 1821 674 1851 anima
697 1821 811 1851 Christi
835 1821 946 1851 eodem

167 1873 295 1911 habitu,
312 1882 376 1913 quo
391 1873 553 1912 cognoscit
573 1874 681 1913 ipsum
695 1873 849 1911 Verbum,
865 1883 946 1913 cog-

167 1926 268 1956 noscit
284 1935 334 1956 res
350 1926 383 1956 in
397 1925 516 1963 Verbo,
536 1927 691 1957 existente
707 1927 773 1957 sola
795 1927 946 1957 differen-

167 1979 210 2010 tia
232 1982 390 2019 quantum
413 1980 452 2011 ad
476 1981 760 2020 comparationem,
786 1981 853 2012 sive
876 1990 946 2012 res-

166 2034 304 2072 pectum.
330 2032 542 2064 Concedendae
567 2043 645 2073 ergo
677 2036 753 2065 sunt
784 2034 942 2073 rationeS,

165 2095 239 2126 quae
253 2086 314 2116 1100
329 2086 512 2117 ostendunt.

206 2143 233 2170 1.
252 2140 301 2170 Ad
320 2140 398 2170 illud
418 2140 503 2180 quod
521 2140 624 2180 primo
644 2140 793 2180 objicitur
812 2141 845 2171 in
867 2151 942 2172 con-

163 2193 310 2231 trarium,
330 2193 415 2233 quod
436 2202 562 2224 necesse
585 2196 631 2225 est
646 2194 842 2225 intellectum
867 2205 943 2235 pos-

163 2246 286 2277 sibilem
307 2247 438 2277 formari
457 2247 497 2277 ad
517 2247 758 2279 similitudinem
780 2249 827 2279 rei
850 2249 944 2280 intel—

163 2298 269 2339 lectae,
286 2302 359 2339 etc.,
375 2301 545 2332 dicendum
567 2302 653 2341 quod
668 2311 733 2333 non
755 2305 801 2333 est
821 2303 940 2342 simile,

165 2353 240 2392 quia
253 2355 402 2393 quamvis
417 2354 498 2385 Deus
512 2355 632 2385 nullius
645 2355 743 2395 possit
759 2365 826 2386 esse
840 2356 943 2387 forma

167 2406 350 2444 perfectiva,
375 2410 476 2447 potest
496 2410 603 2439 tamen
627 2418 694 2440 esse
712 2410 815 2440 forma
837 2419 943 2441 exem-

167 2458 278 2497 piaris,
295 2462 325 2490 et
344 2461 423 2491 ratio
438 2461 651 2501 cognoscendi
669 2473 675 2492 :
692 2462 778 2501 ideo,
794 2464 943 2503 quamvis

166 2520 232 2541 non
251 2513 391 2551 perficiat
410 2515 576 2546 materiam
594 2525 650 2556 per
674 2517 816 2556 seipsum
837 2517 940 2548 dando

167 2565 194 2594 ei
209 2573 275 2595 esse
290 2568 320 2595 et
336 2567 621 2607 complementum,
639 2571 739 2609 potest
754 2572 864 2601 tamen
884 2579 942 2610 per

167 2618 307 2658 seipsum
328 2619 522 2652 intellectum
540 2622 642 2654 facere
663 2632 855 2662 cognoscere
876 2623 939 2654 ali-

1719 156 1777 186 309

1000 217 1085 257 quod
1105 218 1329 258 quodcumque
1354 221 1507 249 creatum.
1529 219 1567 249 Et
1585 220 1611 249 si
1637 223 1672 251 tu
1695 221 1777 261 obji-

999 271 1062 301 cias
1073 271 1160 311 quod
1174 280 1301 302 necesse
1321 273 1367 303 est
1385 271 1581 303 intellectum
1595 274 1778 312 possibilem

999 324 1106 364 aliquo
1126 325 1220 356 modo
1244 325 1392 363 formari,
1417 325 1456 356 ad
1471 325 1531 356 hoc
1552 326 1636 365 quod
1659 327 1779 367 aliquid

999 379 1157 418 intelligat
1181 379 1215 409 in
1230 381 1303 410 actu
1315 402 1324 417 ,
1342 379 1511 410 dicendum
1526 379 1611 418 quod
1627 379 1670 409 sic
1685 382 1732 410 est
1746 381 1780 411 in

1001 432 1160 471 proposito
1181 441 1188 462 t
1214 433 1370 463 formatur
1392 432 1479 462 enim
1503 432 1543 463 ab
1570 432 1700 472 aliquo·‚
1726 434 1780 464 sed

1000 485 1058 514 hoc
1076 494 1140 515 11011
1155 487 1200 515 est
1215 485 1317 523 aliud,
1333 494 1431 525 qnam
1447 484 1516 525 ipsa
1537 486 1706 517 influentia
1726 486 1780 517 lu-

1000 537 1098 567 minis
1119 538 1242 575 aeterni,
1264 547 1320 577 per
1334 547 1432 577 quam
1449 539 1586 570 eflicitur
1599 539 1778 579 deiformis,

1001 593 1031 621 et
1045 591 1216 622 conformis
1230 592 1290 631 ipsi
1306 591 1420 629 Verbo,
1437 592 1521 632 quod
1542 595 1588 623 est
1606 593 1686 624 ratio
1707 603 1781 633 cog-

1001 644 1151 675 noscendi
1167 644 1228 675 alia
1242 653 1249 674 :
1266 647 1296 675 et
1310 645 1379 675 ideo
1395 654 1451 684 per
1469 655 1664 685 consequens
1679 646 1778 678 effici-

1002 699 1053 728 tur
1070 698 1103 728 in
1115 700 1188 729 actu
1204 701 1349 738 respectu
1364 698 1501 730 aliorum
1517 700 1781 738 cognoscibilium

1002 760 1020 781 a
1035 751 1138 782 Verbo
1156 761 1163 781 :
1182 753 1212 782 et
1232 761 1287 792 per
1307 752 1549 783 similitudinem
1567 752 1678 791 Verbi,
1695 754 1781 793 quod

1002 805 1131 844 quidem
1144 804 1287 835 Verbum
1305 807 1352 836 est
1370 805 1545 836 similitudo
1560 806 1722 844 omnium,
1740 808 1782 838 ef-

1003 857 1120 896 ficitur,
1135 858 1274 897 quodam
1291 858 1385 889 niodo
1401 858 1514 889 similis
1526 859 1676 890 omnibus
1689 871 1695 891 :
1711 860 1782 891 ideo

1003 920 1069 941 uon
1084 913 1207 950 oportet
1223 911 1251 942 ei
1267 911 1334 941 dari
1350 920 1473 942 novum
1490 911 1638 942 habitum
1653 913 1693 944 ad
1708 922 1782 953 cog-

1004 964 1210 995 noscendum.

1045 1020 1073 1047 17..
1093 1017 1131 1047 Et
1146 1027 1202 1057 per
1216 1018 1276 1048 1100
1291 1020 1376 1058 patet
1394 1018 1558 1058 responsio
1580 1019 1619 1049 ad
1645 1028 1782 1059 sequens

1005 1071 1089 1110 quod
1114 1071 1239 1111 oincit,
1263 1072 1349 1111 quod
1371 1081 1497 1102 necesse
1518 1074 1565 1102 est
1588 1081 1783 1112 cognoscens

1005 1124 1173 1154 assimilari
1197 1124 1403 1163 cognoscibili
1423 1134 1430 1154 :
1448 1124 1601 1164 quoniam
1628 1126 1783 1156 assimila-

1005 1176 1059 1212 tio,
1085 1185 1158 1216 quae
1181 1177 1297 1207 sufficit
1318 1177 1357 1207 ad
1379 1177 1607 1216 cognitionem,
1631 1187 1696 1208 non
1718 1182 1784 1209 tan-

1005 1231 1075 1260 tum
1100 1233 1146 1260 est
1172 1239 1228 1270 per
1252 1230 1388 1270 speeiem
1415 1232 1577 1270 acceptam
1606 1240 1625 1261 3
1651 1240 1704 1269 re,
1733 1231 1784 1262 vel

1006 1283 1102 1313 etiam
1128 1292 1184 1323 per
1212 1283 1348 1323 speciem
1379 1284 1615 1324 appropriatam
1638 1284 1697 1325 ipsi
1720 1286 1781 1324 rei,

1006 1346 1122 1368 verum
1147 1338 1243 1368 etiam
1266 1347 1322 1377 per
1344 1338 1606 1369 assimilationem
1626 1339 1667 1370 ad
1687 1339 1781 1378 illud,

1006 1391 1091 1430 quod
1106 1393 1153 1422 est
1166 1391 1246 1422 ratio
1259 1392 1470 1431 cognoscendi
1485 1394 1609 1423 caetera.

1047 1448 1076 1475 3.
1093 1445 1141 1476 Ad
1156 1445 1234 1476 illud
1249 1445 1335 1485 quod
1350 1445 1511 1485 objicitur,
1529 1447 1614 1486 quod
1628 1447 1653 1477 si
1669 1448 1783 1487 aspice-

1006 1507 1074 1528 rem
1090 1498 1127 1528 ad
1141 1507 1221 1532 rem,
1233 1501 1488 1537 aggeneraretur
1500 1500 1534 1530 in
1545 1509 1595 1530 me
1609 1500 1783 1532 similitudo

1005 1551 1050 1582 rei
1063 1561 1070 1589 ;
1087 1554 1118 1582 et
1132 1551 1277 1582 similiter
1291 1552 1317 1582 si
1348 1553 1388 1583 ad
1402 1553 1582 1592 speculum,
1602 1563 1783 1593 aggenera·

1004 1607 1092 1636 retur
1115 1606 1148 1636 in
1172 1615 1224 1637 me
1248 1605 1421 1637 similitudo
1449 1607 1587 1646 speculi,
1619 1609 1650 1638 et
1679 1608 1780 1648 ipsius

1004 1660 1049 1690 rei
1068 1670 1074 1690 :
1092 1659 1263 1690 dicendum
1281 1659 1366 1699 quod
1383 1660 1409 1689 si
1433 1660 1465 1689 in
1485 1660 1613 1700 speculo
1631 1670 1697 1691 non
1719 1661 1781 1692 dif-

1003 1715 1099 1744 ferret
1117 1713 1292 1743 similitudo
1314 1713 1359 1743 rei
1377 1713 1416 1743 ab
1438 1713 1506 1753 ipsa
1524 1714 1627 1744 forma
1641 1715 1779 1754 speculi,

1004 1776 1069 1797 non
1097 1767 1255 1806 oporteret
1283 1765 1369 1805 quod
1394 1766 1427 1796 in
1452 1775 1503 1797 me
1527 1770 1782 1806 aggeneraretur

1002 1819 1064 1850 alia
1085 1819 1260 1850 similitudo
1279 1820 1490 1858 cognoscendi
1515 1822 1660 1860 respectu
1681 1821 1781 1860 ipsius

1002 1873 1139 1912 speculi,
1157 1875 1188 1903 et
1201 1874 1347 1912 respectu
1368 1872 1467 1912 ipsius
1487 1873 1533 1904 rei
1553 1873 1724 1904 relucentis
1747 1874 1780 1904 in

1001 1926 1129 1966 speculo
1146 1937 1153 1957 2
1171 1929 1202 1957 et
1216 1926 1260 1957 sic
1276 1926 1522 1966 intelligendum
1542 1930 1589 1958 est
1612 1928 1646 1958 in
1663 1937 1780 1968 propo-

1001 1981 1072 2018 sito,
1100 1980 1253 2020 quoniam
1277 1980 1347 2010 idea
1371 1980 1405 2010 in
1424 1980 1487 2011 Deo
1507 1981 1587 2012 nihil
1609 1981 1697 2012 aliud
1721 1984 1777 2019 est,

1000 2028 1098 2074 quam
1119 2034 1187 2074 ipsa
1211 2034 1327 2064 veritas
1353 2035 1486 2072 aeterna,
1512 2034 1594 2065 sicut
1615 2036 1778 2065 ostensum

998 2088 1060 2118 fuit
1073 2088 1108 2118 in
1122 2088 1226 2127 primo
1241 2088 1332 2119 libro.

1039 2143 1068 2171 4.
1087 2141 1135 2171 Ad
1151 2141 1230 2171 illud
1247 2141 1332 2180 quod
1349 2141 1510 2181 objicitur,
1531 2143 1616 2182 quod
1632 2143 1778 2183 impossi-

1000 2194 1062 2224 bile
1076 2196 1122 2225 est
1137 2203 1188 2225 me
1203 2203 1394 2234 cognoscere
1404 2195 1509 2226 lucem
1523 2198 1686 2235 aeternam,
1699 2197 1777 2237 quin

999 2247 1075 2278 fiam
1090 2247 1118 2278 ei
1138 2248 1308 2279 conformis
1331 2257 1388 2288 per
1408 2248 1610 2279 influentiam
1632 2250 1775 2288 luminis,

1000 2301 1170 2333 dicendum
1195 2302 1280 2342 quod
1304 2302 1365 2333 hoc
1388 2312 1502 2333 verum
1526 2305 1572 2334 est
1597 2312 1604 2332 :
1625 2304 1678 2334 sed
1702 2304 1778 2344 quia

999 2355 1080 2386 Deus
1094 2364 1151 2395 per
1164 2356 1249 2386 idem
1264 2355 1370 2396 ipsum
1385 2356 1470 2396 quod
1485 2358 1532 2386 est
1546 2356 1603 2387 lux
1620 2357 1653 2387 in
1668 2366 1712 2395 se,
1731 2359 1778 2388 est

998 2409 1161 2449 exemplar
1177 2409 1316 2439 aliarum
1330 2418 1454 2446 rerum;
1472 2409 1543 2440 ideo
1564 2418 1630 2440 non
1649 2412 1774 2449 oportet

997 2462 1082 2502 quod
1099 2471 1154 2502 per
1169 2462 1254 2493 aliud
1277 2464 1308 2492 et
1322 2462 1410 2493 aliud
1431 2463 1506 2492 fiam
1525 2463 1695 2493 conformis
1714 2463 1775 2504 ipsi

998 2518 1032 2546 ut
1045 2518 1091 2546 est
1105 2516 1177 2553 lux,
1193 2519 1224 2547 et
1238 2518 1274 2547 ut
1289 2517 1335 2547 est
1349 2516 1527 2556 exemplar,
1543 2516 1595 2547 sed
1611 2525 1667 2556 per
1688 2517 1774 2548 idem

997 2570 1058 2601 alio
1073 2570 1168 2601 modo
1182 2579 1215 2600 se
1228 2570 1361 2601 1131)οη5.
1376 2568 1463 2600 Idem
1478 2569 1564 2600 enim
1580 2569 1691 2601 lumen
1704 2570 1772 2610 glo-

996 2623 1054 2654 riae
1068 2622 1212 2654 habilitat
1235 2623 1338 2664 ipsam
1359 2621 1501 2653 animam
1519 2622 1559 2654 ad
1578 2631 1774 2663 cognoscen-
