2017 2960
696 201 792 235 DIST.
816 203 909 235 XXII.
932 205 1023 238 ΛΒΤ.
1047 206 1071 237 Ι.
1096 205 1245 243 QUAEST.
1266 205 1303 236 V.

201 271 287 312 quod
296 279 349 302 eos
364 270 517 310 eripuerit
524 270 562 301 de
573 270 712 308 inferum
729 272 796 310 aut,
806 270 832 302 si
842 280 907 304 non
917 272 975 304 eri·

199 324 315 366 puerit,
331 323 487 365 quaeritur
503 332 602 364 quare
613 333 677 356 non
690 324 852 364 eripuerit.

472 418 697 450 CONCLUSIO.

200 485 319 513 Christus
334 486 363 512 ⁷'n
377 493 423 513 suo
439 485 560 513 descensu
573 486 610 513 ad
626 487 726 520 inferos
741 494 793 514 non
809 494 896 515 omnes
910 489 972 515 ani-

233 538 290 557 mas
304 530 343 557 ibt
357 530 477 558 detentas
499 531 643 561 liberarit,
665 531 712 557 sed
734 532 840 558 animas
867 533 973 558 tantum

234 575 374 602 electorum
397 583 518 608 suorum,
539 577 562 602 et
584 583 670 602 eorum
690 577 738 609 qui
759 577 837 602 erant
856 576 973 603 membra

234 620 336 654 ipsius,
354 620 416 647 licet
430 621 485 654 ejus
495 622 587 655 passio
600 620 721 647 omnibus
734 620 877 654 suffecerit.

238 698 330 739 Resp.
357 699 397 730 ad
419 708 489 738 arg.
514 699 688 730 Dicendum
712 699 799 739 quod
817 698 973 730 Dominus

197 752 230 783 111
251 752 375 783 inferno
399 762 463 784 non
479 752 625 783 liberavit
641 753 702 783 nisi
717 753 839 783 animas
856 752 972 784 electo-

197 815 272 836 rum
295 815 446 844 suorum,
468 807 498 836 et
514 815 627 836 eorum
647 806 702 846 qui
723 808 813 837 erant
830 807 973 838 membra

196 859 309 899 ipsius.
336 859 489 896 Quamvis
508 860 593 890 enim
617 859 721 899 passio
735 859 849 890 Christi
864 861 972 891 omni-

196 912 256 944 bus
271 912 443 951 suffecerit,
460 921 524 943 non
539 914 645 943 tamen
657 913 763 944 influit
774 913 836 944 nisi
854 914 886 944 in
902 915 972 953 eJ'us

197 967 342 998 membra
358 978 365 998 ε
383 969 414 998 et
427 967 498 998 ideo
514 967 570 998 soli
587 976 643 1007 per
658 967 837 1006 passionem
856 968 971 999 Christi

197 1020 309 1052 salvati
338 1022 430 1057 sunt,
455 1021 510 1060 qui
527 1021 577 1052 vel
605 1022 695 1052 erant
716 1021 786 1060 ejus
809 1022 968 1061 membra,

196 1074 324 1114 quando
338 1084 449 1115 passus
464 1077 520 1113 est,
536 1074 587 1105 vel
603 1075 702 1105 futuri
718 1076 810 1105 erant
823 1085 878 1116 per
892 1085 970 1107 con-

197 1128 378 1159 versionem
403 1127 443 1158 ad
464 1128 582 1168 ipsum.
606 1128 764 1165 Quoniam
779 1138 858 1168 ergo
877 1129 970 1160 multi

196 1183 286 1212 erant
310 1181 344 1212 in
367 1181 509 1219 inferno,
525 1181 581 1221 qui
603 1191 661 1212 nec
685 1182 831 1213 membra
854 1181 970 1213 Christi

195 1236 297 1270 erant,
309 1243 368 1265 nec
381 1234 526 1264 membra
535 1234 647 1265 Christi
660 1235 760 1266 futuri
775 1237 876 1274 erant,
893 1236 970 1276 quia

194 1295 261 1317 non
272 1287 364 1317 erant
375 1285 408 1316 in
420 1288 504 1317 statu
519 1286 661 1317 merendi
674 1298 681 1324 3
699 1286 770 1317 ideo
779 1296 845 1317 non
859 1297 970 1319 omnes

193 1339 348 1371 Dominus
377 1339 495 1378 eripuit
524 1340 562 1370 de
590 1339 715 1371 inferno
727 1365 735 1379 ‚
764 1340 817 1371 sed
845 1342 970 1372 tantum

194 1391 321 1422 electos.
347 1390 384 1421 Et
404 1390 465 1421 hoc
481 1393 526 1422 est
545 1392 630 1431 quod
646 1391 720 1423 dicit
740 1392 913 1432 Gregorius
934 1393 969 1424 in

193 1445 334 1486 quadam
357 1445 489 1476 homilia
505 1446 588 1476 infra
602 1448 748 1477 octavam
763 1446 892 1479 Paschae
902 1459 910 1486 ;
927 1449 970 1479 ait

193 1498 278 1529 enim
288 1498 332 1529 sic
340 1499 348 1515 ¹
362 1510 393 1530 :a
407 1498 496 1536 Quod
505 1502 577 1530 ante
587 1500 764 1540 passionem
775 1510 867 1531 suam
876 1502 967 1539 dixit,

191 1551 224 1582 in
238 1552 468 1583 resurrectione
483 1562 541 1583 sua
556 1553 707 1584 Dominus
728 1553 871 1594 implevit
881 1558 890 1575 ²
903 1566 910 1585 2
929 1555 950 1587 S
955 1556 968 1587 ἰ

190 1605 353 1637 exaltatus
378 1606 467 1644 fuero
483 1614 503 1637 a
518 1608 622 1644 terra,
639 1608 749 1639 omnia
770 1608 899 1640 traham
920 1611 963 1642 ad

191 1667 251 1691 me.
269 1659 383 1691 Omnia
399 1660 485 1690 enim
506 1660 619 1697 traxit,
635 1661 691 1700 qui
711 1661 749 1692 de
774 1662 881 1694 electis
903 1665 969 1695 suis

191 1712 275 1752 apud
297 1712 416 1743 inferos
431 1712 558 1744 nullum
573 1713 713 1753 reliquit.
732 1714 845 1746 Omnia
859 1716 968 1748 abstu-

189 1765 238 1804 lit,
253 1766 363 1806 utique
372 1765 480 1797 electa.
491 1765 578 1797 Unde
589 1767 683 1797 etiam
695 1769 776 1799 recte
789 1778 845 1809 per
856 1769 967 1802 Oseam

191 1818 309 1849 dixit³:
327 1819 390 1851 Ero
406 1827 489 1851 mors
511 1822 578 1858 tna,
596 1828 613 1852 o
630 1828 713 1852 mors
720 1830 734 1860 ,·
746 1829 869 1854 morsus
893 1826 967 1855 tuus

192 1881 255 1911 ero,
271 1873 406 1911 inferne.
419 1872 500 1910 Quia
515 1873 601 1904 enim
617 1874 651 1904 in
664 1874 771 1906 electis
784 1876 850 1907 suis
862 1877 967 1909 fundi—

190 1927 242 1956 tus
253 1925 364 1956 occidit
379 1928 528 1964 mortem,
539 1935 626 1957 mors
635 1927 746 1958 mortis
756 1929 870 1960 extitit.
887 1929 967 1967 Quia

193 1987 270 2009 vero
294 1978 328 2008 in
347 1978 470 2009 inferno
493 1981 614 2018 partem
637 1979 777 2019 abstulit,
800 1984 830 2012 et
842 1985 966 2022 partem

190 2031 330 2071 reliquit,
346 2041 410 2062 non
425 2032 539 2062 occidit
557 2032 709 2071 funditus,
727 2034 779 2065 sed
795 2036 966 2067 momordit

190 2084 362 2116 infernum.
386 2096 400 2114 11
420 2085 663 2117 Concedendum
687 2089 734 2118 est
757 2097 854 2128 ergo,
881 2091 965 2130 quod

192 2138 333 2170 Christus
364 2139 398 2170 in
427 2149 485 2171 suo
509 2140 662 2172 descensu
689 2141 729 2173 ad
756 2142 874 2174 inferos
899 2154 965 2176 non

190 2201 302 2224 omnes
334 2192 480 2224 liberavit
513 2194 551 2225 de
582 2194 718 2227 inferno.
751 2196 964 2230 Concedendae

190 2248 266 2278 sunt
277 2246 373 2277 etiam
389 2246 527 2278 rationes
541 2257 614 2288 quae
627 2248 825 2282 inducuntur
838 2252 877 2283 ad
891 2252 963 2284 hoc.

229 2301 259 2330 1.
279 2299 328 2330 Ad
351 2300 430 2331 illud
449 2310 526 2332 vero
546 2302 630 2341 quod
646 2302 750 2343 primo
765 2304 914 2344 objicitur
931 2306 964 2337 in

192 2353 389 2385 contrarium
412 2354 451 2385 de
467 2355 567 2386 verbo
589 2355 648 2386 Job
667 2357 753 2396 quod
778 2358 911 2397 dicebat,
932 2369 964 2391 se

193 2402 421 2435 descensurum
436 2405 470 2436 in
484 2406 769 2446 profundissimum
790 2409 963 2449 infernum,

193 2455 363 2489 dicendum
377 2459 462 2499 quod
476 2460 745 2500 profundissimus
760 2462 903 2495 infernus
913 2474 966 2505 po-

191 2511 252 2540 test
268 2509 329 2542 dici
348 2511 400 2542 vel
417 2513 594 2544 secundum
615 2516 733 2546 statum
753 2516 868 2548 inferni
890 2519 965 2550 infe-

192 2563 298 2602 rioris,
323 2565 378 2604 qui
394 2567 440 2596 est
451 2567 510 2597 sub
525 2568 620 2606 terra,
636 2568 688 2601 vel
700 2572 844 2611 respectu
858 2572 897 2604 ad
912 2573 965 2604 in-

222 2643 229 2661 ¹
247 2644 334 2675 Greg„
353 2644 378 2668 in
394 2645 501 2677 Evonq„
519 2647 590 2672 hom.
606 2654 643 2674 111
661 2663 691 2668 —
707 2651 717 2667 ¹
728 2651 808 2682 Jocm,
823 2658 873 2684 xri,
885 2655 923 2679 32.
937 2667 963 2672 -

190 2679 200 2696 ³
213 2679 276 2709 ose„
291 2685 351 2710 xm,
368 2681 404 2706 14.

1745 207 1799 235 471

1029 273 1174 312 fernum,
1204 272 1261 313 qui
1290 273 1337 304 est
1360 280 1458 311 supra
1478 272 1609 301 terram.
1641 270 1674 302 Si
1700 271 1804 311 primo

1031 323 1124 354 modo
1141 323 1264 355 dicatur
1276 347 1284 361 ,
1300 324 1377 353 tunc
1391 321 1425 352 in
1448 319 1736 361 profundissimum
1750 321 1804 352 in-

1028 375 1156 407 fernum
1177 376 1373 407 descendunt
1391 374 1481 415 impii
1501 375 1532 405 et
1549 373 1701 410 damnati,
1720 383 1804 414 quo-

1028 431 1115 462 niam
1138 431 1171 462 in
1191 431 1260 462 loco
1279 431 1332 462 illo
1348 429 1490 461 inferiori
1505 431 1551 460 est
1570 429 1702 470 quidam
1716 429 1804 461 locus

1028 484 1196 524 deputatus
1212 484 1273 523 his,
1290 484 1344 524 qui
1360 483 1514 524 puniendi
1527 484 1602 514 sunt
1612 492 1705 523 poena
1715 482 1804 514 dam-

1028 536 1060 567 ni
1076 539 1105 567 et
1121 546 1216 577 poena
1234 546 1365 574 sensus;
1390 536 1521 576 quidam
1537 545 1614 567 vero
1635 536 1805 576 deputatus

1027 589 1077 620 his
1092 589 1147 630 qui
1163 590 1315 630 puniendi
1329 592 1401 620 sunt
1413 589 1516 620 solum
1532 589 1571 620 ad
1586 591 1723 629 tempus,
1735 589 1804 620 sive

1027 642 1167 683 sitpoeua
1175 642 1295 680 damni,
1307 643 1373 673 sive
1381 643 1417 673 sit
1426 652 1520 682 poena
1530 652 1650 681 sensus,
1662 643 1743 673 sicut
1751 641 1805 674 ille

1027 695 1061 727 in
1077 705 1142 736 quo
1158 697 1249 727 erant
1265 695 1364 727 sancti
1378 698 1483 736 patres
1498 698 1528 726 et
1542 696 1606 733 alii,
1624 696 1679 736 qui
1696 696 1802 727 deces-

1027 752 1138 781 serunt
1160 759 1235 781 cum
1256 749 1380 789 gratia3
1397 750 1428 780 et
1443 750 1575 780 vocatur
1589 749 1720 788 limbus,
1735 749 1804 781 sive

1027 804 1118 835 sinus
1138 804 1289 835 Abrahae.
1308 804 1380 835 Dico
1402 812 1481 843 ergo
1496 803 1581 844 quod
1596 803 1739 835 Christus
1753 813 1803 835 so·

1026 858 1094 890 lum
1110 859 1149 890 ad
1163 859 1300 889 limbum
1320 858 1490 896 descendit,
1506 857 1594 888 unde
1607 858 1732 888 sanctos
1747 867 1804 898 pa-

1026 914 1090 944 tres
1104 912 1245 953 eripuit:
1267 914 1298 943 et
1317 912 1361 943 ita
1385 912 1424 943 ad
1445 912 1644 952 superiorem
1668 913 1802 951 partem,

1026 975 1090 997 non
1119 969 1227 997 autem
1251 966 1290 997 ad
1315 965 1473 1003 mediam,
1490 965 1541 996 vel
1555 965 1715 996 ultimam.
1731 964 1803 996 Alio

1026 1019 1121 1049 modo
1143 1019 1298 1060 accipitur
1314 1018 1509 1059 profunditas
1525 1018 1640 1048 inferni
1657 1019 1804 1058 respectu

1025 1072 1142 1103 inferni
1158 1073 1214 1112 qui
1236 1074 1282 1104 est
1306 1081 1403 1112 supra
1417 1074 1548 1108 terram,
1567 1071 1648 1102 sicut
1658 1073 1803 1111 respectu

1026 1126 1107 1156 aeris
1124 1126 1303 1165 caliginosi,
1320 1126 1374 1165 qui
1387 1127 1433 1155 cst
1444 1125 1587 1155 infernus
1602 1124 1801 1163 daemonum,

1025 1179 1081 1219 qui
1101 1179 1217 1210 dicitur
1235 1178 1413 1219 profundus
1431 1179 1578 1217 respectu
1601 1178 1671 1208 coeli
1694 1187 1803 1218 empy-

1025 1231 1070 1263 rei
1095 1242 1102 1263 :
1124 1232 1215 1263 locus
1235 1240 1313 1262 vero
1337 1233 1430 1262 terrae
1454 1230 1569 1261 dicitur
1593 1230 1800 1270 profundi0r;

1024 1285 1114 1316 locus
1144 1294 1222 1316 vero
1251 1285 1334 1315 infra
1362 1286 1481 1315 terram
1509 1285 1655 1324 respectu
1683 1283 1802 1315 horum

1025 1339 1141 1369 dicitur
1156 1337 1433 1379 profundissimus.
1450 1337 1487 1368 Et
1502 1337 1563 1368 hoc
1577 1336 1671 1368 modo
1681 1337 1803 1369 dicebat

1024 1392 1082 1424 ι1011
1097 1402 1130 1424 se
1145 1393 1182 1425 in
1194 1391 1490 1432 profundissimum
1502 1391 1668 1431 infernum
1678 1391 1804 1423 descen-

1025 1455 1149 1477 surum.

1065 1501 1094 1530 ⁶2.
1112 1498 1150 1529 Et
1167 1507 1224 1538 per
1236 1498 1298 1529 hoc
1314 1499 1400 1538 patet
1414 1497 1579 1538 responsio
1593 1497 1633 1528 ad
1653 1506 1800 1538 sequens.

1026 1551 1115 1589 Quod
1130 1551 1217 1582 enim
1231 1552 1366 1583 dicitur:
1386 1552 1518 1584 Eruistz'
1538 1552 1682 1584 animam
1702 1559 1802 1583 meam

1026 1613 1067 1637 ea·
1091 1605 1220 1644 inferno
1244 1605 1417 1644 inferiori,
1433 1605 1494 1636 hoc
1516 1605 1633 1636 dicitur
1656 1605 1802 1644 respectu

1024 1659 1126 1699 ipsius
1139 1661 1244 1696 terrae,
1262 1660 1406 1698 respectu
1423 1658 1517 1698 cujus
1528 1658 1673 1689 infernus
1687 1657 1740 1689 ille
1752 1657 1802 1688 di-

1024 1713 1107 1743 citur
1119 1711 1259 1749 inferior,
1278 1720 1345 1742 non
1359 1713 1466 1742 autem
1477 1713 1622 1752 respectu
1635 1712 1735 1742 status
1749 1710 1800 1742 111-

1024 1766 1117 1804 ferni,
1144 1765 1220 1806 quia
1242 1764 1277 1796 in
1301 1767 1390 1805 parte
1412 1764 1554 1796 inferiori
1578 1765 1668 1796 nulla
1686 1767 1733 1796 est
1746 1773 1799 1797 re-

1023 1819 1175 1860 demptio.

1064 1875 1093 1904 3.
1119 1873 1167 1904 Ad
1187 1871 1265 1903 illud
1283 1871 1369 1912 quod
1392 1870 1541 1911 objicitur
1560 1871 1598 1903 de
1620 1871 1737 1911 Glossa,
1753 1872 1798 1904 di-

1022 1928 1160 1959 cendum
1181 1927 1268 1968 quod
1298 1926 1405 1958 Glossa
1431 1925 1486 1956 illa
1507 1924 1582 1957 satis
1608 1927 1654 1957 est
1674 1926 1799 1967 impro-

1022 1981 1092 2022 pria
1108 1992 1116 2013 2
1133 1983 1233 2021 potest
1250 1982 1357 2011 tamen
1381 1979 1498 2020 exponi
1522 1979 1557 2010 ut
1570 1988 1627 2019 per
1638 1979 1699 2011 hoc
1713 1979 1799 2020 quod

1023 2037 1149 2074 dicitur,
1174 2048 1189 2067 <1
1202 2036 1296 2068 Nulla
1318 2045 1372 2067 eos
1392 2035 1609 2067 misericordia
1627 2035 1797 2076 refrigera-

1022 2091 1086 2129 bat,
1105 2101 1120 2120 ι)
1139 2099 1205 2122 11011
1229 2090 1426 2130 intelligatur
1446 2089 1535 2120 locus
1556 2088 1671 2121 inferni
1692 2098 1799 2130 quan-

1022 2145 1093 2175 tum
1117 2144 1157 2175 ad
1181 2145 1305 2184 partem
1326 2143 1415 2174 illam
1438 2142 1496 2174 11111
1518 2144 1610 2175 erant
1628 2142 1797 2182 liberandi,

1022 2198 1077 2229 sed
1101 2199 1260 2238 quantum
1292 2197 1332 2228 ad
1357 2197 1482 2237 partem
1507 2196 1595 2227 illam
1623 2196 1680 2228 ubi
1707 2198 1799 2228 erant

1022 2261 1088 2283 non
1115 2250 1294 2290 liberandi,
1320 2250 1411 2291 quasi
1436 2250 1520 2282 dicat
1549 2261 1557 2282 t
1583 2249 1696 2282 Emisit
1723 2250 1798 2282 vin-

1023 2307 1088 2337 ctos
1114 2305 1152 2336 de
1176 2304 1313 2343 inferno,
1333 2304 1391 2335 ubi
1413 2305 1504 2335 erant
1524 2304 1694 2345 compediti
1720 2312 1796 2335 cum

1023 2359 1126 2399 malis,
1144 2368 1224 2400 quos
1238 2358 1356 2390 scilicet
1370 2357 1470 2389 malos
1486 2357 1575 2389 nulla
1589 2357 1799 2397 refrigerabat

1022 2412 1247 2445 misericordia.
1273 2411 1380 2443 Potest
1403 2411 1500 2442 etiam
1514 2410 1563 2442 vis
1583 2410 1654 2441 fieri
1676 2410 1709 2441 in
1722 2409 1796 2450 hoc,

1022 2466 1108 2508 quod
1128 2466 1244 2498 dicitur
1271 2464 1497 2497 misericordia
1511 2474 1522 2494 :
1539 2464 1616 2504 quia
1637 2464 1673 2495 in
1697 2463 1797 2496 limbo

1021 2529 1088 2552 non
1109 2521 1177 2552 erat
1208 2518 1426 2550 misericordia
1452 2517 1612 2556 liberans,
1644 2517 1798 2558 quamvis

1022 2576 1104 2607 esset
1119 2573 1334 2605 misericordia
1348 2572 1494 2603 relaxans
1510 2579 1518 2602 :
1535 2573 1566 2602 et
1582 2570 1621 2602 de
1635 2570 1691 2602 illa
1705 2570 1797 2602 mise-

1021 2627 1157 2660 ricordia
1170 2627 1371 2667 intelligitur,
1386 2634 1453 2656 non
1467 2624 1506 2656 de
1520 2624 1592 2656 alia.

1063 2683 1094 2714 4.
1107 2681 1154 2714 Ad
1170 2680 1247 2712 illud
1262 2679 1347 2721 quod
1363 2678 1522 2719 objicitur,
1539 2679 1625 2720 quod
1639 2679 1666 2712 si
1680 2679 1796 2722 eripuit
