2017 2960
684 180 782 213 DIST.
805 179 886 212 XIII.
910 178 1001 212 ART.
1025 179 1064 211 11.
1088 179 1237 218 QUAEST.
1259 181 1298 213 11.

183 251 258 282 dum
275 259 371 290 quem
386 249 491 280 anima
507 251 552 279 est
570 249 631 279 Deo
647 249 759 279 similis
773 250 803 279 et
818 250 955 287 accepta.

183 304 242 334 Sed
266 303 370 342 gratia
391 302 520 332 unionis
545 302 660 332 (11011111
680 301 854 341 tripliciter,
878 301 959 330 sicut

181 357 371 397 praedictum
390 355 451 385 fuit
473 364 570 395 supra
587 364 593 384 :
610 364 676 385 uno
700 363 839 394 namque
864 354 957 385 modo

181 410 296 440 dicitur
322 409 425 448 gratia
447 409 577 438 unionis
598 408 704 447 gratia
726 408 843 438 faciens
863 407 956 438 unio-

179 471 271 498 nem,
300 464 330 492 01
355 462 398 491 510
422 461 565 491 nominat
599 461 743 491 divinam
769 461 955 499 essentiam,

179 525 251 556 quae
267 516 332 546 50111
350 518 396 545 051
414 515 497 545 111105
513 515 641 545 unionis
656 524 768 551 causa3
786 514 847 544 alio
862 514 956 544 modo

179 569 284 608 gratia
306 568 434 599 unionis
457 568 574 598 dicitur
602 568 706 606 gratia
729 566 899 606 disponens
919 566 958 597 ad

179 622 332 653 unionem
348 622 386 652 de
408 630 566 660 congruo,
586 623 616 651 et
631 620 675 650 510
689 620 833 650 nominat
854 619 956 659 quali-

179 677 275 706 tatem
301 677 458 713 creatam,
490 674 608 704 50111001
643 673 789 703 habitum
820 672 954 709 animae3

178 729 270 759 tertio
282 729 376 759 modo
387 728 502 758 dicitur
517 727 619 765 gratia
634 726 772 763 unionis,
786 726 817 756 id
831 728 876 756 est
891 726 958 765 ipsa

178 782 256 812 unio
274 782 373 821 gratis
387 782 478 817 facta,
495 783 523 811 ct
540 781 584 810 510
599 779 745 810 nominat
759 779 861 818 ipsam
876 779 959 809 rela-

178 835 309 865 tionem.
336 834 518 865 Secundum
550 834 611 864 1100
644 833 738 864 etiam
772 833 956 871 intelligen-

178 888 266 925 dum,
289 888 374 928 quod
398 888 501 927 gratia
522 887 632 927 capitis
653 889 755 927 potest
781 887 830 917 his
854 887 958 917 11111115

179 943 280 973 modis
303 943 401 982 accipi
428 953 434 972 ε
459 951 524 972 0110
553 942 647 972 modo
666 942 768 980 potest
788 940 957 971 nominare

179 995 371 1035 principium
387 995 568 1025 effectivum
592 1003 703 1024 sensus
726 996 756 1024 et
777 996 883 1024 motus
898 994 958 1033 spi—

179 1048 302 1079 ritualis
324 1049 357 1078 in
380 1048 531 1078 membris
557 1047 687 1085 Christi,
705 1049 735 1077 et
756 1047 799 1077 510
814 1047 959 1078 nominat

178 1101 283 1141 ipsum
299 1101 410 1138 Deum,
427 1104 457 1131 et
474 1110 529 1140 per
548 1101 840 1140 appropriationem
855 1100 958 1139 Spiri-

179 1156 248 1185 tum
272 1156 438 1191 sanctum;
462 1154 526 1184 alio
550 1154 644 1184 modo
666 1154 811 1184 nominat
832 1154 956 1193 ipsum,

179 1208 263 1247 quod
278 1208 414 1247 disponit
429 1216 484 1247 per
500 1207 633 1237 modum
654 1207 759 1237 meriti
780 1209 810 1238 et
830 1216 955 1246 praepa-

178 1261 311 1292 rationis
325 1261 363 1291 ad
379 1261 582 1291 influentiam
602 1263 706 1291 motus
720 1262 750 1290 et
764 1270 873 1291 sensus
887 1269 958 1291 res-

178 1317 271 1355 pectu
304 1315 474 1354 cujuslibet
500 1314 653 1352 membri,
677 1316 707 1344 et
739 1314 783 1344 sic
812 1314 959 1345 nominat

179 1368 325 1398 habitum
341 1368 456 1398 animae
479 1367 610 1405 Christi,
627 1377 684 1407 [101
700 1377 795 1407 quem
817 1367 957 1398 Christus

179 1422 271 1452 nobis
284 1421 420 1458 meruit;
438 1421 531 1451 tertio
547 1421 641 1451 modo
659 1421 763 1459 gratia
780 1420 890 1460 capitis
904 1430 959 1460 po—

181 1477 239 1505 test
261 1475 323 1506 dici
353 1475 421 1514 ipsa
449 1474 591 1513 gratuita
615 1474 834 1513 praesidentia,
861 1483 958 1513 quam

180 1528 263 1558 Deus
277 1528 377 1567 gratis
391 1527 476 1566 fecit,
493 1528 571 1558 (10111
594 1527 734 1557 Verbum
754 1536 850 1557 suum
868 1527 959 1557 nobis

181 1582 372 1621 praeposuit,
396 1582 477 1612 sicut
497 1583 591 1620 caput
616 1580 777 1611 membris.
805 1580 960 1610 Omnibus

181 1635 230 1665 1115
245 1635 346 1665 modis
361 1635 393 1664 in
410 1634 543 1665 diversis
558 1636 743 1664 sanctorum
762 1633 958 1663 auctoritati-

183 1689 242 1718 bus
267 1690 297 1718 et
320 1688 435 1727 glossis
459 1688 624 1719 invenitur
648 1687 752 1726 gratia
774 1686 885 1726 capitis
910 1696 960 1717 ac—

181 1741 253 1781 cipi.
271 1741 303 1772 Si
321 1750 398 1781 ergo
414 1741 517 1780 gratia
531 1740 643 1780 capitis
663 1742 694 1770 et
708 1740 837 1770 unionis
850 1739 958 1770 nomi—

181 1797 235 1825 nat
251 1795 444 1835 principium
462 1794 643 1825 effectivum
657 1794 743 1824 illius
758 1794 960 1833 conjunctio-

181 1849 242 1887 nis,
259 1851 289 1879 01
302 1851 420 1880 nostrae
434 1847 690 1879 sanctificationis
709 1847 898 1887 spiritualis,
916 1847 959 1878 510

182 1903 212 1931 01
225 1901 311 1931 idem
326 1901 485 1939 nominat,
503 1903 533 1931 et
551 1901 636 1932 idem
651 1902 726 1931 sunt
740 1902 898 1940 quantum
920 1900 959 1930 ad

182 1954 356 1994 principale
376 1954 609 1993 significatum,
633 1954 749 1984 50111001
772 1953 839 1992 ipse
858 1953 958 1990 Deus,

183 2009 214 2038 et
229 2007 367 2047 Spiritus
385 2010 511 2038 sanctus
528 2018 534 2037 :
552 2010 583 2037 et
602 2009 647 2037 est
662 2006 839 2037 differentia
855 2005 959 2036 solum

183 2063 340 2100 quantum
356 2061 393 2091 ad
410 2062 617 2091 connotatum
635 2071 642 2090 ε
659 2061 734 2099 quia
748 2059 852 2098 gratia
866 2059 961 2090 unio-

183 2114 233 2144 nis
247 2116 397 2145 connotat
418 2114 568 2145 ess'ectum
587 2113 670 2144 circa
686 2113 867 2149 Christum3
885 2121 961 2151 gra-

183 2167 228 2198 tia
243 2167 353 2207 capitis
365 2191 373 2205 ‚
390 2167 540 2198 effectum
554 2166 636 2196 circa
651 2166 796 2196 membra
820 2165 934 2196 Christi
952 2175 958 2195 :

184 2223 215 2251 et
229 2221 381 2252 differunt
401 2230 419 2251 a
434 2220 537 2260 gratia
552 2220 724 2259 singularis
738 2228 882 2259 personae
893 2243 900 2257 ,
919 2218 962 2249 si-

185 2276 238 2306 001
250 2275 426 2306 increatum
441 2284 458 2305 a
471 2276 586 2310 creato,
610 2273 691 2304 sicut
707 2273 814 2304 divina
829 2273 963 2304 essentia

186 2328 225 2357 ab
246 2327 358 2358 habitu
381 2327 506 2367 gratiae,
533 2336 630 2368 quem
652 2326 802 2356 infundit.
829 2326 862 2356 Si
886 2335 962 2356 vero

187 2381 307 2412 dicatur
325 2381 429 2421 gratia
445 2380 587 2417 unionis,
611 2382 641 2410 01
657 2380 785 2420 capitis,
802 2379 870 2419 ipsa
884 2379 963 2410 unio

161 2431 164 2434 ’
188 2435 342 2473 gratuita,
368 2437 399 2465 et
419 2433 639 2474 praesi(lentia;
663 2433 707 2463 510
732 2434 808 2463 511111
830 2433 964 2464 diversae

189 2487 355 2518 relationes
367 2490 398 2518 et
411 2487 673 2527 comparationes,
689 2495 762 2526 quae
777 2488 884 2516 tamen
899 2495 965 2516 non

189 2542 265 2572 sunt
279 2541 417 2571 fundatae
436 2550 531 2580 super
553 2540 655 2577 aliud,
673 2542 703 2570 et
717 2539 806 2570 aliud
818 2563 826 2578 ,
843 2540 897 2570 sed
911 2549 966 2570 su-

190 2603 246 2635 per
258 2594 354 2625 idem.
371 2593 474 2625 Homo
489 2593 574 2624 enim
591 2593 643 2624 ille
664 2602 701 2624 eo
720 2593 788 2633 ipso
810 2595 856 2623 est
872 2594 967 2632 caput

190 2648 326 2679 aliorum
341 2646 525 2685 hominum,
547 2655 612 2686 quo
636 2648 682 2677 est
694 2645 797 2677 Verbo
817 2645 871 2676 Dei
890 2646 966 2676 uni-

372 2709 446 2732 του.
467 2708 511 2732 ιν.

1731 186 1790 216 289

1012 249 1074 278 tus.
1093 248 1130 278 Et
1154 249 1213 279 1100
1234 249 1328 279 modo
1350 248 1455 279 differt
1474 250 1579 288 gratia
1600 250 1744 289 unionis,
1760 254 1791 283 et

1013 301 1139 340 capitis,
1163 311 1182 332 a
1203 302 1307 340 gratia
1331 302 1503 341 singularis
1527 312 1686 342 personae⁷
1710 304 1791 335 sicut

1012 354 1090 384 illud
1105 355 1143 385 ad
1159 355 1242 394 quod
1260 355 1425 386 ordinatur
1442 356 1614 396 dispositio,
1629 357 1734 387 differt
1750 358 1790 388 ab

1014 407 1081 447 ipso
1097 408 1281 447 disponente
1294 418 1301 439 :
1316 409 1420 447 gratia
1436 410 1523 440 enim
1535 410 1709 449 singularis
1723 420 1791 450 per-

1014 470 1100 490 50010
1119 470 1176 491 sua
1194 462 1383 501 perfectione
1402 463 1505 493 reddit
1530 463 1616 493 illam
1640 465 1790 495 naturam

1014 514 1160 544 idoneam
1185 517 1220 545 ut
1239 515 1298 545 Deo
1313 516 1455 555 uniatur,
1472 527 1507 547 ac
1523 527 1579 557 per
1592 517 1654 547 hoc
1669 518 1792 548 caeteris

1014 568 1129 597 sanctis
1144 568 1352 607 praeficiatur,
1376 570 1453 600 sicut
1470 573 1564 610 caput
1578 571 1741 601 membris.
1759 570 1791 601 Si

1014 630 1090 651 vero
1106 621 1210 659 gratia
1222 621 1361 660 unionis,
1383 625 1413 653 et
1426 624 1546 662 capitis,
1565 624 1686 655 dicatur
1700 624 1792 654 habi-

1014 676 1065 704 tus
1080 675 1250 714 disponens
1265 676 1304 706 ad
1320 676 1485 714 unionem,
1502 679 1533 707 01
1547 677 1683 709 aliorum
1699 687 1791 708 sanc-

1014 728 1230 765 tificationem,
1244 729 1327 759 sicut
1339 730 1443 768 gratia
1457 730 1632 769 singularis
1646 740 1790 770 personae

1015 781 1131 812 dicitur
1147 782 1276 812 habitus
1290 783 1407 813 faciens
1422 783 1538 814 animae
1553 786 1584 814 et
1598 784 1654 815 Dei
1669 785 1790 815 assimi-

1014 834 1181 873 lationem3
1199 835 1260 866 hoc
1279 837 1373 867 modo
1395 837 1454 867 ista
1474 838 1591 877 triplex
1605 838 1709 876 gratia
1727 848 1793 870 non

1014 889 1060 917 est
1091 888 1206 927 triplex
1237 889 1358 920 ratione
1383 890 1574 921 diversitatis
1600 891 1791 931 habituum,

1014 940 1067 971 sed
1084 941 1205 971 ratione
1227 942 1361 973 diversae
1384 944 1629 983 comparationis
1650 945 1793 984 ejusdem

1014 994 1151 1025 habitus.
1174 994 1252 1025 Nam
1269 995 1320 1026 ille
1335 996 1461 1027 habitus
1476 997 1592 1027 dicitur
1608 997 1712 1035 gratia
1732 997 1794 1028 sin-

1015 1047 1138 1086 gularis
1161 1057 1326 1087 personae,
1355 1049 1388 1079 in
1414 1052 1571 1089 quantum
1593 1050 1730 1090 disponit
1754 1051 1795 1082 ad

1014 1101 1068 1132 Dei
1084 1102 1356 1141 assimilationem,
1374 1105 1405 1134 et
1421 1103 1452 1133 in
1468 1105 1627 1143 quantum
1642 1105 1716 1134 facit
1729 1104 1795 1135 ani-

1015 1164 1101 1185 mam
1123 1156 1310 1186 deiformem
1329 1167 1335 1186 :
1353 1158 1383 1186 01
1404 1166 1459 1196 [101
1482 1157 1543 1187 1100
1567 1160 1796 1197 consequenter

1015 1209 1153 1248 disponit
1167 1209 1205 1239 ad
1225 1209 1379 1240 unionem
1397 1210 1611 1249 personalem,
1629 1213 1660 1241 et
1679 1211 1796 1243 dicitur

1015 1262 1119 1300 gratia
1139 1262 1269 1292 unionis
1285 1273 1290 1292 :
1311 1265 1341 1292 01
1355 1265 1585 1302 consequenter
1600 1273 1656 1303 per
1669 1264 1730 1294 1100
1744 1264 1796 1305 ip-

1015 1324 1088 1345 sum
1104 1315 1242 1354 disponit
1256 1315 1295 1345 ad
1310 1315 1556 1346 redundantiam
1572 1317 1639 1348 sive
1657 1317 1797 1348 influen-

1014 1368 1092 1399 tiam
1118 1371 1223 1399 motus
1248 1371 1278 1399 et
1303 1378 1416 1399 500505
1446 1370 1481 1399 10
1506 1372 1620 1400 caetera
1652 1372 1797 1404 membra

1016 1422 1128 1453 Christi
1147 1433 1153 1453 z
1180 1425 1210 1453 et
1227 1423 1271 1452 510
1294 1423 1409 1453 (licitur
1431 1424 1534 1461 gratia
1555 1424 1674 1464 capitis.
1693 1425 1731 1455 Et
1753 1425 1797 1457 sic

1015 1478 1100 1515 patet
1115 1477 1200 1515 quod
1216 1476 1319 1515 gratia
1334 1477 1444 1516 capitis
1454 1501 1461 1515 ,
1479 1477 1510 1507 in
1526 1480 1685 1517 quantum
1707 1479 1796 1509 habi-

1015 1530 1078 1567 tus,
1094 1538 1160 1559 non
1176 1528 1281 1559 differt
1294 1539 1313 1559 a
1325 1530 1427 1568 gratia
1446 1530 1621 1569 singularis
1636 1541 1793 1571 personae,

1017 1582 1067 1612 vel
1084 1582 1230 1621 unionis,
1247 1583 1423 1613 seeundum
1444 1583 1614 1614 habituum
1633 1585 1796 1617 diversita-

1016 1637 1092 1672 tem,
1116 1635 1169 1666 sed
1193 1636 1371 1666 secundum
1393 1637 1663 1676 comparationem
1685 1638 1796 1669 multi-

1016 1688 1140 1728 plicem.
1162 1688 1250 1719 Unde
1265 1689 1475 1720 concedendae
1498 1692 1573 1721 5001
1596 1691 1735 1723 rationes
1757 1691 1797 1723 ad

1016 1741 1099 1772 hanc
1112 1747 1244 1781 partem.

1058 1800 1086 1826 11.
1107 1796 1151 1826 Ad
1171 1796 1249 1826 illud
1272 1805 1350 1835 ergo
1370 1797 1456 1836 quod
1479 1797 1583 1836 primo
1601 1798 1750 1838 oincitur
1764 1799 1797 1831 10

1017 1848 1233 1886 contrarium,
1250 1849 1336 1888 quod
1353 1849 1385 1879 10
1402 1849 1525 1880 Christo
1548 1851 1679 1890 ponitur
1693 1852 1797 1891 gratia

1017 1902 1195 1932 secundum
1211 1902 1367 1941 triplicem
1384 1903 1608 1941 differentiam,
1625 1904 1797 1936 dicendum

1017 1955 1101 1994 quod
1124 1955 1177 1986 illa
1199 1956 1313 1987 divisio
1335 1965 1401 1986 non
1420 1959 1466 1987 est
1489 1957 1561 1988 data
1584 1967 1680 1997 penes
1704 1958 1798 1989 diffe-

1017 2008 1153 2038 rentiam
1175 2008 1288 2047 gratiae
1318 2012 1476 2048 quantum
1507 2010 1545 2041 ad
1582 2011 1797 2043 diversitatem

1018 2061 1200 2098 habituum,
1227 2062 1280 2092 sed
1316 2065 1475 2102 quantum
1508 2064 1548 2094 ad
1581 2065 1797 2096 diversitatem

1019 2115 1295 2154 comparationum
1319 2118 1413 2155 atque
1435 2119 1649 2156 respectuum,
1668 2119 1735 2150 sive
1757 2119 1798 2149 ef-

1018 2168 1160 2198 fectuum
1191 2171 1421 2208 consequenter
1447 2178 1479 2200 50
1507 2170 1716 2210 habentium,
1741 2171 1798 2212 qui

1019 2230 1084 2251 0011
1099 2221 1533 2254 diversificantessentialiter
1546 2224 1686 2256 habitus.

1061 2275 1089 2303 2.
1118 2273 1166 2303 Ad
1190 2272 1268 2303 illud
1290 2272 1375 2312 quod
1399 2273 1566 2313 objicitur,
1591 2276 1674 2314 quod
1695 2275 1799 2314 gratia

1021 2326 1131 2365 capitis
1144 2327 1412 2366 communicatur,
1434 2328 1605 2359 dicendum
1626 2329 1712 2369 quod
1726 2338 1799 2368 gra-

1021 2378 1065 2408 tia
1091 2379 1200 2418 capitis
1222 2389 1288 2410 non
1311 2381 1356 2410 510
1379 2382 1634 2412 communicatur
1657 2382 1741 2419 aliis,
1764 2383 1799 2413 ut

1022 2432 1067 2462 eis
1089 2432 1128 2462 sit
1148 2433 1252 2471 gratia
1275 2433 1404 2473 capitis3
1421 2435 1474 2465 sed
1489 2435 1552 2473 sic,
1570 2437 1606 2465 ut
1626 2435 1800 2466 efficaciam

1022 2484 1137 2516 habeat
1160 2486 1242 2516 circa
1265 2486 1344 2517 alios
1364 2497 1370 2517 :
1394 2489 1424 2517 et
1446 2487 1507 2518 hoc
1529 2488 1658 2527 quidem
1680 2489 1801 2529 absque

1023 2538 1119 2570 dubio
1143 2540 1294 2580 competit
1316 2540 1429 2579 gratiae
1448 2541 1622 2579 singularis
1642 2550 1799 2580 personae,

1024 2595 1055 2624 et
1068 2592 1214 2631 unionis,
1233 2593 1309 2633 quia
1330 2593 1452 2624 ratione
1467 2594 1536 2632 eJus
1552 2594 1646 2625 nobis
1664 2595 1803 2634 meruit,

1026 2647 1055 2676 01
1075 2655 1133 2686 pro
1148 2646 1240 2677 nobis
1254 2646 1416 2677 satisfecit.
1438 2646 1589 2684 Quamvis
1602 2649 1712 2680 autem
1726 2658 1806 2689 gra-

1628 2704 1667 2734 19
