<?xml version="1.0" encoding="UTF-8"?>
<!DOCTYPE html PUBLIC "-//W3C//DTD XHTML 1.0 Transitional//EN"
    "http://www.w3.org/TR/xhtml1/DTD/xhtml1-transitional.dtd">
<html xmlns="http://www.w3.org/1999/xhtml" xml:lang="en" lang="en">
 <head>
  <title>
</title>
<meta http-equiv="Content-Type" content="text/html;charset=utf-8" />
  <meta name='ocr-system' content='tesseract 3.04.00' />
  <meta name='ocr-capabilities' content='ocr_page ocr_carea ocr_par ocr_line ocrx_word'/>
</head>
<body>
  <div class='ocr_page' id='page_1' title='image "./operaomniasixtiv04bonauoft/operaomniasixtiv04bonauoft_0495.png"; bbox 0 0 2017 2960; ppageno 0'>
   <div class='ocr_carea' id='block_1_1' title="bbox 660 185 1287 225">
    <p class='ocr_par' dir='ltr' id='par_1_1' title="bbox 660 185 1287 225">
     <span class='ocr_line' id='line_1_1' title="bbox 660 185 1287 225; baseline 0.003 -7"><span class='ocrx_word' id='word_1_1' title='bbox 660 186 758 218; x_wconf 87' lang='lat' dir='ltr'>DIST.</span> <span class='ocrx_word' id='word_1_2' title='bbox 782 186 874 217; x_wconf 79' lang='lat' dir='ltr'><strong>XXII.</strong></span> <span class='ocrx_word' id='word_1_3' title='bbox 900 185 989 217; x_wconf 79' lang='lat' dir='ltr'>ART.</span> <span class='ocrx_word' id='word_1_4' title='bbox 1014 186 1037 218; x_wconf 90' lang='lat'>1.</span> <span class='ocrx_word' id='word_1_5' title='bbox 1062 186 1210 225; x_wconf 81' lang='lat' dir='ltr'>QUAEST.</span> <span class='ocrx_word' id='word_1_6' title='bbox 1235 187 1287 219; x_wconf 84' lang='lat' dir='ltr'>Vl.</span> 
     </span>
    </p>
   </div>
   <div class='ocr_carea' id='block_1_2' title="bbox 170 253 946 394">
    <p class='ocr_par' dir='ltr' id='par_1_2' title="bbox 170 253 946 394">
     <span class='ocr_line' id='line_1_2' title="bbox 170 253 945 295; baseline -0.006 -7"><span class='ocrx_word' id='word_1_7' title='bbox 170 257 210 288; x_wconf 88' lang='lat' dir='ltr'>ad</span> <span class='ocrx_word' id='word_1_8' title='bbox 226 257 375 288; x_wconf 85' lang='lat' dir='ltr'>inferiora</span> <span class='ocrx_word' id='word_1_9' title='bbox 391 264 490 295; x_wconf 84' lang='lat' dir='ltr'>:ergo</span> <span class='ocrx_word' id='word_1_10' title='bbox 506 264 570 286; x_wconf 93' lang='lat' dir='ltr'>non</span> <span class='ocrx_word' id='word_1_11' title='bbox 585 254 713 286; x_wconf 86' lang='lat' dir='ltr'>videtur</span> <span class='ocrx_word' id='word_1_12' title='bbox 727 253 812 294; x_wconf 89' lang='lat' dir='ltr'>quod</span> <span class='ocrx_word' id='word_1_13' title='bbox 827 253 945 284; x_wconf 84' lang='lat' dir='ltr'>animae</span> 
     </span>
     <span class='ocr_line' id='line_1_3' title="bbox 170 306 946 348; baseline -0.004 -8"><span class='ocrx_word' id='word_1_14' title='bbox 170 311 354 340; x_wconf 84' lang='lat' dir='ltr'>sanctorum</span> <span class='ocrx_word' id='word_1_15' title='bbox 376 308 483 340; x_wconf 86' lang='lat' dir='ltr'>statim</span> <span class='ocrx_word' id='word_1_16' title='bbox 504 310 574 348; x_wconf 89' lang='lat' dir='ltr'>post</span> <span class='ocrx_word' id='word_1_17' title='bbox 593 309 729 339; x_wconf 88' lang='lat' dir='ltr'>mortem</span> <span class='ocrx_word' id='word_1_18' title='bbox 745 306 860 339; x_wconf 84' lang='lat' dir='ltr'>Christi</span> <span class='ocrx_word' id='word_1_19' title='bbox 874 315 946 347; x_wconf 87' lang='lat' dir='ltr'>per-</span> 
     </span>
     <span class='ocr_line' id='line_1_4' title="bbox 171 361 601 394; baseline -0.005 -1"><span class='ocrx_word' id='word_1_20' title='bbox 171 363 275 394; x_wconf 82' lang='lat' dir='ltr'>ductae</span> <span class='ocrx_word' id='word_1_21' title='bbox 288 362 405 393; x_wconf 83' lang='lat' dir='ltr'>suerint</span> <span class='ocrx_word' id='word_1_22' title='bbox 424 361 459 392; x_wconf 91' lang='lat' dir='ltr'>in</span> <span class='ocrx_word' id='word_1_23' title='bbox 474 361 601 392; x_wconf 82' lang='lat' dir='ltr'>coelum.</span> 
     </span>
    </p>
   </div>
   <div class='ocr_carea' id='block_1_3' title="bbox 443 481 670 514">
    <p class='ocr_par' dir='ltr' id='par_1_3' title="bbox 443 481 670 514">
     <span class='ocr_line' id='line_1_5' title="bbox 443 481 670 514; baseline -0.004 0"><span class='ocrx_word' id='word_1_24' title='bbox 443 481 670 514; x_wconf 90' lang='lat' dir='ltr'>CONCLUSIO.</span> 
     </span>
    </p>
   </div>
   <div class='ocr_carea' id='block_1_4' title="bbox 174 564 948 687">
    <p class='ocr_par' dir='ltr' id='par_1_4' title="bbox 174 564 948 687">
     <span class='ocr_line' id='line_1_6' title="bbox 174 564 948 600; baseline -0.004 -6"><span class='ocrx_word' id='word_1_25' title='bbox 174 566 283 594; x_wconf 79' lang='lat' dir='ltr'>Animae</span> <span class='ocrx_word' id='word_1_26' title='bbox 307 565 338 592; x_wconf 80' lang='lat' dir='ltr'>de</span> <span class='ocrx_word' id='word_1_27' title='bbox 365 566 473 599; x_wconf 74' lang='lat' dir='ltr'>inferno</span> <span class='ocrx_word' id='word_1_28' title='bbox 492 572 543 600; x_wconf 72' lang='lat' dir='ltr'>per</span> <span class='ocrx_word' id='word_1_29' title='bbox 566 565 700 592; x_wconf 75' lang='lat' dir='ltr'>Christwn</span> <span class='ocrx_word' id='word_1_30' title='bbox 727 564 864 599; x_wconf 76' lang='lat' dir='ltr'>liberatoe,</span> <span class='ocrx_word' id='word_1_31' title='bbox 894 572 948 592; x_wconf 83' lang='lat' dir='ltr'>non</span> 
     </span>
     <span class='ocr_line' id='line_1_7' title="bbox 207 609 948 643; baseline -0.001 -6"><span class='ocrx_word' id='word_1_32' title='bbox 207 611 301 637; x_wconf 82' lang='lat' dir='ltr'>statim</span> <span class='ocrx_word' id='word_1_33' title='bbox 325 611 354 636; x_wconf 82' lang='lat' dir='ltr'>z‘n</span> <span class='ocrx_word' id='word_1_34' title='bbox 377 610 470 636; x_wconf 83' lang='lat' dir='ltr'>caelum</span> <span class='ocrx_word' id='word_1_35' title='bbox 491 609 682 640; x_wconf 76' lang='lat' dir='ltr'>ascenderunt,</span> <span class='ocrx_word' id='word_1_36' title='bbox 705 610 828 643; x_wconf 80' lang='lat' dir='ltr'>quamvis</span> <span class='ocrx_word' id='word_1_37' title='bbox 853 610 948 636; x_wconf 77' lang='lat' dir='ltr'>statim</span> 
     </span>
     <span class='ocr_line' id='line_1_8' title="bbox 205 654 901 687; baseline -0.004 -5"><span class='ocrx_word' id='word_1_38' title='bbox 205 655 325 682; x_wconf 74' lang='lat' dir='ltr'>viderint</span> <span class='ocrx_word' id='word_1_39' title='bbox 341 654 427 681; x_wconf 75' lang='lat' dir='ltr'>lumen</span> <span class='ocrx_word' id='word_1_40' title='bbox 442 656 569 682; x_wconf 79' lang='lat' dir='ltr'>aeternum</span> <span class='ocrx_word' id='word_1_41' title='bbox 581 673 588 687; x_wconf 83' lang='lat'>,</span> <span class='ocrx_word' id='word_1_42' title='bbox 606 656 630 681; x_wconf 79' lang='lat' dir='ltr'>et</span> <span class='ocrx_word' id='word_1_43' title='bbox 647 654 729 681; x_wconf 69' lang='lat' dir='ltr'>beatoe</span> <span class='ocrx_word' id='word_1_44' title='bbox 741 655 822 687; x_wconf 80' lang='lat' dir='ltr'>factoe</span> <span class='ocrx_word' id='word_1_45' title='bbox 836 654 901 680; x_wconf 81' lang='lat' dir='ltr'>sint.</span> 
     </span>
    </p>
   </div>
   <div class='ocr_carea' id='block_1_5' title="bbox 172 733 964 2218">
    <p class='ocr_par' dir='ltr' id='par_1_5' title="bbox 172 733 964 2218">
     <span class='ocr_line' id='line_1_9' title="bbox 213 733 950 775; baseline -0.004 -9"><span class='ocrx_word' id='word_1_46' title='bbox 213 735 304 775; x_wconf 89' lang='lat' dir='ltr'>Resp.</span> <span class='ocrx_word' id='word_1_47' title='bbox 321 734 360 765; x_wconf 89' lang='lat' dir='ltr'>ad</span> <span class='ocrx_word' id='word_1_48' title='bbox 374 744 444 774; x_wconf 81' lang='lat' dir='ltr'>arg.</span> <span class='ocrx_word' id='word_1_49' title='bbox 460 733 635 765; x_wconf 78' lang='lat' dir='ltr'>Dicendum</span> <span class='ocrx_word' id='word_1_50' title='bbox 645 733 730 773; x_wconf 86' lang='lat' dir='ltr'>quod</span> <span class='ocrx_word' id='word_1_51' title='bbox 748 733 864 764; x_wconf 78' lang='lat' dir='ltr'>animae</span> <span class='ocrx_word' id='word_1_52' title='bbox 879 741 950 763; x_wconf 86' lang='lat' dir='ltr'>san-</span> 
     </span>
     <span class='ocr_line' id='line_1_10' title="bbox 173 787 947 828; baseline -0.004 -7"><span class='ocrx_word' id='word_1_53' title='bbox 173 791 298 821; x_wconf 85' lang='lat' dir='ltr'>ctornm</span> <span class='ocrx_word' id='word_1_54' title='bbox 313 798 378 820; x_wconf 89' lang='lat' dir='ltr'>non</span> <span class='ocrx_word' id='word_1_55' title='bbox 393 788 498 819; x_wconf 87' lang='lat' dir='ltr'>statim</span> <span class='ocrx_word' id='word_1_56' title='bbox 510 790 579 828; x_wconf 87' lang='lat' dir='ltr'>post</span> <span class='ocrx_word' id='word_1_57' title='bbox 594 789 730 818; x_wconf 87' lang='lat' dir='ltr'>mortem</span> <span class='ocrx_word' id='word_1_58' title='bbox 744 787 859 819; x_wconf 77' lang='lat' dir='ltr'>Christi</span> <span class='ocrx_word' id='word_1_59' title='bbox 874 796 947 828; x_wconf 89' lang='lat' dir='ltr'>per-</span> 
     </span>
     <span class='ocr_line' id='line_1_11' title="bbox 173 841 948 881; baseline -0.005 -6"><span class='ocrx_word' id='word_1_60' title='bbox 173 844 277 875; x_wconf 84' lang='lat' dir='ltr'>ductae</span> <span class='ocrx_word' id='word_1_61' title='bbox 298 844 374 874; x_wconf 90' lang='lat' dir='ltr'>sunt</span> <span class='ocrx_word' id='word_1_62' title='bbox 397 842 430 872; x_wconf 90' lang='lat' dir='ltr'>in</span> <span class='ocrx_word' id='word_1_63' title='bbox 455 841 571 872; x_wconf 85' lang='lat' dir='ltr'>coelum</span> <span class='ocrx_word' id='word_1_64' title='bbox 594 842 751 881; x_wconf 89' lang='lat' dir='ltr'>quantum</span> <span class='ocrx_word' id='word_1_65' title='bbox 766 841 806 871; x_wconf 89' lang='lat' dir='ltr'>ad</span> <span class='ocrx_word' id='word_1_66' title='bbox 821 841 948 878; x_wconf 89' lang='lat' dir='ltr'>locum;</span> 
     </span>
     <span class='ocr_line' id='line_1_12' title="bbox 172 894 951 935; baseline -0.004 -8"><span class='ocrx_word' id='word_1_67' title='bbox 172 897 279 928; x_wconf 87' lang='lat' dir='ltr'>statim</span> <span class='ocrx_word' id='word_1_68' title='bbox 306 897 413 927; x_wconf 88' lang='lat' dir='ltr'>tamen</span> <span class='ocrx_word' id='word_1_69' title='bbox 437 897 507 935; x_wconf 81' lang='lat' dir='ltr'>post</span> <span class='ocrx_word' id='word_1_70' title='bbox 532 894 760 926; x_wconf 81' lang='lat' dir='ltr'>resolutionem</span> <span class='ocrx_word' id='word_1_71' title='bbox 788 894 905 925; x_wconf 80' lang='lat' dir='ltr'>animae</span> <span class='ocrx_word' id='word_1_72' title='bbox 931 903 951 924; x_wconf 91' lang='lat' dir='ltr'>a</span> 
     </span>
     <span class='ocr_line' id='line_1_13' title="bbox 172 949 950 991; baseline -0.004 -9"><span class='ocrx_word' id='word_1_73' title='bbox 172 960 304 991; x_wconf 84' lang='lat' dir='ltr'>corpore</span> <span class='ocrx_word' id='word_1_74' title='bbox 328 950 363 980; x_wconf 90' lang='lat' dir='ltr'>in</span> <span class='ocrx_word' id='word_1_75' title='bbox 384 949 499 981; x_wconf 81' lang='lat' dir='ltr'>Christi</span> <span class='ocrx_word' id='word_1_76' title='bbox 528 949 682 980; x_wconf 75' lang='lat' dir='ltr'>descensu</span> <span class='ocrx_word' id='word_1_77' title='bbox 705 949 745 980; x_wconf 88' lang='lat' dir='ltr'>ad</span> <span class='ocrx_word' id='word_1_78' title='bbox 768 949 886 980; x_wconf 79' lang='lat' dir='ltr'>inferos</span> <span class='ocrx_word' id='word_1_79' title='bbox 901 949 950 980; x_wconf 91' lang='lat' dir='ltr'>vi-</span> 
     </span>
     <span class='ocr_line' id='line_1_14' title="bbox 172 1002 950 1041; baseline -0.003 -6"><span class='ocrx_word' id='word_1_80' title='bbox 172 1003 288 1035; x_wconf 87' lang='lat' dir='ltr'>derunt</span> <span class='ocrx_word' id='word_1_81' title='bbox 297 1003 407 1034; x_wconf 85' lang='lat' dir='ltr'>lumen</span> <span class='ocrx_word' id='word_1_82' title='bbox 420 1004 590 1040; x_wconf 76' lang='lat' dir='ltr'>aeternum,</span> <span class='ocrx_word' id='word_1_83' title='bbox 602 1004 631 1033; x_wconf 90' lang='lat' dir='ltr'>et</span> <span class='ocrx_word' id='word_1_84' title='bbox 646 1002 747 1033; x_wconf 81' lang='lat' dir='ltr'>beatae</span> <span class='ocrx_word' id='word_1_85' title='bbox 763 1003 851 1033; x_wconf 81' lang='lat' dir='ltr'>factae</span> <span class='ocrx_word' id='word_1_86' title='bbox 864 1004 950 1041; x_wconf 89' lang='lat' dir='ltr'>sunt,</span> 
     </span>
     <span class='ocr_line' id='line_1_15' title="bbox 174 1056 952 1097; baseline -0.003 -9"><span class='ocrx_word' id='word_1_87' title='bbox 174 1059 205 1088; x_wconf 88' lang='lat' dir='ltr'>et</span> <span class='ocrx_word' id='word_1_88' title='bbox 225 1057 416 1097; x_wconf 79' lang='lat' dir='ltr'>patefactum</span> <span class='ocrx_word' id='word_1_89' title='bbox 441 1058 487 1087; x_wconf 90' lang='lat' dir='ltr'>est</span> <span class='ocrx_word' id='word_1_90' title='bbox 513 1056 629 1087; x_wconf 85' lang='lat' dir='ltr'>coelum</span> <span class='ocrx_word' id='word_1_91' title='bbox 656 1056 702 1087; x_wconf 89' lang='lat' dir='ltr'>eis</span> <span class='ocrx_word' id='word_1_92' title='bbox 725 1058 882 1096; x_wconf 81' lang='lat' dir='ltr'>quantuni</span> <span class='ocrx_word' id='word_1_93' title='bbox 913 1056 952 1086; x_wconf 88' lang='lat' dir='ltr'>ad</span> 
     </span>
     <span class='ocr_line' id='line_1_16' title="bbox 174 1110 952 1152; baseline -0.003 -10"><span class='ocrx_word' id='word_1_94' title='bbox 174 1111 361 1152; x_wconf 85' lang='lat' dir='ltr'>proemium.</span> <span class='ocrx_word' id='word_1_95' title='bbox 399 1110 487 1141; x_wconf 86' lang='lat' dir='ltr'>Unde</span> <span class='ocrx_word' id='word_1_96' title='bbox 519 1110 552 1140; x_wconf 91' lang='lat' dir='ltr'>in</span> <span class='ocrx_word' id='word_1_97' title='bbox 578 1110 647 1140; x_wconf 90' lang='lat' dir='ltr'>loco</span> <span class='ocrx_word' id='word_1_98' title='bbox 676 1110 773 1141; x_wconf 85' lang='lat' dir='ltr'>etiam</span> <span class='ocrx_word' id='word_1_99' title='bbox 801 1110 952 1141; x_wconf 84' lang='lat' dir='ltr'>infernali</span> 
     </span>
     <span class='ocr_line' id='line_1_17' title="bbox 173 1163 949 1204; baseline -0.005 -7"><span class='ocrx_word' id='word_1_100' title='bbox 173 1166 344 1198; x_wconf 80' lang='lat' dir='ltr'>existentes</span> <span class='ocrx_word' id='word_1_101' title='bbox 352 1164 537 1195; x_wconf 86' lang='lat' dir='ltr'>habuerunt</span> <span class='ocrx_word' id='word_1_102' title='bbox 547 1163 743 1204; x_wconf 79' lang='lat' dir='ltr'>paradisum,</span> <span class='ocrx_word' id='word_1_103' title='bbox 761 1166 791 1194; x_wconf 88' lang='lat' dir='ltr'>et</span> <span class='ocrx_word' id='word_1_104' title='bbox 806 1165 949 1203; x_wconf 85' lang='lat' dir='ltr'>apertam</span> 
     </span>
     <span class='ocr_line' id='line_1_18' title="bbox 174 1216 954 1259; baseline -0.005 -8"><span class='ocrx_word' id='word_1_105' title='bbox 174 1220 229 1252; x_wconf 89' lang='lat' dir='ltr'>Dei</span> <span class='ocrx_word' id='word_1_106' title='bbox 245 1219 413 1258; x_wconf 82' lang='lat' dir='ltr'>visionem,</span> <span class='ocrx_word' id='word_1_107' title='bbox 438 1227 512 1259; x_wconf 81' lang='lat' dir='ltr'>quae</span> <span class='ocrx_word' id='word_1_108' title='bbox 525 1227 591 1249; x_wconf 90' lang='lat' dir='ltr'>non</span> <span class='ocrx_word' id='word_1_109' title='bbox 607 1219 653 1248; x_wconf 88' lang='lat' dir='ltr'>est</span> <span class='ocrx_word' id='word_1_110' title='bbox 669 1217 755 1248; x_wconf 83' lang='lat' dir='ltr'>aliud</span> <span class='ocrx_word' id='word_1_111' title='bbox 772 1225 870 1256; x_wconf 89' lang='lat' dir='ltr'>quam</span> <span class='ocrx_word' id='word_1_112' title='bbox 887 1216 954 1247; x_wconf 86' lang='lat' dir='ltr'>vita</span> 
     </span>
     <span class='ocr_line' id='line_1_19' title="bbox 174 1269 954 1304; baseline -0.008 0"><span class='ocrx_word' id='word_1_113' title='bbox 174 1275 304 1304; x_wconf 68' lang='lat' dir='ltr'>aeterna·</span> <span class='ocrx_word' id='word_1_114' title='bbox 333 1272 418 1303; x_wconf 80' lang='lat' dir='ltr'>Licet</span> <span class='ocrx_word' id='word_1_115' title='bbox 450 1273 557 1302; x_wconf 87' lang='lat' dir='ltr'>autem</span> <span class='ocrx_word' id='word_1_116' title='bbox 586 1269 817 1301; x_wconf 81' lang='lat' dir='ltr'>beatitudinem</span> <span class='ocrx_word' id='word_1_117' title='bbox 847 1269 954 1299; x_wconf 85' lang='lat' dir='ltr'>statim</span> 
     </span>
     <span class='ocr_line' id='line_1_20' title="bbox 174 1323 955 1367; baseline -0.008 -9"><span class='ocrx_word' id='word_1_118' title='bbox 174 1328 245 1367; x_wconf 87' lang='lat' dir='ltr'>post</span> <span class='ocrx_word' id='word_1_119' title='bbox 270 1327 407 1357; x_wconf 90' lang='lat' dir='ltr'>mortem</span> <span class='ocrx_word' id='word_1_120' title='bbox 436 1324 551 1355; x_wconf 78' lang='lat' dir='ltr'>Christi</span> <span class='ocrx_word' id='word_1_121' title='bbox 578 1324 743 1362; x_wconf 77' lang='lat' dir='ltr'>haberent,</span> <span class='ocrx_word' id='word_1_122' title='bbox 762 1332 828 1353; x_wconf 88' lang='lat' dir='ltr'>non</span> <span class='ocrx_word' id='word_1_123' title='bbox 847 1323 955 1353; x_wconf 88' lang='lat' dir='ltr'>tamen</span> 
     </span>
     <span class='ocr_line' id='line_1_21' title="bbox 177 1377 954 1417; baseline -0.008 -6"><span class='ocrx_word' id='word_1_124' title='bbox 177 1382 282 1411; x_wconf 86' lang='lat' dir='ltr'>locum</span> <span class='ocrx_word' id='word_1_125' title='bbox 292 1379 498 1410; x_wconf 83' lang='lat' dir='ltr'>beatitudinis</span> <span class='ocrx_word' id='word_1_126' title='bbox 517 1377 624 1408; x_wconf 84' lang='lat' dir='ltr'>statim</span> <span class='ocrx_word' id='word_1_127' title='bbox 638 1377 760 1417; x_wconf 80' lang='lat' dir='ltr'>adeptae</span> <span class='ocrx_word' id='word_1_128' title='bbox 772 1377 862 1406; x_wconf 88' lang='lat' dir='ltr'>sunt:</span> <span class='ocrx_word' id='word_1_129' title='bbox 874 1384 954 1416; x_wconf 87' lang='lat' dir='ltr'>quo-</span> 
     </span>
     <span class='ocr_line' id='line_1_22' title="bbox 178 1429 958 1472; baseline -0.008 -8"><span class='ocrx_word' id='word_1_130' title='bbox 178 1433 265 1464; x_wconf 85' lang='lat' dir='ltr'>niam</span> <span class='ocrx_word' id='word_1_131' title='bbox 288 1433 354 1472; x_wconf 79' lang='lat' dir='ltr'>ipse</span> <span class='ocrx_word' id='word_1_132' title='bbox 379 1431 522 1463; x_wconf 88' lang='lat' dir='ltr'>Christus</span> <span class='ocrx_word' id='word_1_133' title='bbox 543 1431 652 1461; x_wconf 82' lang='lat' dir='ltr'>debuit</span> <span class='ocrx_word' id='word_1_134' title='bbox 676 1430 708 1460; x_wconf 92' lang='lat' dir='ltr'>in</span> <span class='ocrx_word' id='word_1_135' title='bbox 728 1429 878 1460; x_wconf 87' lang='lat' dir='ltr'>omnibus</span> <span class='ocrx_word' id='word_1_136' title='bbox 893 1429 958 1468; x_wconf 88' lang='lat' dir='ltr'>pri-</span> 
     </span>
     <span class='ocr_line' id='line_1_23' title="bbox 178 1482 957 1525; baseline -0.008 -8"><span class='ocrx_word' id='word_1_137' title='bbox 178 1488 302 1518; x_wconf 86' lang='lat' dir='ltr'>matum</span> <span class='ocrx_word' id='word_1_138' title='bbox 312 1487 432 1523; x_wconf 84' lang='lat' dir='ltr'>tenere,</span> <span class='ocrx_word' id='word_1_139' title='bbox 448 1487 479 1516; x_wconf 89' lang='lat' dir='ltr'>et</span> <span class='ocrx_word' id='word_1_140' title='bbox 493 1483 729 1525; x_wconf 82' lang='lat' dir='ltr'>primogenitus</span> <span class='ocrx_word' id='word_1_141' title='bbox 742 1492 809 1513; x_wconf 88' lang='lat' dir='ltr'>esse</span> <span class='ocrx_word' id='word_1_142' title='bbox 824 1482 857 1512; x_wconf 89' lang='lat' dir='ltr'>in</span> <span class='ocrx_word' id='word_1_143' title='bbox 872 1482 957 1512; x_wconf 86' lang='lat' dir='ltr'>mul-</span> 
     </span>
     <span class='ocr_line' id='line_1_24' title="bbox 177 1535 958 1578; baseline -0.008 -7"><span class='ocrx_word' id='word_1_144' title='bbox 177 1541 216 1571; x_wconf 89' lang='lat' dir='ltr'>tis</span> <span class='ocrx_word' id='word_1_145' title='bbox 231 1540 393 1577; x_wconf 74' lang='lat' dir='ltr'>fratribus,</span> <span class='ocrx_word' id='word_1_146' title='bbox 403 1541 557 1578; x_wconf 85' lang='lat' dir='ltr'>tanquam</span> <span class='ocrx_word' id='word_1_147' title='bbox 571 1539 664 1577; x_wconf 76' lang='lat' dir='ltr'>caput</span> <span class='ocrx_word' id='word_1_148' title='bbox 673 1537 831 1567; x_wconf 88' lang='lat' dir='ltr'>omnium.</span> <span class='ocrx_word' id='word_1_149' title='bbox 844 1535 958 1566; x_wconf 88' lang='lat' dir='ltr'>Resur-</span> 
     </span>
     <span class='ocr_line' id='line_1_25' title="bbox 178 1589 957 1630; baseline -0.009 -5"><span class='ocrx_word' id='word_1_150' title='bbox 178 1594 275 1626; x_wconf 84' lang='lat' dir='ltr'>rectio</span> <span class='ocrx_word' id='word_1_151' title='bbox 298 1595 406 1624; x_wconf 90' lang='lat' dir='ltr'>autem</span> <span class='ocrx_word' id='word_1_152' title='bbox 427 1592 552 1630; x_wconf 85' lang='lat' dir='ltr'>Christi,</span> <span class='ocrx_word' id='word_1_153' title='bbox 578 1593 607 1621; x_wconf 91' lang='lat' dir='ltr'>et</span> <span class='ocrx_word' id='word_1_154' title='bbox 622 1591 691 1630; x_wconf 82' lang='lat' dir='ltr'>ejus</span> <span class='ocrx_word' id='word_1_155' title='bbox 713 1589 874 1626; x_wconf 83' lang='lat' dir='ltr'>ascensio,</span> <span class='ocrx_word' id='word_1_156' title='bbox 898 1589 957 1619; x_wconf 81' lang='lat' dir='ltr'>dif-</span> 
     </span>
     <span class='ocr_line' id='line_1_26' title="bbox 177 1643 959 1686; baseline -0.009 -8"><span class='ocrx_word' id='word_1_157' title='bbox 177 1647 252 1678; x_wconf 86' lang='lat' dir='ltr'>ferri</span> <span class='ocrx_word' id='word_1_158' title='bbox 272 1646 381 1678; x_wconf 84' lang='lat' dir='ltr'>debuit</span> <span class='ocrx_word' id='word_1_159' title='bbox 403 1647 533 1686; x_wconf 84' lang='lat' dir='ltr'>propter</span> <span class='ocrx_word' id='word_1_160' title='bbox 556 1646 673 1675; x_wconf 81' lang='lat' dir='ltr'>nostrae</span> <span class='ocrx_word' id='word_1_161' title='bbox 697 1643 771 1673; x_wconf 85' lang='lat' dir='ltr'>fidei</span> <span class='ocrx_word' id='word_1_162' title='bbox 787 1643 959 1673; x_wconf 83' lang='lat' dir='ltr'>confirma-</span> 
     </span>
     <span class='ocr_line' id='line_1_27' title="bbox 178 1695 960 1732; baseline -0.008 -1"><span class='ocrx_word' id='word_1_163' title='bbox 178 1701 298 1732; x_wconf 84' lang='lat' dir='ltr'>tionem</span> <span class='ocrx_word' id='word_1_164' title='bbox 311 1710 317 1730; x_wconf 85' lang='lat'>:</span> <span class='ocrx_word' id='word_1_165' title='bbox 337 1699 404 1730; x_wconf 92' lang='lat' dir='ltr'>ideo</span> <span class='ocrx_word' id='word_1_166' title='bbox 422 1698 508 1729; x_wconf 87' lang='lat' dir='ltr'>enim</span> <span class='ocrx_word' id='word_1_167' title='bbox 522 1697 616 1728; x_wconf 88' lang='lat' dir='ltr'>dilata</span> <span class='ocrx_word' id='word_1_168' title='bbox 632 1697 693 1727; x_wconf 86' lang='lat' dir='ltr'>suit</span> <span class='ocrx_word' id='word_1_169' title='bbox 707 1695 910 1732; x_wconf 85' lang='lat' dir='ltr'>resurrectio,</span> <span class='ocrx_word' id='word_1_170' title='bbox 924 1697 960 1726; x_wconf 90' lang='lat' dir='ltr'>ut</span> 
     </span>
     <span class='ocr_line' id='line_1_28' title="bbox 179 1749 960 1792; baseline -0.008 -7"><span class='ocrx_word' id='word_1_171' title='bbox 179 1754 399 1785; x_wconf 87' lang='lat' dir='ltr'>ostenderetur</span> <span class='ocrx_word' id='word_1_172' title='bbox 421 1751 506 1792; x_wconf 85' lang='lat' dir='ltr'>quod</span> <span class='ocrx_word' id='word_1_173' title='bbox 535 1760 611 1782; x_wconf 89' lang='lat' dir='ltr'>vere</span> <span class='ocrx_word' id='word_1_174' title='bbox 642 1749 784 1780; x_wconf 88' lang='lat' dir='ltr'>Christus</span> <span class='ocrx_word' id='word_1_175' title='bbox 811 1751 960 1780; x_wconf 84' lang='lat' dir='ltr'>mortuus</span> 
     </span>
     <span class='ocr_line' id='line_1_29' title="bbox 179 1803 961 1842; baseline -0.006 -4"><span class='ocrx_word' id='word_1_176' title='bbox 179 1807 266 1838; x_wconf 87' lang='lat' dir='ltr'>furit.</span> <span class='ocrx_word' id='word_1_177' title='bbox 290 1807 328 1838; x_wconf 87' lang='lat' dir='ltr'>Et</span> <span class='ocrx_word' id='word_1_178' title='bbox 347 1806 417 1837; x_wconf 88' lang='lat' dir='ltr'>ideo</span> <span class='ocrx_word' id='word_1_179' title='bbox 442 1805 538 1836; x_wconf 86' lang='lat' dir='ltr'>etiam</span> <span class='ocrx_word' id='word_1_180' title='bbox 559 1805 655 1835; x_wconf 87' lang='lat' dir='ltr'>dilata</span> <span class='ocrx_word' id='word_1_181' title='bbox 677 1804 737 1835; x_wconf 77' lang='lat' dir='ltr'>fuit</span> <span class='ocrx_word' id='word_1_182' title='bbox 754 1803 906 1842; x_wconf 81' lang='lat' dir='ltr'>ascensio,</span> <span class='ocrx_word' id='word_1_183' title='bbox 923 1804 961 1834; x_wconf 89' lang='lat' dir='ltr'>ut</span> 
     </span>
     <span class='ocr_line' id='line_1_30' title="bbox 179 1857 960 1901; baseline -0.005 -9"><span class='ocrx_word' id='word_1_184' title='bbox 179 1869 237 1901; x_wconf 88' lang='lat' dir='ltr'>per</span> <span class='ocrx_word' id='word_1_185' title='bbox 263 1860 364 1891; x_wconf 86' lang='lat' dir='ltr'>multa</span> <span class='ocrx_word' id='word_1_186' title='bbox 388 1860 580 1899; x_wconf 80' lang='lat' dir='ltr'>argumenta</span> <span class='ocrx_word' id='word_1_187' title='bbox 607 1858 844 1894; x_wconf 82' lang='lat' dir='ltr'>ostenderetur,</span> <span class='ocrx_word' id='word_1_188' title='bbox 874 1857 960 1897; x_wconf 83' lang='lat' dir='ltr'>quod</span> 
     </span>
     <span class='ocr_line' id='line_1_31' title="bbox 181 1911 957 1951; baseline -0.004 -6"><span class='ocrx_word' id='word_1_189' title='bbox 181 1923 257 1945; x_wconf 86' lang='lat' dir='ltr'>vere</span> <span class='ocrx_word' id='word_1_190' title='bbox 271 1913 493 1951; x_wconf 85' lang='lat' dir='ltr'>resurrexerit,</span> <span class='ocrx_word' id='word_1_191' title='bbox 511 1912 689 1943; x_wconf 87' lang='lat' dir='ltr'>secundum</span> <span class='ocrx_word' id='word_1_192' title='bbox 704 1912 789 1951; x_wconf 79' lang='lat' dir='ltr'>quod</span> <span class='ocrx_word' id='word_1_193' title='bbox 804 1911 920 1942; x_wconf 87' lang='lat' dir='ltr'>dieitur</span> <span class='ocrx_word' id='word_1_194' title='bbox 936 1914 957 1942; x_wconf 87' lang='lat'>¹:</span> 
     </span>
     <span class='ocr_line' id='line_1_32' title="bbox 185 1965 959 2007; baseline -0.003 -8"><span class='ocrx_word' id='word_1_195' title='bbox 185 1967 324 2000; x_wconf 77' lang='lat' dir='ltr'>Proebuit</span> <span class='ocrx_word' id='word_1_196' title='bbox 337 1968 541 2007; x_wconf 76' lang='lat' dir='ltr'>semetipsum</span> <span class='ocrx_word' id='word_1_197' title='bbox 564 1967 599 1998; x_wconf 82' lang='lat' dir='ltr'>in</span> <span class='ocrx_word' id='word_1_198' title='bbox 620 1965 732 1998; x_wconf 78' lang='lat' dir='ltr'>multis</span> <span class='ocrx_word' id='word_1_199' title='bbox 750 1966 959 2006; x_wconf 55' lang='lat' dir='ltr'>arqumentzs,</span> 
     </span>
     <span class='ocr_line' id='line_1_33' title="bbox 183 2017 962 2062; baseline -0.006 -9"><span class='ocrx_word' id='word_1_200' title='bbox 183 2028 343 2062; x_wconf 72' lang='lat' dir='ltr'>appareres</span> <span class='ocrx_word' id='word_1_201' title='bbox 359 2021 415 2058; x_wconf 79' lang='lat' dir='ltr'>eis,</span> <span class='ocrx_word' id='word_1_202' title='bbox 434 2022 492 2051; x_wconf 83' lang='lat' dir='ltr'>etc.</span> <span class='ocrx_word' id='word_1_203' title='bbox 509 2019 668 2056; x_wconf 82' lang='lat' dir='ltr'>Quoniam</span> <span class='ocrx_word' id='word_1_204' title='bbox 688 2027 767 2058; x_wconf 81' lang='lat' dir='ltr'>ergo</span> <span class='ocrx_word' id='word_1_205' title='bbox 783 2018 873 2048; x_wconf 81' lang='lat' dir='ltr'>nulla</span> <span class='ocrx_word' id='word_1_206' title='bbox 892 2017 962 2049; x_wconf 85' lang='lat' dir='ltr'>ani-</span> 
     </span>
     <span class='ocr_line' id='line_1_34' title="bbox 184 2070 963 2105; baseline -0.005 0"><span class='ocrx_word' id='word_1_207' title='bbox 184 2084 237 2105; x_wconf 85' lang='lat' dir='ltr'>ma</span> <span class='ocrx_word' id='word_1_208' title='bbox 258 2074 293 2105; x_wconf 91' lang='lat' dir='ltr'>in</span> <span class='ocrx_word' id='word_1_209' title='bbox 317 2073 432 2104; x_wconf 84' lang='lat' dir='ltr'>coelum</span> <span class='ocrx_word' id='word_1_210' title='bbox 452 2072 562 2104; x_wconf 84' lang='lat' dir='ltr'>debuit</span> <span class='ocrx_word' id='word_1_211' title='bbox 583 2071 752 2102; x_wconf 87' lang='lat' dir='ltr'>ascendere</span> <span class='ocrx_word' id='word_1_212' title='bbox 774 2072 847 2102; x_wconf 85' lang='lat' dir='ltr'>ante</span> <span class='ocrx_word' id='word_1_213' title='bbox 877 2070 963 2102; x_wconf 89' lang='lat' dir='ltr'>Chri-</span> 
     </span>
     <span class='ocr_line' id='line_1_35' title="bbox 184 2125 962 2165; baseline -0.005 -7"><span class='ocrx_word' id='word_1_214' title='bbox 184 2129 282 2165; x_wconf 82' lang='lat' dir='ltr'>stum,</span> <span class='ocrx_word' id='word_1_215' title='bbox 307 2129 338 2158; x_wconf 86' lang='lat' dir='ltr'>et</span> <span class='ocrx_word' id='word_1_216' title='bbox 362 2125 475 2158; x_wconf 88' lang='lat' dir='ltr'>Christi</span> <span class='ocrx_word' id='word_1_217' title='bbox 498 2125 641 2156; x_wconf 83' lang='lat' dir='ltr'>ascensio</span> <span class='ocrx_word' id='word_1_218' title='bbox 669 2126 798 2165; x_wconf 87' lang='lat' dir='ltr'>propter</span> <span class='ocrx_word' id='word_1_219' title='bbox 820 2126 962 2155; x_wconf 88' lang='lat' dir='ltr'>nostram</span> 
     </span>
     <span class='ocr_line' id='line_1_36' title="bbox 185 2178 964 2218; baseline -0.006 -6"><span class='ocrx_word' id='word_1_220' title='bbox 185 2180 320 2212; x_wconf 89' lang='lat' dir='ltr'>salutem</span> <span class='ocrx_word' id='word_1_221' title='bbox 336 2179 445 2211; x_wconf 83' lang='lat' dir='ltr'>debuit</span> <span class='ocrx_word' id='word_1_222' title='bbox 459 2178 581 2210; x_wconf 80' lang='lat' dir='ltr'>differri</span> <span class='ocrx_word' id='word_1_223' title='bbox 595 2179 688 2210; x_wconf 86' lang='lat' dir='ltr'>:hinc</span> <span class='ocrx_word' id='word_1_224' title='bbox 695 2180 742 2209; x_wconf 87' lang='lat' dir='ltr'>est</span> <span class='ocrx_word' id='word_1_225' title='bbox 751 2178 833 2218; x_wconf 86' lang='lat' dir='ltr'>quod</span> <span class='ocrx_word' id='word_1_226' title='bbox 846 2178 964 2208; x_wconf 66' lang='lat' dir='ltr'>animae</span> 
     </span>
    </p>
   </div>
   <div class='ocr_carea' id='block_1_6' title="bbox 185 2262 963 2333">
    <p class='ocr_par' dir='ltr' id='par_1_6' title="bbox 185 2262 963 2333">
     <span class='ocr_line' id='line_1_37' title="bbox 218 2262 963 2295; baseline -0.004 -6"><span class='ocrx_word' id='word_1_227' title='bbox 218 2266 226 2282; x_wconf 84' lang='lat'><strong>¹</strong></span> <span class='ocrx_word' id='word_1_228' title='bbox 240 2265 306 2295; x_wconf 65' lang='lat' dir='ltr'>Act„</span> <span class='ocrx_word' id='word_1_229' title='bbox 317 2271 333 2293; x_wconf 86' lang='lat'>1,</span> <span class='ocrx_word' id='word_1_230' title='bbox 347 2264 510 2294; x_wconf 73' lang='lat' dir='ltr'>3.-’Aug.,</span> <span class='ocrx_word' id='word_1_231' title='bbox 524 2264 615 2294; x_wconf 62' lang='lat' dir='ltr'>Epist„</span> <span class='ocrx_word' id='word_1_232' title='bbox 628 2268 689 2292; x_wconf 68' lang='lat' dir='ltr'>nvn,</span> <span class='ocrx_word' id='word_1_233' title='bbox 703 2270 725 2287; x_wconf 85' lang='lat' dir='ltr'>c.</span> <span class='ocrx_word' id='word_1_234' title='bbox 737 2269 775 2292; x_wconf 84' lang='lat'>111,</span> <span class='ocrx_word' id='word_1_235' title='bbox 785 2262 963 2293; x_wconf 74' lang='lat' dir='ltr'>al.c1.xxxv11‚</span> 
     </span>
     <span class='ocr_line' id='line_1_38' title="bbox 185 2302 627 2333; baseline -0.005 -6"><span class='ocrx_word' id='word_1_236' title='bbox 185 2304 248 2328; x_wconf 82' lang='lat' dir='ltr'>n.&#39;1.</span> <span class='ocrx_word' id='word_1_237' title='bbox 264 2317 293 2321; x_wconf 95' lang='lat'>—</span> <span class='ocrx_word' id='word_1_238' title='bbox 312 2302 343 2333; x_wconf 79' lang='lat' dir='ltr'>(a)</span> <span class='ocrx_word' id='word_1_239' title='bbox 359 2302 426 2326; x_wconf 70' lang='lat' dir='ltr'>Edit.</span> <span class='ocrx_word' id='word_1_240' title='bbox 443 2302 510 2325; x_wconf 78' lang='lat' dir='ltr'>t&#39;ent.</span> <span class='ocrx_word' id='word_1_241' title='bbox 525 2302 627 2327; x_wconf 83' lang='lat' dir='ltr'>Lucam.</span> 
     </span>
    </p>
   </div>
   <div class='ocr_carea' id='block_1_7' title="bbox 1720 190 1779 220">
    <p class='ocr_par' dir='ltr' id='par_1_7' title="bbox 1720 190 1779 220">
     <span class='ocr_line' id='line_1_39' title="bbox 1720 190 1779 220; baseline 0.017 -1"><span class='ocrx_word' id='word_1_242' title='bbox 1720 190 1779 220; x_wconf 79' lang='lat'>473</span> 
     </span>
    </p>
   </div>
   <div class='ocr_carea' id='block_1_8' title="bbox 1000 254 1799 2324">
    <p class='ocr_par' dir='ltr' id='par_1_8' title="bbox 1000 254 1779 446">
     <span class='ocr_line' id='line_1_40' title="bbox 1000 254 1778 286; baseline 0.001 -1"><span class='ocrx_word' id='word_1_243' title='bbox 1000 257 1182 285; x_wconf 88' lang='lat' dir='ltr'>sanctorum</span> <span class='ocrx_word' id='word_1_244' title='bbox 1215 264 1271 285; x_wconf 87' lang='lat' dir='ltr'>nec</span> <span class='ocrx_word' id='word_1_245' title='bbox 1308 254 1416 285; x_wconf 88' lang='lat' dir='ltr'>statim</span> <span class='ocrx_word' id='word_1_246' title='bbox 1451 254 1584 285; x_wconf 85' lang='lat' dir='ltr'>fuerunt</span> <span class='ocrx_word' id='word_1_247' title='bbox 1611 255 1650 286; x_wconf 90' lang='lat' dir='ltr'>de</span> <span class='ocrx_word' id='word_1_248' title='bbox 1680 255 1778 286; x_wconf 85' lang='lat' dir='ltr'>limbo</span> 
     </span>
     <span class='ocr_line' id='line_1_41' title="bbox 1001 307 1779 348; baseline 0 -10"><span class='ocrx_word' id='word_1_249' title='bbox 1001 308 1135 345; x_wconf 85' lang='lat' dir='ltr'>eductae,</span> <span class='ocrx_word' id='word_1_250' title='bbox 1156 317 1215 339; x_wconf 88' lang='lat' dir='ltr'>nec</span> <span class='ocrx_word' id='word_1_251' title='bbox 1236 308 1341 338; x_wconf 82' lang='lat' dir='ltr'>statim</span> <span class='ocrx_word' id='word_1_252' title='bbox 1360 307 1393 338; x_wconf 91' lang='lat' dir='ltr'>in</span> <span class='ocrx_word' id='word_1_253' title='bbox 1418 307 1534 339; x_wconf 70' lang='lat' dir='ltr'>coelesti</span> <span class='ocrx_word' id='word_1_254' title='bbox 1550 308 1695 348; x_wconf 83' lang='lat' dir='ltr'>paradiso</span> <span class='ocrx_word' id='word_1_255' title='bbox 1713 308 1779 339; x_wconf 85' lang='lat' dir='ltr'>sue-</span> 
     </span>
     <span class='ocr_line' id='line_1_42' title="bbox 1001 361 1779 401; baseline 0.001 -10"><span class='ocrx_word' id='word_1_256' title='bbox 1001 362 1080 392; x_wconf 86' lang='lat' dir='ltr'>runt</span> <span class='ocrx_word' id='word_1_257' title='bbox 1103 361 1213 392; x_wconf 81' lang='lat' dir='ltr'>locatae</span> <span class='ocrx_word' id='word_1_258' title='bbox 1227 385 1234 399; x_wconf 88' lang='lat'>‚</span> <span class='ocrx_word' id='word_1_259' title='bbox 1253 361 1362 393; x_wconf 87' lang='lat' dir='ltr'>divina</span> <span class='ocrx_word' id='word_1_260' title='bbox 1380 361 1614 401; x_wconf 79' lang='lat' dir='ltr'>dispensatione</span> <span class='ocrx_word' id='word_1_261' title='bbox 1641 361 1702 392; x_wconf 90' lang='lat' dir='ltr'>hoc</span> <span class='ocrx_word' id='word_1_262' title='bbox 1732 361 1779 392; x_wconf 80' lang='lat' dir='ltr'>sa·-</span> 
     </span>
     <span class='ocr_line' id='line_1_43' title="bbox 1002 414 1479 446; baseline 0.004 -2"><span class='ocrx_word' id='word_1_263' title='bbox 1002 414 1104 445; x_wconf 83' lang='lat' dir='ltr'>ciente</span> <span class='ocrx_word' id='word_1_264' title='bbox 1122 415 1160 445; x_wconf 87' lang='lat' dir='ltr'>ad</span> <span class='ocrx_word' id='word_1_265' title='bbox 1175 417 1317 446; x_wconf 85' lang='lat' dir='ltr'>nostram</span> <span class='ocrx_word' id='word_1_266' title='bbox 1332 416 1479 446; x_wconf 81' lang='lat' dir='ltr'>salutem.</span> 
     </span>
    </p>

    <p class='ocr_par' dir='ltr' id='par_1_9' title="bbox 1002 468 1784 876">
     <span class='ocr_line' id='line_1_44' title="bbox 1043 468 1779 508; baseline 0.004 -10"><span class='ocrx_word' id='word_1_267' title='bbox 1043 471 1071 498; x_wconf 81' lang='lat'>1.</span> <span class='ocrx_word' id='word_1_268' title='bbox 1089 468 1137 498; x_wconf 89' lang='lat' dir='ltr'>Ad</span> <span class='ocrx_word' id='word_1_269' title='bbox 1150 468 1228 499; x_wconf 88' lang='lat' dir='ltr'>illud</span> <span class='ocrx_word' id='word_1_270' title='bbox 1243 469 1327 508; x_wconf 89' lang='lat' dir='ltr'>quod</span> <span class='ocrx_word' id='word_1_271' title='bbox 1344 469 1493 508; x_wconf 86' lang='lat' dir='ltr'>objicitur</span> <span class='ocrx_word' id='word_1_272' title='bbox 1508 469 1695 500; x_wconf 85' lang='lat' dir='ltr'>auctoritate</span> <span class='ocrx_word' id='word_1_273' title='bbox 1720 470 1779 501; x_wconf 87' lang='lat' dir='ltr'>Do-</span> 
     </span>
     <span class='ocr_line' id='line_1_45' title="bbox 1002 521 1782 562; baseline 0.004 -11"><span class='ocrx_word' id='word_1_274' title='bbox 1002 521 1082 551; x_wconf 85' lang='lat' dir='ltr'>mini</span> <span class='ocrx_word' id='word_1_275' title='bbox 1095 522 1128 552; x_wconf 88' lang='lat' dir='ltr'>in</span> <span class='ocrx_word' id='word_1_276' title='bbox 1141 523 1229 553; x_wconf 75' lang='lat' dir='ltr'>Luca</span> <span class='ocrx_word' id='word_1_277' title='bbox 1243 522 1295 560; x_wconf 71' lang='grc'>((11,</span> <span class='ocrx_word' id='word_1_278' title='bbox 1313 523 1484 553; x_wconf 88' lang='lat' dir='ltr'>dicendum</span> <span class='ocrx_word' id='word_1_279' title='bbox 1494 523 1591 562; x_wconf 85' lang='lat' dir='ltr'>quod,</span> <span class='ocrx_word' id='word_1_280' title='bbox 1609 523 1693 554; x_wconf 88' lang='lat' dir='ltr'>sicut</span> <span class='ocrx_word' id='word_1_281' title='bbox 1708 523 1782 554; x_wconf 86' lang='lat' dir='ltr'>dicit</span> 
     </span>
     <span class='ocr_line' id='line_1_46' title="bbox 1003 575 1782 616; baseline 0.004 -10"><span class='ocrx_word' id='word_1_282' title='bbox 1003 575 1229 615; x_wconf 81' lang='lat' dir='ltr'>Augustinus²</span> <span class='ocrx_word' id='word_1_283' title='bbox 1248 576 1307 606; x_wconf 89' lang='lat' dir='ltr'>hoc</span> <span class='ocrx_word' id='word_1_284' title='bbox 1328 576 1466 607; x_wconf 89' lang='lat' dir='ltr'>verbum</span> <span class='ocrx_word' id='word_1_285' title='bbox 1482 585 1662 616; x_wconf 79' lang='lat' dir='ltr'>exponens,</span> <span class='ocrx_word' id='word_1_286' title='bbox 1680 578 1782 609; x_wconf 83' lang='lat' dir='ltr'>Para-</span> 
     </span>
     <span class='ocr_line' id='line_1_47' title="bbox 1004 626 1783 669; baseline 0.001 -11"><span class='ocrx_word' id='word_1_287' title='bbox 1004 626 1097 658; x_wconf 73' lang='lat' dir='ltr'>disus</span> <span class='ocrx_word' id='word_1_288' title='bbox 1127 626 1170 656; x_wconf 90' lang='lat' dir='ltr'>ibi</span> <span class='ocrx_word' id='word_1_289' title='bbox 1192 626 1309 657; x_wconf 86' lang='lat' dir='ltr'>dicitur</span> <span class='ocrx_word' id='word_1_290' title='bbox 1333 636 1398 657; x_wconf 93' lang='lat' dir='ltr'>non</span> <span class='ocrx_word' id='word_1_291' title='bbox 1424 627 1512 658; x_wconf 89' lang='lat' dir='ltr'>locus</span> <span class='ocrx_word' id='word_1_292' title='bbox 1535 629 1695 669; x_wconf 79' lang='lat' dir='ltr'>empyrei,</span> <span class='ocrx_word' id='word_1_293' title='bbox 1725 638 1783 659; x_wconf 88' lang='lat' dir='ltr'>nec</span> 
     </span>
     <span class='ocr_line' id='line_1_48' title="bbox 1004 678 1780 720; baseline 0.003 -10"><span class='ocrx_word' id='word_1_294' title='bbox 1004 680 1091 711; x_wconf 87' lang='lat' dir='ltr'>locus</span> <span class='ocrx_word' id='word_1_295' title='bbox 1111 678 1249 719; x_wconf 84' lang='lat' dir='ltr'>paradisi</span> <span class='ocrx_word' id='word_1_296' title='bbox 1270 679 1438 718; x_wconf 77' lang='lat' dir='ltr'>terrestriS,</span> <span class='ocrx_word' id='word_1_297' title='bbox 1463 680 1517 711; x_wconf 90' lang='lat' dir='ltr'>sed</span> <span class='ocrx_word' id='word_1_298' title='bbox 1538 680 1605 720; x_wconf 86' lang='lat' dir='ltr'>ipsa</span> <span class='ocrx_word' id='word_1_299' title='bbox 1621 681 1674 711; x_wconf 92' lang='lat' dir='ltr'>Dei</span> <span class='ocrx_word' id='word_1_300' title='bbox 1688 681 1780 712; x_wconf 89' lang='lat' dir='ltr'>visio.</span> 
     </span>
     <span class='ocr_line' id='line_1_49' title="bbox 1006 737 1783 777; baseline 0.004 -9"><span class='ocrx_word' id='word_1_301' title='bbox 1006 737 1206 777; x_wconf 86' lang='lat' dir='ltr'>Ubicumque</span> <span class='ocrx_word' id='word_1_302' title='bbox 1240 737 1327 767; x_wconf 90' lang='lat' dir='ltr'>enim</span> <span class='ocrx_word' id='word_1_303' title='bbox 1353 737 1450 768; x_wconf 88' lang='lat' dir='ltr'>homo</span> <span class='ocrx_word' id='word_1_304' title='bbox 1476 737 1540 776; x_wconf 84' lang='lat' dir='ltr'>sit,</span> <span class='ocrx_word' id='word_1_305' title='bbox 1570 738 1648 769; x_wconf 89' lang='lat' dir='ltr'>dum</span> <span class='ocrx_word' id='word_1_306' title='bbox 1676 741 1783 771; x_wconf 83' lang='lat' dir='ltr'>tamen</span> 
     </span>
     <span class='ocr_line' id='line_1_50' title="bbox 1006 791 1784 833; baseline 0.003 -11"><span class='ocrx_word' id='word_1_307' title='bbox 1006 792 1105 822; x_wconf 89' lang='lat' dir='ltr'>Deum</span> <span class='ocrx_word' id='word_1_308' title='bbox 1130 792 1237 831; x_wconf 86' lang='lat' dir='ltr'>aperte</span> <span class='ocrx_word' id='word_1_309' title='bbox 1256 791 1379 829; x_wconf 75' lang='lat' dir='ltr'>videat,</span> <span class='ocrx_word' id='word_1_310' title='bbox 1402 793 1504 831; x_wconf 86' lang='lat' dir='ltr'>potest</span> <span class='ocrx_word' id='word_1_311' title='bbox 1519 791 1581 823; x_wconf 86' lang='lat' dir='ltr'>dici</span> <span class='ocrx_word' id='word_1_312' title='bbox 1596 801 1662 823; x_wconf 88' lang='lat' dir='ltr'>esse</span> <span class='ocrx_word' id='word_1_313' title='bbox 1683 792 1716 824; x_wconf 92' lang='lat' dir='ltr'>in</span> <span class='ocrx_word' id='word_1_314' title='bbox 1732 802 1784 833; x_wconf 86' lang='lat' dir='ltr'>pa-</span> 
     </span>
     <span class='ocr_line' id='line_1_51' title="bbox 1005 845 1120 876; baseline 0 -1"><span class='ocrx_word' id='word_1_315' title='bbox 1005 845 1120 876; x_wconf 81' lang='lat' dir='ltr'>radiso.</span> 
     </span>
    </p>

    <p class='ocr_par' dir='ltr' id='par_1_10' title="bbox 1006 898 1790 1581">
     <span class='ocr_line' id='line_1_52' title="bbox 1046 898 1785 939; baseline 0.001 -10"><span class='ocrx_word' id='word_1_316' title='bbox 1046 901 1075 929; x_wconf 74' lang='lat'>⁶2.</span> <span class='ocrx_word' id='word_1_317' title='bbox 1097 898 1145 929; x_wconf 86' lang='lat' dir='ltr'>Ad</span> <span class='ocrx_word' id='word_1_318' title='bbox 1170 898 1249 929; x_wconf 90' lang='lat' dir='ltr'>illud</span> <span class='ocrx_word' id='word_1_319' title='bbox 1271 898 1357 938; x_wconf 86' lang='lat' dir='ltr'>quod</span> <span class='ocrx_word' id='word_1_320' title='bbox 1384 899 1544 939; x_wconf 85' lang='lat' dir='ltr'>objicitur,</span> <span class='ocrx_word' id='word_1_321' title='bbox 1571 899 1657 939; x_wconf 88' lang='lat' dir='ltr'>quod</span> <span class='ocrx_word' id='word_1_322' title='bbox 1678 899 1785 930; x_wconf 84' lang='lat' dir='ltr'>statim</span> 
     </span>
     <span class='ocr_line' id='line_1_53' title="bbox 1006 952 1783 992; baseline 0.003 -10"><span class='ocrx_word' id='word_1_323' title='bbox 1006 952 1065 983; x_wconf 82' lang='lat' dir='ltr'>fuit</span> <span class='ocrx_word' id='word_1_324' title='bbox 1082 953 1185 992; x_wconf 83' lang='lat' dir='ltr'>janua</span> <span class='ocrx_word' id='word_1_325' title='bbox 1205 954 1314 992; x_wconf 86' lang='lat' dir='ltr'>aperta</span> <span class='ocrx_word' id='word_1_326' title='bbox 1327 975 1334 989; x_wconf 92' lang='lat'>,</span> <span class='ocrx_word' id='word_1_327' title='bbox 1354 953 1384 983; x_wconf 91' lang='lat' dir='ltr'>et</span> <span class='ocrx_word' id='word_1_328' title='bbox 1407 952 1488 982; x_wconf 91' lang='lat' dir='ltr'>nihil</span> <span class='ocrx_word' id='word_1_329' title='bbox 1512 954 1579 983; x_wconf 88' lang='lat' dir='ltr'>erat</span> <span class='ocrx_word' id='word_1_330' title='bbox 1607 953 1783 992; x_wconf 88' lang='lat' dir='ltr'>retardans,</span> 
     </span>
     <span class='ocr_line' id='line_1_54' title="bbox 1007 1005 1786 1046; baseline 0.003 -11"><span class='ocrx_word' id='word_1_331' title='bbox 1007 1006 1176 1036; x_wconf 85' lang='lat' dir='ltr'>dicendum</span> <span class='ocrx_word' id='word_1_332' title='bbox 1197 1005 1282 1045; x_wconf 88' lang='lat' dir='ltr'>quod</span> <span class='ocrx_word' id='word_1_333' title='bbox 1304 1005 1412 1036; x_wconf 86' lang='lat' dir='ltr'>statim</span> <span class='ocrx_word' id='word_1_334' title='bbox 1432 1007 1502 1046; x_wconf 87' lang='lat' dir='ltr'>post</span> <span class='ocrx_word' id='word_1_335' title='bbox 1523 1007 1660 1037; x_wconf 86' lang='lat' dir='ltr'>mortem</span> <span class='ocrx_word' id='word_1_336' title='bbox 1684 1007 1786 1046; x_wconf 86' lang='lat' dir='ltr'>janua</span> 
     </span>
     <span class='ocr_line' id='line_1_55' title="bbox 1008 1058 1784 1099; baseline 0 -10"><span class='ocrx_word' id='word_1_337' title='bbox 1008 1059 1068 1090; x_wconf 71' lang='lat' dir='ltr'>fuit</span> <span class='ocrx_word' id='word_1_338' title='bbox 1083 1060 1191 1099; x_wconf 84' lang='lat' dir='ltr'>aperta</span> <span class='ocrx_word' id='word_1_339' title='bbox 1206 1060 1363 1099; x_wconf 84' lang='lat' dir='ltr'>quantum</span> <span class='ocrx_word' id='word_1_340' title='bbox 1375 1058 1414 1089; x_wconf 92' lang='lat' dir='ltr'>ad</span> <span class='ocrx_word' id='word_1_341' title='bbox 1427 1058 1595 1097; x_wconf 74' lang='lat' dir='ltr'>meritum,</span> <span class='ocrx_word' id='word_1_342' title='bbox 1613 1059 1667 1090; x_wconf 89' lang='lat' dir='ltr'>sed</span> <span class='ocrx_word' id='word_1_343' title='bbox 1682 1059 1716 1089; x_wconf 87' lang='lat' dir='ltr'>in</span> <span class='ocrx_word' id='word_1_344' title='bbox 1733 1068 1784 1090; x_wconf 89' lang='lat' dir='ltr'>re-</span> 
     </span>
     <span class='ocr_line' id='line_1_56' title="bbox 1013 1111 1784 1152; baseline 0 -10"><span class='ocrx_word' id='word_1_345' title='bbox 1013 1112 1211 1143; x_wconf 83' lang='lat' dir='ltr'>surrectione</span> <span class='ocrx_word' id='word_1_346' title='bbox 1224 1114 1382 1152; x_wconf 81' lang='lat' dir='ltr'>quantum</span> <span class='ocrx_word' id='word_1_347' title='bbox 1397 1112 1436 1143; x_wconf 88' lang='lat' dir='ltr'>ad</span> <span class='ocrx_word' id='word_1_348' title='bbox 1447 1121 1613 1151; x_wconf 81' lang='lat' dir='ltr'>egressum</span> <span class='ocrx_word' id='word_1_349' title='bbox 1626 1112 1663 1143; x_wconf 88' lang='lat' dir='ltr'>de</span> <span class='ocrx_word' id='word_1_350' title='bbox 1673 1111 1784 1150; x_wconf 87' lang='lat' dir='ltr'>limbo,</span> 
     </span>
     <span class='ocr_line' id='line_1_57' title="bbox 1010 1165 1786 1205; baseline 0 -9"><span class='ocrx_word' id='word_1_351' title='bbox 1010 1166 1042 1196; x_wconf 87' lang='lat' dir='ltr'>in</span> <span class='ocrx_word' id='word_1_352' title='bbox 1064 1165 1247 1196; x_wconf 88' lang='lat' dir='ltr'>ascensione</span> <span class='ocrx_word' id='word_1_353' title='bbox 1270 1174 1345 1196; x_wconf 84' lang='lat' dir='ltr'>vero</span> <span class='ocrx_word' id='word_1_354' title='bbox 1369 1168 1527 1205; x_wconf 85' lang='lat' dir='ltr'>quantum</span> <span class='ocrx_word' id='word_1_355' title='bbox 1551 1166 1591 1196; x_wconf 90' lang='lat' dir='ltr'>ad</span> <span class='ocrx_word' id='word_1_356' title='bbox 1619 1174 1786 1196; x_wconf 83' lang='lat' dir='ltr'>ascensum</span> 
     </span>
     <span class='ocr_line' id='line_1_58' title="bbox 1010 1218 1788 1249; baseline -0.001 0"><span class='ocrx_word' id='word_1_357' title='bbox 1010 1219 1042 1249; x_wconf 88' lang='lat' dir='ltr'>in</span> <span class='ocrx_word' id='word_1_358' title='bbox 1058 1219 1186 1249; x_wconf 85' lang='lat' dir='ltr'>coelum.</span> <span class='ocrx_word' id='word_1_359' title='bbox 1203 1218 1291 1249; x_wconf 86' lang='lat' dir='ltr'>Unde</span> <span class='ocrx_word' id='word_1_360' title='bbox 1310 1219 1343 1249; x_wconf 91' lang='lat' dir='ltr'>in</span> <span class='ocrx_word' id='word_1_361' title='bbox 1358 1219 1508 1249; x_wconf 88' lang='lat' dir='ltr'>omnibus</span> <span class='ocrx_word' id='word_1_362' title='bbox 1522 1218 1573 1249; x_wconf 90' lang='lat' dir='ltr'>his</span> <span class='ocrx_word' id='word_1_363' title='bbox 1588 1218 1691 1249; x_wconf 89' lang='lat' dir='ltr'>tribus</span> <span class='ocrx_word' id='word_1_364' title='bbox 1712 1218 1788 1249; x_wconf 85' lang='lat' dir='ltr'>dici-</span> 
     </span>
     <span class='ocr_line' id='line_1_59' title="bbox 1010 1271 1786 1311; baseline 0 -9"><span class='ocrx_word' id='word_1_365' title='bbox 1010 1274 1064 1302; x_wconf 91' lang='lat' dir='ltr'>tur</span> <span class='ocrx_word' id='word_1_366' title='bbox 1075 1273 1176 1311; x_wconf 84' lang='lat' dir='ltr'>janua</span> <span class='ocrx_word' id='word_1_367' title='bbox 1191 1272 1287 1303; x_wconf 82' lang='lat' dir='ltr'>fuisse</span> <span class='ocrx_word' id='word_1_368' title='bbox 1302 1274 1423 1311; x_wconf 81' lang='lat' dir='ltr'>aperta,</span> <span class='ocrx_word' id='word_1_369' title='bbox 1437 1272 1560 1302; x_wconf 88' lang='lat' dir='ltr'>ratione</span> <span class='ocrx_word' id='word_1_370' title='bbox 1582 1273 1689 1302; x_wconf 83' lang='lat' dir='ltr'>tamen</span> <span class='ocrx_word' id='word_1_371' title='bbox 1714 1271 1786 1302; x_wconf 86' lang='lat' dir='ltr'>alia.</span> 
     </span>
     <span class='ocr_line' id='line_1_60' title="bbox 1015 1325 1788 1366; baseline -0.003 -9"><span class='ocrx_word' id='word_1_372' title='bbox 1015 1326 1183 1363; x_wconf 69' lang='lat' dir='ltr'>Praeterea,</span> <span class='ocrx_word' id='word_1_373' title='bbox 1209 1326 1294 1366; x_wconf 85' lang='lat' dir='ltr'>quod</span> <span class='ocrx_word' id='word_1_374' title='bbox 1316 1326 1432 1356; x_wconf 87' lang='lat' dir='ltr'>dicitur</span> <span class='ocrx_word' id='word_1_375' title='bbox 1453 1325 1537 1365; x_wconf 83' lang='lat' dir='ltr'>quod</span> <span class='ocrx_word' id='word_1_376' title='bbox 1562 1325 1642 1356; x_wconf 90' lang='lat' dir='ltr'>nihil</span> <span class='ocrx_word' id='word_1_377' title='bbox 1656 1326 1723 1356; x_wconf 88' lang='lat' dir='ltr'>erat</span> <span class='ocrx_word' id='word_1_378' title='bbox 1738 1334 1788 1356; x_wconf 89' lang='lat' dir='ltr'>re-</span> 
     </span>
     <span class='ocr_line' id='line_1_61' title="bbox 1011 1378 1787 1419; baseline -0.001 -9"><span class='ocrx_word' id='word_1_379' title='bbox 1011 1380 1139 1410; x_wconf 87' lang='lat' dir='ltr'>tardans</span> <span class='ocrx_word' id='word_1_380' title='bbox 1152 1403 1159 1416; x_wconf 91' lang='lat'>,</span> <span class='ocrx_word' id='word_1_381' title='bbox 1176 1379 1320 1418; x_wconf 83' lang='lat' dir='ltr'>intellige</span> <span class='ocrx_word' id='word_1_382' title='bbox 1345 1381 1504 1419; x_wconf 84' lang='lat' dir='ltr'>quantum</span> <span class='ocrx_word' id='word_1_383' title='bbox 1526 1378 1566 1409; x_wconf 86' lang='lat' dir='ltr'>ad</span> <span class='ocrx_word' id='word_1_384' title='bbox 1581 1378 1767 1409; x_wconf 85' lang='lat' dir='ltr'>violentiam</span> <span class='ocrx_word' id='word_1_385' title='bbox 1780 1389 1787 1416; x_wconf 90' lang='lat'>;</span> 
     </span>
     <span class='ocr_line' id='line_1_62' title="bbox 1012 1430 1790 1471; baseline -0.001 -9"><span class='ocrx_word' id='word_1_386' title='bbox 1012 1434 1080 1463; x_wconf 84' lang='lat' dir='ltr'>erat</span> <span class='ocrx_word' id='word_1_387' title='bbox 1101 1433 1209 1462; x_wconf 88' lang='lat' dir='ltr'>tamen</span> <span class='ocrx_word' id='word_1_388' title='bbox 1234 1431 1355 1471; x_wconf 87' lang='lat' dir='ltr'>aliquid</span> <span class='ocrx_word' id='word_1_389' title='bbox 1376 1431 1539 1462; x_wconf 84' lang='lat' dir='ltr'>retardans</span> <span class='ocrx_word' id='word_1_390' title='bbox 1553 1440 1594 1462; x_wconf 76' lang='lat' dir='ltr'>ex</span> <span class='ocrx_word' id='word_1_391' title='bbox 1612 1430 1790 1462; x_wconf 85' lang='lat' dir='ltr'>rationabili</span> 
     </span>
     <span class='ocr_line' id='line_1_63' title="bbox 1012 1484 1788 1524; baseline -0.003 -7"><span class='ocrx_word' id='word_1_392' title='bbox 1012 1495 1125 1524; x_wconf 85' lang='lat' dir='ltr'>causa,</span> <span class='ocrx_word' id='word_1_393' title='bbox 1141 1485 1286 1516; x_wconf 80' lang='lat' dir='ltr'>videlicet</span> <span class='ocrx_word' id='word_1_394' title='bbox 1309 1485 1419 1515; x_wconf 82' lang='lat' dir='ltr'>dilatio</span> <span class='ocrx_word' id='word_1_395' title='bbox 1443 1485 1635 1516; x_wconf 84' lang='lat' dir='ltr'>ascensionis</span> <span class='ocrx_word' id='word_1_396' title='bbox 1662 1484 1788 1522; x_wconf 87' lang='lat' dir='ltr'>Christi,</span> 
     </span>
     <span class='ocr_line' id='line_1_64' title="bbox 1013 1538 1748 1581; baseline -0.004 -10"><span class='ocrx_word' id='word_1_397' title='bbox 1013 1550 1086 1581; x_wconf 77' lang='lat' dir='ltr'>quae.</span> <span class='ocrx_word' id='word_1_398' title='bbox 1099 1540 1218 1571; x_wconf 77' lang='lat' dir='ltr'>differri</span> <span class='ocrx_word' id='word_1_399' title='bbox 1231 1540 1367 1570; x_wconf 83' lang='lat' dir='ltr'>habebat</span> <span class='ocrx_word' id='word_1_400' title='bbox 1379 1548 1419 1570; x_wconf 81' lang='lat' dir='ltr'>ex</span> <span class='ocrx_word' id='word_1_401' title='bbox 1435 1548 1530 1570; x_wconf 85' lang='lat' dir='ltr'>causa</span> <span class='ocrx_word' id='word_1_402' title='bbox 1545 1548 1642 1578; x_wconf 89' lang='lat' dir='ltr'>supra</span> <span class='ocrx_word' id='word_1_403' title='bbox 1656 1538 1748 1569; x_wconf 86' lang='lat' dir='ltr'>dicta.</span> 
     </span>
    </p>

    <p class='ocr_par' dir='ltr' id='par_1_11' title="bbox 1014 1592 1797 2006">
     <span class='ocr_line' id='line_1_65' title="bbox 1055 1592 1792 1633; baseline -0.003 -8"><span class='ocrx_word' id='word_1_404' title='bbox 1055 1597 1084 1625; x_wconf 89' lang='grc'>3.</span> <span class='ocrx_word' id='word_1_405' title='bbox 1095 1594 1143 1625; x_wconf 88' lang='lat' dir='ltr'>Ad</span> <span class='ocrx_word' id='word_1_406' title='bbox 1151 1593 1229 1624; x_wconf 81' lang='lat' dir='ltr'>illud</span> <span class='ocrx_word' id='word_1_407' title='bbox 1243 1602 1320 1625; x_wconf 87' lang='lat' dir='ltr'>vero</span> <span class='ocrx_word' id='word_1_408' title='bbox 1330 1593 1415 1633; x_wconf 84' lang='lat' dir='ltr'>quod</span> <span class='ocrx_word' id='word_1_409' title='bbox 1427 1592 1586 1633; x_wconf 81' lang='lat' dir='ltr'>objicitur,</span> <span class='ocrx_word' id='word_1_410' title='bbox 1604 1592 1690 1632; x_wconf 86' lang='lat' dir='ltr'>quod</span> <span class='ocrx_word' id='word_1_411' title='bbox 1704 1592 1792 1623; x_wconf 87' lang='lat' dir='ltr'>locus</span> 
     </span>
     <span class='ocr_line' id='line_1_66' title="bbox 1014 1643 1792 1686; baseline -0.003 -10"><span class='ocrx_word' id='word_1_412' title='bbox 1014 1646 1159 1686; x_wconf 87' lang='lat' dir='ltr'>superior</span> <span class='ocrx_word' id='word_1_413' title='bbox 1184 1644 1333 1684; x_wconf 89' lang='lat' dir='ltr'>competit</span> <span class='ocrx_word' id='word_1_414' title='bbox 1357 1644 1452 1675; x_wconf 87' lang='lat' dir='ltr'>statui</span> <span class='ocrx_word' id='word_1_415' title='bbox 1477 1643 1602 1683; x_wconf 81' lang='lat' dir='ltr'>gloriae‚</span> <span class='ocrx_word' id='word_1_416' title='bbox 1619 1643 1792 1674; x_wconf 86' lang='lat' dir='ltr'>dicendum</span> 
     </span>
     <span class='ocr_line' id='line_1_67' title="bbox 1015 1697 1792 1739; baseline -0.004 -9"><span class='ocrx_word' id='word_1_417' title='bbox 1015 1699 1100 1739; x_wconf 88' lang='lat' dir='ltr'>quod</span> <span class='ocrx_word' id='word_1_418' title='bbox 1115 1708 1228 1730; x_wconf 87' lang='lat' dir='ltr'>verum</span> <span class='ocrx_word' id='word_1_419' title='bbox 1239 1700 1285 1729; x_wconf 87' lang='lat' dir='ltr'>est</span> <span class='ocrx_word' id='word_1_420' title='bbox 1299 1707 1306 1728; x_wconf 93' lang='lat'>:</span> <span class='ocrx_word' id='word_1_421' title='bbox 1323 1699 1475 1735; x_wconf 88' lang='lat' dir='ltr'>attamen,</span> <span class='ocrx_word' id='word_1_422' title='bbox 1489 1698 1571 1727; x_wconf 89' lang='lat' dir='ltr'>sicut</span> <span class='ocrx_word' id='word_1_423' title='bbox 1585 1697 1693 1736; x_wconf 83' lang='lat' dir='ltr'>angeli</span> <span class='ocrx_word' id='word_1_424' title='bbox 1707 1697 1792 1728; x_wconf 84' lang='lat' dir='ltr'>beati</span> 
     </span>
     <span class='ocr_line' id='line_1_68' title="bbox 1016 1750 1793 1783; baseline -0.001 0"><span class='ocrx_word' id='word_1_425' title='bbox 1016 1763 1056 1783; x_wconf 77' lang='lat' dir='ltr'>ex</span> <span class='ocrx_word' id='word_1_426' title='bbox 1072 1761 1168 1783; x_wconf 87' lang='lat' dir='ltr'>causa</span> <span class='ocrx_word' id='word_1_427' title='bbox 1192 1751 1365 1782; x_wconf 85' lang='lat' dir='ltr'>mittuntur</span> <span class='ocrx_word' id='word_1_428' title='bbox 1381 1750 1531 1782; x_wconf 84' lang='lat' dir='ltr'>deorsum</span> <span class='ocrx_word' id='word_1_429' title='bbox 1552 1750 1590 1781; x_wconf 89' lang='lat' dir='ltr'>ad</span> <span class='ocrx_word' id='word_1_430' title='bbox 1607 1752 1725 1781; x_wconf 79' lang='lat' dir='ltr'>nostrae</span> <span class='ocrx_word' id='word_1_431' title='bbox 1742 1759 1793 1782; x_wconf 84' lang='lat' dir='ltr'>sa-</span> 
     </span>
     <span class='ocr_line' id='line_1_69' title="bbox 1017 1803 1793 1846; baseline -0.003 -9"><span class='ocrx_word' id='word_1_432' title='bbox 1017 1807 1092 1837; x_wconf 83' lang='lat' dir='ltr'>lutis</span> <span class='ocrx_word' id='word_1_433' title='bbox 1107 1805 1380 1846; x_wconf 84' lang='lat' dir='ltr'>procurationem,</span> <span class='ocrx_word' id='word_1_434' title='bbox 1397 1803 1557 1844; x_wconf 77' lang='lat' dir='ltr'>quamvis,</span> <span class='ocrx_word' id='word_1_435' title='bbox 1582 1803 1615 1834; x_wconf 92' lang='lat' dir='ltr'>in</span> <span class='ocrx_word' id='word_1_436' title='bbox 1636 1805 1793 1844; x_wconf 88' lang='lat' dir='ltr'>quantum</span> 
     </span>
     <span class='ocr_line' id='line_1_70' title="bbox 1018 1857 1794 1899; baseline -0.004 -8"><span class='ocrx_word' id='word_1_437' title='bbox 1018 1860 1101 1891; x_wconf 82' lang='lat' dir='ltr'>beati</span> <span class='ocrx_word' id='word_1_438' title='bbox 1125 1862 1210 1898; x_wconf 86' lang='lat' dir='ltr'>sunt,</span> <span class='ocrx_word' id='word_1_439' title='bbox 1235 1859 1280 1890; x_wconf 84' lang='lat' dir='ltr'>eis</span> <span class='ocrx_word' id='word_1_440' title='bbox 1299 1860 1458 1899; x_wconf 85' lang='lat' dir='ltr'>competat</span> <span class='ocrx_word' id='word_1_441' title='bbox 1475 1857 1565 1889; x_wconf 90' lang='lat' dir='ltr'>locus</span> <span class='ocrx_word' id='word_1_442' title='bbox 1588 1866 1732 1896; x_wconf 81' lang='lat' dir='ltr'>sursum3</span> <span class='ocrx_word' id='word_1_443' title='bbox 1750 1858 1794 1889; x_wconf 89' lang='lat' dir='ltr'>sic</span> 
     </span>
     <span class='ocr_line' id='line_1_71' title="bbox 1018 1910 1797 1953; baseline -0.005 -8"><span class='ocrx_word' id='word_1_444' title='bbox 1018 1915 1114 1946; x_wconf 83' lang='lat' dir='ltr'>etiam</span> <span class='ocrx_word' id='word_1_445' title='bbox 1128 1913 1217 1944; x_wconf 91' lang='grc'>100115</span> <span class='ocrx_word' id='word_1_446' title='bbox 1233 1913 1345 1953; x_wconf 64' lang='lat' dir='ltr'>gloriae</span> <span class='ocrx_word' id='word_1_447' title='bbox 1367 1910 1489 1943; x_wconf 80' lang='lat' dir='ltr'>differri</span> <span class='ocrx_word' id='word_1_448' title='bbox 1510 1912 1632 1952; x_wconf 87' lang='lat' dir='ltr'>poterat</span> <span class='ocrx_word' id='word_1_449' title='bbox 1646 1919 1686 1942; x_wconf 83' lang='lat' dir='ltr'>ex</span> <span class='ocrx_word' id='word_1_450' title='bbox 1701 1919 1797 1942; x_wconf 88' lang='lat' dir='ltr'>causa</span> 
     </span>
     <span class='ocr_line' id='line_1_72' title="bbox 1018 1967 1468 2006; baseline -0.009 -7"><span class='ocrx_word' id='word_1_451' title='bbox 1018 1969 1078 1999; x_wconf 90' lang='lat' dir='ltr'>illis</span> <span class='ocrx_word' id='word_1_452' title='bbox 1092 1968 1261 1999; x_wconf 86' lang='lat' dir='ltr'>animabus</span> <span class='ocrx_word' id='word_1_453' title='bbox 1276 1967 1314 1997; x_wconf 90' lang='lat' dir='ltr'>ad</span> <span class='ocrx_word' id='word_1_454' title='bbox 1331 1968 1468 2006; x_wconf 85' lang='lat' dir='ltr'>tempus.</span> 
     </span>
    </p>

    <p class='ocr_par' dir='ltr' id='par_1_12' title="bbox 1016 2016 1799 2324">
     <span class='ocr_line' id='line_1_73' title="bbox 1059 2016 1798 2060; baseline -0.007 -7"><span class='ocrx_word' id='word_1_455' title='bbox 1059 2024 1089 2053; x_wconf 82' lang='lat'>4.</span> <span class='ocrx_word' id='word_1_456' title='bbox 1116 2021 1165 2052; x_wconf 85' lang='lat' dir='ltr'>Ad</span> <span class='ocrx_word' id='word_1_457' title='bbox 1188 2020 1267 2051; x_wconf 89' lang='lat' dir='ltr'>illud</span> <span class='ocrx_word' id='word_1_458' title='bbox 1291 2019 1377 2060; x_wconf 91' lang='lat' dir='ltr'>quod</span> <span class='ocrx_word' id='word_1_459' title='bbox 1401 2018 1564 2058; x_wconf 81' lang='lat' dir='ltr'>objicitur,</span> <span class='ocrx_word' id='word_1_460' title='bbox 1581 2017 1666 2058; x_wconf 88' lang='lat' dir='ltr'>quod</span> <span class='ocrx_word' id='word_1_461' title='bbox 1680 2016 1798 2048; x_wconf 84' lang='lat' dir='ltr'>animae</span> 
     </span>
     <span class='ocr_line' id='line_1_74' title="bbox 1019 2070 1796 2109; baseline -0.005 -4"><span class='ocrx_word' id='word_1_462' title='bbox 1019 2075 1157 2105; x_wconf 81' lang='lat' dir='ltr'>aliorum</span> <span class='ocrx_word' id='word_1_463' title='bbox 1184 2075 1370 2104; x_wconf 86' lang='lat' dir='ltr'>sanctorum</span> <span class='ocrx_word' id='word_1_464' title='bbox 1398 2081 1485 2102; x_wconf 84' lang='lat' dir='ltr'>nuno</span> <span class='ocrx_word' id='word_1_465' title='bbox 1519 2071 1625 2102; x_wconf 85' lang='lat' dir='ltr'>statim</span> <span class='ocrx_word' id='word_1_466' title='bbox 1657 2070 1796 2109; x_wconf 85' lang='lat' dir='ltr'>evolant,</span> 
     </span>
     <span class='ocr_line' id='line_1_75' title="bbox 1016 2125 1798 2168; baseline -0.006 -9"><span class='ocrx_word' id='word_1_467' title='bbox 1016 2129 1085 2168; x_wconf 85' lang='lat' dir='ltr'>jam</span> <span class='ocrx_word' id='word_1_468' title='bbox 1100 2128 1184 2167; x_wconf 85' lang='lat' dir='ltr'>patet</span> <span class='ocrx_word' id='word_1_469' title='bbox 1198 2126 1362 2166; x_wconf 86' lang='lat' dir='ltr'>responsio</span> <span class='ocrx_word' id='word_1_470' title='bbox 1380 2135 1386 2156; x_wconf 91' lang='lat'>:</span> <span class='ocrx_word' id='word_1_471' title='bbox 1404 2125 1481 2165; x_wconf 86' lang='lat' dir='ltr'>quia</span> <span class='ocrx_word' id='word_1_472' title='bbox 1502 2126 1597 2165; x_wconf 87' lang='lat' dir='ltr'>caput</span> <span class='ocrx_word' id='word_1_473' title='bbox 1615 2133 1726 2155; x_wconf 89' lang='lat' dir='ltr'>eorum</span> <span class='ocrx_word' id='word_1_474' title='bbox 1752 2125 1798 2154; x_wconf 92' lang='lat' dir='ltr'>est</span> 
     </span>
     <span class='ocr_line' id='line_1_76' title="bbox 1021 2178 1799 2221; baseline -0.006 -9"><span class='ocrx_word' id='word_1_475' title='bbox 1021 2189 1128 2221; x_wconf 85' lang='lat' dir='ltr'>supra,</span> <span class='ocrx_word' id='word_1_476' title='bbox 1146 2189 1205 2211; x_wconf 90' lang='lat' dir='ltr'>nec</span> <span class='ocrx_word' id='word_1_477' title='bbox 1217 2181 1263 2210; x_wconf 89' lang='lat' dir='ltr'>est</span> <span class='ocrx_word' id='word_1_478' title='bbox 1278 2178 1398 2219; x_wconf 87' lang='lat' dir='ltr'>aliquid</span> <span class='ocrx_word' id='word_1_479' title='bbox 1412 2187 1452 2209; x_wconf 83' lang='lat' dir='ltr'>ex</span> <span class='ocrx_word' id='word_1_480' title='bbox 1469 2180 1558 2218; x_wconf 88' lang='lat' dir='ltr'>parte</span> <span class='ocrx_word' id='word_1_481' title='bbox 1570 2178 1725 2218; x_wconf 82' lang='lat' dir='ltr'>ipsarum,</span> <span class='ocrx_word' id='word_1_482' title='bbox 1741 2185 1799 2208; x_wconf 87' lang='lat' dir='ltr'>nec</span> 
     </span>
     <span class='ocr_line' id='line_1_77' title="bbox 1021 2231 1798 2274; baseline -0.004 -9"><span class='ocrx_word' id='word_1_483' title='bbox 1021 2244 1062 2266; x_wconf 84' lang='lat' dir='ltr'>ex</span> <span class='ocrx_word' id='word_1_484' title='bbox 1076 2235 1166 2274; x_wconf 89' lang='lat' dir='ltr'>parte</span> <span class='ocrx_word' id='word_1_485' title='bbox 1180 2234 1306 2270; x_wconf 88' lang='lat' dir='ltr'>nostra,</span> <span class='ocrx_word' id='word_1_486' title='bbox 1325 2232 1411 2272; x_wconf 83' lang='lat' dir='ltr'>quod</span> <span class='ocrx_word' id='word_1_487' title='bbox 1435 2231 1546 2263; x_wconf 85' lang='lat' dir='ltr'>debeat</span> <span class='ocrx_word' id='word_1_488' title='bbox 1567 2231 1728 2263; x_wconf 85' lang='lat' dir='ltr'>retardare</span> <span class='ocrx_word' id='word_1_489' title='bbox 1744 2239 1752 2262; x_wconf 70' lang='grc' dir='ltr'><strong>ε</strong></span> <span class='ocrx_word' id='word_1_490' title='bbox 1767 2232 1798 2262; x_wconf 87' lang='lat' dir='ltr'>et</span> 
     </span>
     <span class='ocr_line' id='line_1_78' title="bbox 1021 2285 1435 2324; baseline -0.002 -5"><span class='ocrx_word' id='word_1_491' title='bbox 1021 2288 1091 2319; x_wconf 88' lang='lat' dir='ltr'>ideo</span> <span class='ocrx_word' id='word_1_492' title='bbox 1107 2296 1173 2318; x_wconf 89' lang='lat' dir='ltr'>non</span> <span class='ocrx_word' id='word_1_493' title='bbox 1188 2288 1235 2318; x_wconf 90' lang='lat' dir='ltr'>est</span> <span class='ocrx_word' id='word_1_494' title='bbox 1247 2285 1362 2324; x_wconf 88' lang='lat' dir='ltr'>simile,</span> <span class='ocrx_word' id='word_1_495' title='bbox 1376 2287 1435 2318; x_wconf 84' lang='lat' dir='ltr'>etc.</span> 
     </span>
    </p>
   </div>
  </div>
 </body>
</html>
