1997 2986
783 285 930 329 LIBER
966 282 1178 328 TERTIUS

345 418 456 482 DE
518 416 1260 482 INCARNATIONE
1325 417 1643 494 VERBI,

606 560 808 601 ALHSQUE
832 560 890 594 AD
915 559 1000 594 IIOC
1025 559 1360 594 SPECTANTIBUS.

737 827 1221 875 DISTlNCTIOl

195 944 234 966 DE
257 943 482 966 INCARNATIONE
506 943 613 974 VERm,
640 942 700 969 QUA
726 942 824 965 FILIUS
846 943 1037 966 {NCARNATUS
1062 943 1134 974 EST,
1160 943 1221 965 NON
1246 943 1359 974 PATER,
1387 944 1447 966 ΛΒΤ
1471 944 1604 968 spuuws
1626 945 1770 968 SANCTUS.

221 1033 305 1066 Cum
320 1032 409 1065 venit
425 1032 526 1076 igitur
535 1031 712 1077 plenitudo
727 1032 895 1077 temporiS,
913 1035 949 1064 ut
963 1031 1009 1064 ait
1024 1031 1200 1076 Apostolus
1215 1033 1236 1072 ¹,
1254 1031 1346 1064 misit
1363 1032 1448 1064 Deus
1461 1032 1572 1075 filium
1585 1044 1694 1073 suum,
1709 1035 1783 1078 sac·
1844 1056 1873 1077 ὓ,

174 1097 244 1123 tum
260 1090 300 1124 de
314 1090 460 1130 muliere,
474 1092 608 1134 factum
626 1090 684 1123 sub
698 1090 778 1134 leffe,
798 1096 833 1123 ut
848 1101 900 1122 eos
915 1090 972 1134 qui
986 1089 1044 1122 sub
1062 1089 1131 1134 leqe
1146 1095 1243 1122 erant
1258 1088 1445 1130 redimeret,
1465 1097 1501 1123 ut
1517 1091 1552 1123 in
1568 1091 1781 1136 adoptionem
1810 1089 1898 1140 ,ᾞῖξῇ

169 1149 319 1193 filiorum
335 1149 395 1181 Dei
409 1149 628 1193 reciperemur
644 1149 704 1192 (a).
722 1148 867 1192 Tempus
885 1151 996 1180 autem
1019 1147 1236 1192 plenitudinis
1257 1147 1379 1180 dicitur
1400 1152 1528 1193 tempus
1551 1150 1676 1193 gratiae,
1693 1151 1781 1195 quod
1815 1157 1899 1202 [²2¹¹ssAE

171 1207 213 1240 ab
227 1207 370 1240 adventu
386 1206 568 1240 Salvatoris
582 1207 755 1240 exordium
771 1206 922 1251 sumpsit.
945 1205 1014 1239 Hoc
1029 1210 1075 1238 est
1101 1210 1230 1250 tempus
1245 1206 1434 1247 miserendi,
1452 1212 1483 1240 et
1497 1219 1606 1241 annus
1630 1208 1782 1252 benigni·
1806 1219 1831 1233 «ι
1844 1218 1903 1240 rme

1805 1250 1904 1270 person-

171 1265 257 1307 tatis,
273 1265 308 1298 in
323 1277 390 1311 quo
403 1266 516 1310 qratia
532 1272 562 1299 et
578 1266 699 1299 veritas
709 1276 770 1310 per
784 1266 896 1298 Jesum
915 1264 1085 1298 Christum
1097 1265 1194 1309 facta
1216 1271 1263 1297 est
1297 1277 1304 1297 :
1321 1265 1448 1309 qratia,
1465 1265 1546 1310 quia
1562 1277 1619 1311 per
1633 1266 1780 1300 charita·
1800 1282 1907 1298 assumen-

1836 1310 1870 1329 tis.

170 1327 236 1357 tem
251 1323 410 1368 impletur
426 1325 516 1369 quod
530 1324 647 1368 inlege
661 1323 914 1369 praecipiebatur
924 1336 932 1365 ;
950 1323 1087 1364 veritas,
1105 1323 1184 1369 quia
1199 1335 1257 1368 per
1271 1323 1391 1357 Christi
1405 1324 1586 1358 adventum
1603 1324 1783 1359 exhibetur

168 1385 268 1427 atque
283 1381 449 1427 perficitur
470 1382 627 1417 humanae
651 1382 888 1427 redemptionis
909 1382 1041 1427 sponsio
1056 1382 1139 1415 facta
1163 1382 1205 1415 ab
1227 1382 1377 1427 antiquo.
1395 1382 1471 1416 Filii
1495 1395 1574 1428 ergo
1599 1384 1710 1418 missio
1736 1390 1784 1418 est

169 1440 239 1486 ipsa
252 1440 446 1475 incarnatio.
464 1441 511 1475 Eo
533 1442 621 1475 enim
643 1441 760 1474 missus
774 1446 834 1483 est,
851 1440 941 1486 quod
956 1441 991 1474 in
1015 1440 1120 1474 forma
1140 1440 1284 1474 hominis
1308 1441 1434 1475 mundo
1449 1442 1591 1476 visibilis
1615 1444 1780 1488 apparuit,

168 1498 208 1532 de
222 1510 289 1544 quo
303 1511 405 1544 supra
418 1500 428 1517 ³
443 1499 644 1533 sufficienter
658 1500 782 1534 dictum
799 1503 857 1533 est.

214 1557 396 1602 Diligenter
411 1569 489 1591 vero
502 1558 730 1591 annotandum
745 1562 805 1599 est,
822 1568 926 1602 quare
940 1557 1057 1599 Filius,
1075 1568 1142 1590 non
1156 1557 1256 1590 Pater
1276 1557 1328 1590 vel
1345 1557 1490 1602 Spiritus
1505 1564 1648 1601 sanctus,
1666 1565 1713 1593 est
1728 1561 1780 1594 in·
1813 1571 1883 1595 Quare

166 1620 331 1650 carnatus.
348 1615 447 1650 Solus
462 1627 606 1661 namque
621 1616 727 1649 Filius
741 1616 910 1649 hominem
927 1615 1115 1660 assumpsit.
1137 1615 1232 1655 Quod
1249 1615 1365 1661 utique
1383 1627 1530 1660 congruo
1546 1617 1661 1651 ordine
1675 1622 1775 1663 atque
1803 1601 1890 1655 (ἓξὲξ,

165 1674 232 1708 alto
247 1674 305 1708 Dei
319 1674 480 1719 sapientia
493 1674 569 1708 fecit
580 1674 730 1716 consilio,
743 1678 779 1707 ut
794 1676 878 1707 Deus
893 1674 951 1719 qui
965 1674 1000 1706 in
1014 1674 1173 1719 sapientia
1185 1685 1246 1707 sua
1260 1674 1424 1707 mundum
1440 1675 1644 1718 condiderat,
1660 1688 1777 1710 secun·
1792 1670 1901 1721 ,ξ’ῗῗωζξζ,

164 1732 245 1766 dum
259 1732 345 1767 illud
358 1737 368 1754 ⁸
386 1746 393 1766 :
414 1733 537 1767 Omnia
552 1733 588 1767 in
603 1733 770 1779 sapientia
781 1733 905 1778 fecisti,
923 1732 1076 1775 Domine,
1095 1735 1104 1750 ⁵
1120 1744 1192 1777 quoe
1207 1733 1243 1766 in
1259 1733 1347 1767 coelz's
1366 1740 1455 1774 sunt,
1475 1741 1505 1767 et
1521 1746 1593 1779 quoe
1613 1735 1646 1768 ιή
1665 1736 1772 1778 terris,
1791 1727 1895 1788 ,ξ’ἶιζρς,

163 1797 367 1824 restauraret
382 1791 417 1824 in
431 1791 557 1825 eadem.
571 1792 649 1826 Haec
664 1796 712 1825 est
728 1792 849 1825 mulier
863 1792 1051 1836 evangelica
1061 1791 1084 1833 ⁸,
1097 1803 1171 1836 quae
1188 1792 1335 1825 accendit
1346 1792 1530 1835 lucernam,
1540 1798 1571 1827 et
1581 1793 1774 1828 drachmam
1796 1794 1887 1844 „EQ-js

162 1848 337 1891 decimam,
353 1861 427 1895 quae
442 1849 570 1895 perdita
586 1850 706 1892 fuerat,
724 1850 845 1895 reperit
863 1863 870 1883 :
886 1850 1046 1895 sapientia
1060 1850 1182 1883 scilicet
1196 1850 1316 1892 Patris,
1333 1862 1408 1896 quae
1422 1855 1538 1885 testam
1554 1852 1708 1887 humanae
1722 1853 1774 1886 iu-
1807 1854 1878 1909 :¹³22ss

163 1907 330 1941 firmitatis
355 1908 482 1942 lumine
504 1920 573 1942 suae
595 1908 780 1942 divinitatis
804 1908 963 1950 accendit,
989 1908 1222 1954 perditumque
1240 1909 1411 1943 hominem
1438 1911 1615 1955 reparavit,
1639 1912 1774 1945 nomine

162 1966 249 2010 regis
263 1970 295 1999 et
310 1966 454 2010 imagine
468 1967 678 2011 insignitum.
695 1967 772 2000 Ideo
787 1967 886 2000 etiam
902 1967 1006 2001 Filius
1022 1967 1141 2001 missus
1155 1971 1215 2009 est,
1232 1971 1264 2000 et
1279 1979 1347 2001 non
1363 1968 1471 2009 Pater,
1490 1969 1569 2014 quia
1588 1980 1776 2014 congruen-
1795 1979 1895 2016 Sec-ind,

163 2025 227 2058 tius
242 2024 328 2058 mitti
342 2024 479 2058 debebat
494 2025 552 2070 qui
571 2030 619 2059 est
635 2025 676 2059 ab
691 2025 769 2067 alio,
793 2037 895 2071 quam
910 2025 969 2070 qui
984 2037 1003 2058 a
1018 2026 1112 2059 nullo
1123 2030 1182 2059 est.
1199 2025 1305 2059 Filius
1319 2031 1432 2060 autem
1446 2038 1466 2060 a
1479 2027 1577 2061 Patre
1590 2032 1638 2061 est
1650 2040 1663 2068 ‚⁴
1677 2028 1774 2062 Pater
1815 2015 1875 2033 ‘⁸¹¹⁹'

161 2093 240 2116 vero
254 2095 273 2116 a
287 2083 381 2116 nullo
396 2089 452 2117 est.
472 2083 517 2117 Ut
533 2083 622 2117 enim
637 2084 683 2118 ait
697 2084 906 2128 Augustinus
921 2084 956 2117 in
981 2084 1066 2117 libro
1082 2084 1122 2117 cle
1137 2084 1305 2118 Trinitate
1320 2090 1330 2106 ⁷
1344 2099 1351 2119 ε
1373 2099 1390 2116 «
1413 2085 1487 2119 Non
1502 2086 1591 2119 enim
1616 2086 1714 2120 habet
1734 2087 1774 2120 de

160 2152 228 2186 quo
241 2141 294 2174 sit.
311 2155 328 2173 n
347 2141 440 2175 Sicut
454 2153 532 2186 ergo
547 2142 645 2176 Pater
663 2142 793 2186 genuit,
810 2142 920 2176 Filius
942 2143 1076 2186 genitus
1096 2147 1155 2184 est,
1181 2143 1227 2176 ita
1249 2154 1395 2188 congrue
1420 2144 1518 2177 Pater
1541 2145 1642 2186 misit,
1667 2144 1773 2178 Filius

160 2199 279 2233 missus
293 2204 351 2233 est.
368 2199 421 2233 Ab
435 2200 494 2234 illo
509 2201 598 2234 enim
614 2201 848 2234 convenienter
863 2201 1009 2234 mittitur
1032 2201 1090 2234 Dei
1108 2201 1271 2244 Verbum,
1290 2201 1386 2246 cujus
1409 2207 1457 2235 est
1470 2202 1639 2245 Verbum;
1659 2203 1701 2236 ab
1716 2203 1773 2236 illo

160 2257 315 2300 mittitur,
331 2258 372 2292 de
386 2270 453 2304 quo
472 2263 588 2293 natum
603 2263 667 2293 est:
686 2260 841 2302 mittitur,
858 2259 947 2305 quod
963 2260 1113 2304 genitum
1134 2263 1200 2302 est;
1227 2260 1327 2293 Pater
1340 2271 1419 2294 vero
1434 2260 1493 2306 qui
1519 2261 1619 2300 misit,
1635 2273 1654 2294 a
1678 2261 1773 2295 nullo

157 2320 217 2349 est.
234 2316 377 2362 Ideoque
397 2316 494 2351 Pater
517 2317 635 2352 missus
654 2329 722 2352 non
743 2322 802 2360 est,
823 2330 864 2351 ne
884 2318 912 2350 si
930 2318 1128 2360 mitteretur,
1145 2318 1187 2351 ab
1202 2318 1268 2351 alio
1293 2330 1361 2352 esse
1377 2322 1562 2363 putaretur.
1582 2319 1704 2352 Missus
1724 2324 1771 2352 est

157 2385 236 2418 ergo
249 2375 357 2420 primo
370 2375 489 2417 Filius,
505 2376 585 2421 quia
599 2387 619 2409 a
633 2376 702 2410 solo
716 2376 814 2410 Patre
830 2381 896 2418 est;
917 2376 1038 2410 deinde
1053 2377 1151 2410 etiam
1167 2376 1314 2422 Spiritus
1333 2381 1477 2418 sanctus,
1493 2377 1552 2422 qui
1572 2382 1619 2410 est
1640 2388 1658 2410 a
1674 2377 1771 2411 Patre

157 2438 189 2466 et
204 2432 288 2467 Filio
306 2445 312 2466 :
330 2433 386 2467 sed
402 2433 507 2467 Filius
529 2434 619 2468 solus
643 2434 678 2468 in
693 2446 791 2469 carne
815 2435 934 2468 missus
959 2439 1020 2477 est,
1043 2447 1111 2469 non
1136 2435 1280 2480 Spiritus
1305 2440 1450 2477 sanctus,
1468 2435 1553 2469 sicut
1575 2447 1634 2469 nec
1658 2435 1767 2469 Patre.

156 2492 252 2533 Quod
267 2492 340 2526 ideo
356 2492 478 2526 factum
495 2497 554 2535 est,
576 2497 613 2526 ut
628 2493 687 2539 qui
704 2498 773 2527 erat
789 2494 824 2527 in
842 2493 1016 2528 divinitate
1030 2493 1090 2528 Dei
1105 2494 1214 2536 filius,
1231 2494 1266 2527 in
1282 2493 1490 2531 humanitate
1513 2493 1605 2527 fieret
1626 2494 1771 2528 hominis

190 2581 198 2598 ¹
214 2580 280 2612 Gal„
297 2586 331 2612 iv,
348 2582 370 2605 4.
381 2581 432 2599 —⁸
446 2581 528 2609 loom,
543 2586 566 2611 1,
584 2582 620 2605 Π.
632 2594 663 2599 -
674 2582 684 2598 ⁸
697 2583 761 2606 Toto
782 2583 896 2607 secundo
911 2583 985 2608 libro.
998 2584 1046 2602 --ι
1062 2584 1100 2607 Px.
1115 2589 1181 2610 cm.
1197 2583 1236 2607 24.
1248 2596 1278 2600 —
1294 2584 1302 2598 ⁵
1320 2582 1422 2613 Eplaes..
1437 2588 1461 2612 1,
1482 2584 1517 2606 10.
1530 2595 1559 2600 -
1572 2581 1583 2597 ⁸
1597 2581 1664 2611 Luc„
1684 2588 1727 2613 xv,
1743 2585 1766 2607 9.

157 2617 205 2635 -Ἶ
217 2619 292 2648 Aug..
305 2617 334 2641 de
348 2617 425 2647 Trin„
440 2617 484 2641 lib.
500 2617 542 2647 lv,
558 2624 580 2642 c.
594 2623 627 2642 xx
639 2637 646 2647 ,
662 2625 690 2642 n.
702 2620 741 2643 2⁸.

189 2663 221 2692 (a)
241 2660 312 2693 Vulq.
328 2662 494 2693 mioptionem
505 2662 614 2687 filiorum
630 2663 813 2694 reciperemus.
