<?xml version="1.0" encoding="UTF-8"?>
<!DOCTYPE html PUBLIC "-//W3C//DTD XHTML 1.0 Transitional//EN"
    "http://www.w3.org/TR/xhtml1/DTD/xhtml1-transitional.dtd">
<html xmlns="http://www.w3.org/1999/xhtml" xml:lang="en" lang="en">
 <head>
  <title>
</title>
<meta http-equiv="Content-Type" content="text/html;charset=utf-8" />
  <meta name='ocr-system' content='tesseract 3.04.00' />
  <meta name='ocr-capabilities' content='ocr_page ocr_carea ocr_par ocr_line ocrx_word'/>
</head>
<body>
  <div class='ocr_page' id='page_1' title='image "./operaomniasixtiv04bonauoft/operaomniasixtiv04bonauoft_0572.png"; bbox 0 0 2017 2960; ppageno 0'>
   <div class='ocr_carea' id='block_1_1' title="bbox 238 179 1015 2413">
    <p class='ocr_par' dir='ltr' id='par_1_1' title="bbox 238 179 1007 388">
     <span class='ocr_line' id='line_1_1' title="bbox 238 179 295 207; baseline 0.018 -1"><span class='ocrx_word' id='word_1_1' title='bbox 238 179 295 207; x_wconf 69' lang='lat'>550</span> 
     </span>
     <span class='ocr_line' id='line_1_2' title="bbox 238 241 1005 283; baseline 0 -11"><span class='ocrx_word' id='word_1_2' title='bbox 238 243 389 283; x_wconf 84' lang='lat' dir='ltr'>temporis</span> <span class='ocrx_word' id='word_1_3' title='bbox 411 243 449 274; x_wconf 91' lang='lat' dir='ltr'>de</span> <span class='ocrx_word' id='word_1_4' title='bbox 471 243 638 274; x_wconf 71' lang='lat' dir='ltr'>Mediatore</span> <span class='ocrx_word' id='word_1_5' title='bbox 662 243 739 273; x_wconf 83' lang='lat' dir='ltr'>nihil</span> <span class='ocrx_word' id='word_1_6' title='bbox 771 241 897 273; x_wconf 89' lang='lat' dir='ltr'>credere</span> <span class='ocrx_word' id='word_1_7' title='bbox 920 244 1005 272; x_wconf 86' lang='lat' dir='ltr'>tene-</span> 
     </span>
     <span class='ocr_line' id='line_1_3' title="bbox 241 295 1007 336; baseline -0.001 -10"><span class='ocrx_word' id='word_1_8' title='bbox 241 296 354 326; x_wconf 80' lang='lat' dir='ltr'>bantur</span> <span class='ocrx_word' id='word_1_9' title='bbox 370 305 378 326; x_wconf 87' lang='lat'>:</span> <span class='ocrx_word' id='word_1_10' title='bbox 395 305 472 336; x_wconf 75' lang='lat' dir='ltr'>crgo</span> <span class='ocrx_word' id='word_1_11' title='bbox 488 296 554 326; x_wconf 69' lang='lat' dir='ltr'>sine</span> <span class='ocrx_word' id='word_1_12' title='bbox 578 296 638 326; x_wconf 81' lang='lat' dir='ltr'>side</span> <span class='ocrx_word' id='word_1_13' title='bbox 662 295 840 326; x_wconf 84' lang='lat' dir='ltr'>Mediatoris</span> <span class='ocrx_word' id='word_1_14' title='bbox 862 295 1007 334; x_wconf 86' lang='lat' dir='ltr'>poterant</span> 
     </span>
     <span class='ocr_line' id='line_1_4' title="bbox 241 348 617 388; baseline -0.005 -9"><span class='ocrx_word' id='word_1_15' title='bbox 241 349 405 388; x_wconf 79' lang='lat' dir='ltr'>pervenire</span> <span class='ocrx_word' id='word_1_16' title='bbox 421 349 457 379; x_wconf 83' lang='lat' dir='ltr'>ad</span> <span class='ocrx_word' id='word_1_17' title='bbox 472 348 617 378; x_wconf 62' lang='lat' dir='ltr'>salntem.</span> 
     </span>
    </p>

    <p class='ocr_par' dir='ltr' id='par_1_2' title="bbox 242 400 1011 811">
     <span class='ocr_line' id='line_1_5' title="bbox 283 400 1010 440; baseline -0.004 -7"><span class='ocrx_word' id='word_1_18' title='bbox 283 402 394 433; x_wconf 89' lang='lat' dir='ltr'>Contra</span> <span class='ocrx_word' id='word_1_19' title='bbox 410 401 468 431; x_wconf 71' lang='lat' dir='ltr'>hor</span> <span class='ocrx_word' id='word_1_20' title='bbox 482 403 553 430; x_wconf 79' lang='lat' dir='ltr'>sunt</span> <span class='ocrx_word' id='word_1_21' title='bbox 569 400 768 431; x_wconf 72' lang='lat' dir='ltr'>auctoritates</span> <span class='ocrx_word' id='word_1_22' title='bbox 784 400 893 430; x_wconf 78' lang='lat' dir='ltr'>multae</span> <span class='ocrx_word' id='word_1_23' title='bbox 906 424 913 437; x_wconf 76' lang='grc'><em>,</em></span> <span class='ocrx_word' id='word_1_24' title='bbox 931 409 1010 440; x_wconf 85' lang='lat' dir='ltr'>quas</span> 
     </span>
     <span class='ocr_line' id='line_1_6' title="bbox 243 453 1008 493; baseline -0.003 -8"><span class='ocrx_word' id='word_1_25' title='bbox 243 454 392 493; x_wconf 69' lang='lat' dir='ltr'>Magister</span> <span class='ocrx_word' id='word_1_26' title='bbox 406 453 531 483; x_wconf 71' lang='lat' dir='ltr'>adducit</span> <span class='ocrx_word' id='word_1_27' title='bbox 546 453 578 482; x_wconf 94' lang='lat' dir='ltr'>in</span> <span class='ocrx_word' id='word_1_28' title='bbox 595 453 712 490; x_wconf 80' lang='lat' dir='ltr'>littera3</span> <span class='ocrx_word' id='word_1_29' title='bbox 726 455 755 483; x_wconf 87' lang='lat' dir='ltr'>et</span> <span class='ocrx_word' id='word_1_30' title='bbox 770 453 829 483; x_wconf 97' lang='grc'>1100</span> <span class='ocrx_word' id='word_1_31' title='bbox 844 453 948 492; x_wconf 88' lang='lat' dir='ltr'>ipsum</span> <span class='ocrx_word' id='word_1_32' title='bbox 962 462 1008 483; x_wconf 87' lang='lat' dir='ltr'>os-</span> 
     </span>
     <span class='ocr_line' id='line_1_7' title="bbox 243 507 1009 547; baseline -0.003 -9"><span class='ocrx_word' id='word_1_33' title='bbox 243 508 382 538; x_wconf 82' lang='lat' dir='ltr'>tenditur</span> <span class='ocrx_word' id='word_1_34' title='bbox 405 507 547 537; x_wconf 83' lang='lat' dir='ltr'>ratione:</span> <span class='ocrx_word' id='word_1_35' title='bbox 565 507 705 537; x_wconf 83' lang='lat' dir='ltr'>Christus</span> <span class='ocrx_word' id='word_1_36' title='bbox 727 509 772 537; x_wconf 86' lang='lat' dir='ltr'>est</span> <span class='ocrx_word' id='word_1_37' title='bbox 796 509 890 547; x_wconf 78' lang='lat' dir='ltr'>caput</span> <span class='ocrx_word' id='word_1_38' title='bbox 914 507 1009 538; x_wconf 86' lang='lat' dir='ltr'>totius</span> 
     </span>
     <span class='ocr_line' id='line_1_8' title="bbox 244 559 1009 599; baseline 0.001 -10"><span class='ocrx_word' id='word_1_39' title='bbox 244 559 387 590; x_wconf 79' lang='lat' dir='ltr'>Ecclesiae</span> <span class='ocrx_word' id='word_1_40' title='bbox 401 570 406 590; x_wconf 91' lang='lat'>:</span> <span class='ocrx_word' id='word_1_41' title='bbox 419 568 498 598; x_wconf 76' lang='lat' dir='ltr'>ergo</span> <span class='ocrx_word' id='word_1_42' title='bbox 514 559 621 590; x_wconf 88' lang='lat' dir='ltr'>nullus</span> <span class='ocrx_word' id='word_1_43' title='bbox 632 562 730 599; x_wconf 85' lang='lat' dir='ltr'>potest</span> <span class='ocrx_word' id='word_1_44' title='bbox 743 560 868 597; x_wconf 86' lang='lat' dir='ltr'>salvari,</span> <span class='ocrx_word' id='word_1_45' title='bbox 882 559 941 590; x_wconf 87' lang='lat' dir='ltr'>nisi</span> <span class='ocrx_word' id='word_1_46' title='bbox 955 560 1009 590; x_wconf 78' lang='lat' dir='ltr'>fiat</span> 
     </span>
     <span class='ocr_line' id='line_1_9' title="bbox 244 612 1010 644; baseline 0.001 -3"><span class='ocrx_word' id='word_1_47' title='bbox 244 613 424 642; x_wconf 83' lang='lat' dir='ltr'>membrum</span> <span class='ocrx_word' id='word_1_48' title='bbox 446 613 559 644; x_wconf 77' lang='lat' dir='ltr'>Christi</span> <span class='ocrx_word' id='word_1_49' title='bbox 584 624 590 643; x_wconf 75' lang='lat' dir='ltr'>t</span> <span class='ocrx_word' id='word_1_50' title='bbox 616 613 669 643; x_wconf 83' lang='lat' dir='ltr'>sed</span> <span class='ocrx_word' id='word_1_51' title='bbox 694 613 875 644; x_wconf 81' lang='lat' dir='ltr'>membrum</span> <span class='ocrx_word' id='word_1_52' title='bbox 898 612 1010 643; x_wconf 91' lang='lat' dir='ltr'>Christi</span> 
     </span>
     <span class='ocr_line' id='line_1_10' title="bbox 242 666 1010 706; baseline 0.001 -11"><span class='ocrx_word' id='word_1_53' title='bbox 242 674 306 695; x_wconf 90' lang='lat' dir='ltr'>nou</span> <span class='ocrx_word' id='word_1_54' title='bbox 326 668 425 705; x_wconf 84' lang='lat' dir='ltr'>potest</span> <span class='ocrx_word' id='word_1_55' title='bbox 447 667 518 706; x_wconf 80' lang='lat' dir='ltr'>quis</span> <span class='ocrx_word' id='word_1_56' title='bbox 542 667 610 697; x_wconf 83' lang='lat' dir='ltr'>lieri</span> <span class='ocrx_word' id='word_1_57' title='bbox 630 691 638 704; x_wconf 82' lang='lat'>‚</span> <span class='ocrx_word' id='word_1_58' title='bbox 660 667 719 697; x_wconf 89' lang='lat' dir='ltr'>nisi</span> <span class='ocrx_word' id='word_1_59' title='bbox 737 667 842 697; x_wconf 81' lang='lat' dir='ltr'>credat</span> <span class='ocrx_word' id='word_1_60' title='bbox 866 667 898 696; x_wconf 93' lang='lat' dir='ltr'>in</span> <span class='ocrx_word' id='word_1_61' title='bbox 923 666 1010 696; x_wconf 91' lang='lat' dir='ltr'>Chri—</span> 
     </span>
     <span class='ocr_line' id='line_1_11' title="bbox 242 719 1011 757; baseline 0.001 -9"><span class='ocrx_word' id='word_1_62' title='bbox 242 721 327 749; x_wconf 85' lang='lat' dir='ltr'><strong>stum</strong></span> <span class='ocrx_word' id='word_1_63' title='bbox 347 729 353 749; x_wconf 94' lang='lat'><strong>:</strong></span> <span class='ocrx_word' id='word_1_64' title='bbox 370 728 447 757; x_wconf 75' lang='lat' dir='ltr'>ergo</span> <span class='ocrx_word' id='word_1_65' title='bbox 468 719 537 749; x_wconf 85' lang='lat' dir='ltr'>sinc</span> <span class='ocrx_word' id='word_1_66' title='bbox 554 720 615 750; x_wconf 84' lang='lat' dir='ltr'>fide</span> <span class='ocrx_word' id='word_1_67' title='bbox 638 719 815 750; x_wconf 72' lang='lat' dir='ltr'>Mediatoris</span> <span class='ocrx_word' id='word_1_68' title='bbox 831 719 938 750; x_wconf 85' lang='lat' dir='ltr'>nullus</span> <span class='ocrx_word' id='word_1_69' title='bbox 952 728 1011 749; x_wconf 90' lang='lat' dir='ltr'>un-</span> 
     </span>
     <span class='ocr_line' id='line_1_12' title="bbox 242 771 591 811; baseline 0.003 -10"><span class='ocrx_word' id='word_1_70' title='bbox 242 781 337 810; x_wconf 87' lang='lat' dir='ltr'>quam</span> <span class='ocrx_word' id='word_1_71' title='bbox 351 771 465 802; x_wconf 76' lang='lat' dir='ltr'>salvari</span> <span class='ocrx_word' id='word_1_72' title='bbox 480 772 591 811; x_wconf 85' lang='lat' dir='ltr'>potuit.</span> 
     </span>
    </p>

    <p class='ocr_par' dir='ltr' id='par_1_3' title="bbox 242 825 1013 1283">
     <span class='ocr_line' id='line_1_13' title="bbox 285 825 1011 864; baseline 0.001 -10"><span class='ocrx_word' id='word_1_73' title='bbox 285 825 360 855; x_wconf 80' lang='lat' dir='ltr'>item</span> <span class='ocrx_word' id='word_1_74' title='bbox 390 825 498 855; x_wconf 86' lang='lat' dir='ltr'>nullus</span> <span class='ocrx_word' id='word_1_75' title='bbox 524 825 626 864; x_wconf 89' lang='lat' dir='ltr'>potuit</span> <span class='ocrx_word' id='word_1_76' title='bbox 653 825 779 864; x_wconf 76' lang='lat' dir='ltr'>ingredi</span> <span class='ocrx_word' id='word_1_77' title='bbox 801 825 931 864; x_wconf 87' lang='lat' dir='ltr'>coelum,</span> <span class='ocrx_word' id='word_1_78' title='bbox 953 825 1011 855; x_wconf 87' lang='lat' dir='ltr'>nisi</span> 
     </span>
     <span class='ocr_line' id='line_1_14' title="bbox 243 878 1011 918; baseline 0.001 -11"><span class='ocrx_word' id='word_1_79' title='bbox 243 880 349 917; x_wconf 85' lang='lat' dir='ltr'>aperta</span> <span class='ocrx_word' id='word_1_80' title='bbox 362 879 462 917; x_wconf 84' lang='lat' dir='ltr'>janua</span> <span class='ocrx_word' id='word_1_81' title='bbox 481 889 486 907; x_wconf 72' lang='grc' dir='ltr'>ι</span> <span class='ocrx_word' id='word_1_82' title='bbox 504 878 556 908; x_wconf 86' lang='lat' dir='ltr'>sed</span> <span class='ocrx_word' id='word_1_83' title='bbox 571 879 671 917; x_wconf 82' lang='lat' dir='ltr'>janua</span> <span class='ocrx_word' id='word_1_84' title='bbox 695 887 758 908; x_wconf 88' lang='grc'>11011</span> <span class='ocrx_word' id='word_1_85' title='bbox 782 879 883 918; x_wconf 83' lang='lat' dir='ltr'>potuit</span> <span class='ocrx_word' id='word_1_86' title='bbox 898 878 1011 918; x_wconf 85' lang='lat' dir='ltr'>aperiri</span> 
     </span>
     <span class='ocr_line' id='line_1_15' title="bbox 243 930 1012 971; baseline 0.003 -11"><span class='ocrx_word' id='word_1_87' title='bbox 243 930 302 960; x_wconf 86' lang='lat' dir='ltr'>nisi</span> <span class='ocrx_word' id='word_1_88' title='bbox 319 939 374 969; x_wconf 86' lang='lat' dir='ltr'>per</span> <span class='ocrx_word' id='word_1_89' title='bbox 388 931 565 970; x_wconf 79' lang='lat' dir='ltr'>passionem</span> <span class='ocrx_word' id='word_1_90' title='bbox 582 931 695 961; x_wconf 78' lang='lat' dir='ltr'>Christi</span> <span class='ocrx_word' id='word_1_91' title='bbox 711 940 718 961; x_wconf 90' lang='lat'>:</span> <span class='ocrx_word' id='word_1_92' title='bbox 734 940 811 970; x_wconf 79' lang='lat' dir='ltr'>ergo</span> <span class='ocrx_word' id='word_1_93' title='bbox 830 931 938 962; x_wconf 88' lang='lat' dir='ltr'>nullus</span> <span class='ocrx_word' id='word_1_94' title='bbox 954 940 1012 971; x_wconf 87' lang='lat' dir='ltr'>po-</span> 
     </span>
     <span class='ocr_line' id='line_1_16' title="bbox 242 983 1011 1024; baseline 0.001 -11"><span class='ocrx_word' id='word_1_95' title='bbox 242 983 301 1013; x_wconf 87' lang='lat' dir='ltr'>tuit</span> <span class='ocrx_word' id='word_1_96' title='bbox 316 984 430 1014; x_wconf 81' lang='lat' dir='ltr'>salvari</span> <span class='ocrx_word' id='word_1_97' title='bbox 447 984 505 1014; x_wconf 89' lang='lat' dir='ltr'>nisi</span> <span class='ocrx_word' id='word_1_98' title='bbox 522 985 636 1015; x_wconf 87' lang='lat' dir='ltr'>merito</span> <span class='ocrx_word' id='word_1_99' title='bbox 657 984 809 1024; x_wconf 77' lang='lat' dir='ltr'>passionis</span> <span class='ocrx_word' id='word_1_100' title='bbox 825 984 937 1015; x_wconf 75' lang='lat' dir='ltr'>Christi</span> <span class='ocrx_word' id='word_1_101' title='bbox 958 984 1011 1015; x_wconf 91' lang='lat' dir='ltr'>sed</span> 
     </span>
     <span class='ocr_line' id='line_1_17' title="bbox 243 1037 1011 1077; baseline 0.003 -12"><span class='ocrx_word' id='word_1_102' title='bbox 243 1037 391 1067; x_wconf 86' lang='lat' dir='ltr'>meritum</span> <span class='ocrx_word' id='word_1_103' title='bbox 408 1037 559 1077; x_wconf 84' lang='lat' dir='ltr'>passionis</span> <span class='ocrx_word' id='word_1_104' title='bbox 573 1037 686 1068; x_wconf 76' lang='lat' dir='ltr'>Christi</span> <span class='ocrx_word' id='word_1_105' title='bbox 700 1047 764 1068; x_wconf 91' lang='lat' dir='ltr'>non</span> <span class='ocrx_word' id='word_1_106' title='bbox 782 1038 865 1069; x_wconf 87' lang='lat' dir='ltr'>valet</span> <span class='ocrx_word' id='word_1_107' title='bbox 881 1038 941 1069; x_wconf 89' lang='lat' dir='ltr'>nisi</span> <span class='ocrx_word' id='word_1_108' title='bbox 956 1038 1011 1077; x_wconf 84' lang='lat' dir='ltr'>eis,</span> 
     </span>
     <span class='ocr_line' id='line_1_18' title="bbox 243 1089 1013 1130; baseline 0.004 -11"><span class='ocrx_word' id='word_1_109' title='bbox 243 1089 274 1119; x_wconf 90' lang='lat' dir='ltr'>in</span> <span class='ocrx_word' id='word_1_110' title='bbox 291 1089 407 1128; x_wconf 84' lang='lat' dir='ltr'>quihus</span> <span class='ocrx_word' id='word_1_111' title='bbox 424 1090 543 1121; x_wconf 82' lang='lat' dir='ltr'>habitat</span> <span class='ocrx_word' id='word_1_112' title='bbox 562 1091 703 1121; x_wconf 86' lang='lat' dir='ltr'>Christus</span> <span class='ocrx_word' id='word_1_113' title='bbox 717 1091 762 1121; x_wconf 88' lang='lat' dir='ltr'>:si</span> <span class='ocrx_word' id='word_1_114' title='bbox 777 1100 856 1130; x_wconf 79' lang='lat' dir='ltr'>ergo</span> <span class='ocrx_word' id='word_1_115' title='bbox 871 1092 1013 1122; x_wconf 86' lang='lat' dir='ltr'>Christus</span> 
     </span>
     <span class='ocr_line' id='line_1_19' title="bbox 242 1144 1012 1187; baseline 0.004 -13"><span class='ocrx_word' id='word_1_116' title='bbox 242 1144 397 1176; x_wconf 83' lang='lat' dir='ltr'>inhabitat</span> <span class='ocrx_word' id='word_1_117' title='bbox 418 1155 474 1185; x_wconf 85' lang='lat' dir='ltr'>per</span> <span class='ocrx_word' id='word_1_118' title='bbox 492 1146 584 1177; x_wconf 84' lang='lat' dir='ltr'>fidem</span> <span class='ocrx_word' id='word_1_119' title='bbox 602 1149 631 1177; x_wconf 86' lang='lat' dir='ltr'>et</span> <span class='ocrx_word' id='word_1_120' title='bbox 645 1147 846 1185; x_wconf 75' lang='lat' dir='ltr'>charitatem,</span> <span class='ocrx_word' id='word_1_121' title='bbox 863 1156 936 1187; x_wconf 79' lang='lat' dir='ltr'>quae</span> <span class='ocrx_word' id='word_1_122' title='bbox 955 1147 1012 1177; x_wconf 85' lang='lat' dir='ltr'>ha-</span> 
     </span>
     <span class='ocr_line' id='line_1_20' title="bbox 243 1198 1011 1240; baseline 0.005 -13"><span class='ocrx_word' id='word_1_123' title='bbox 243 1198 335 1228; x_wconf 74' lang='lat' dir='ltr'>hetur</span> <span class='ocrx_word' id='word_1_124' title='bbox 358 1199 396 1229; x_wconf 85' lang='lat' dir='ltr'>ad</span> <span class='ocrx_word' id='word_1_125' title='bbox 421 1199 527 1239; x_wconf 86' lang='lat' dir='ltr'>ipsum</span> <span class='ocrx_word' id='word_1_126' title='bbox 542 1224 549 1236; x_wconf 89' lang='lat'>‚</span> <span class='ocrx_word' id='word_1_127' title='bbox 575 1200 767 1239; x_wconf 86' lang='lat' dir='ltr'>impossibile</span> <span class='ocrx_word' id='word_1_128' title='bbox 790 1201 850 1231; x_wconf 86' lang='lat' dir='ltr'>fuit</span> <span class='ocrx_word' id='word_1_129' title='bbox 872 1201 1011 1240; x_wconf 79' lang='lat' dir='ltr'>aliquem</span> 
     </span>
     <span class='ocr_line' id='line_1_21' title="bbox 243 1251 730 1283; baseline 0.006 -3"><span class='ocrx_word' id='word_1_130' title='bbox 243 1251 356 1281; x_wconf 83' lang='lat' dir='ltr'>salvari</span> <span class='ocrx_word' id='word_1_131' title='bbox 377 1251 445 1281; x_wconf 83' lang='lat' dir='ltr'>siue</span> <span class='ocrx_word' id='word_1_132' title='bbox 467 1252 527 1282; x_wconf 80' lang='lat' dir='ltr'>tide</span> <span class='ocrx_word' id='word_1_133' title='bbox 544 1252 730 1283; x_wconf 82' lang='lat' dir='ltr'>Mediatoris.</span> 
     </span>
    </p>

    <p class='ocr_par' dir='ltr' id='par_1_4' title="bbox 242 1303 1014 1661">
     <span class='ocr_line' id='line_1_22' title="bbox 285 1303 1013 1345; baseline 0.005 -12"><span class='ocrx_word' id='word_1_134' title='bbox 285 1303 361 1334; x_wconf 89' lang='lat' dir='ltr'>ltem</span> <span class='ocrx_word' id='word_1_135' title='bbox 373 1304 481 1334; x_wconf 84' lang='lat' dir='ltr'>nullus</span> <span class='ocrx_word' id='word_1_136' title='bbox 497 1307 597 1345; x_wconf 79' lang='lat' dir='ltr'>potest</span> <span class='ocrx_word' id='word_1_137' title='bbox 610 1305 726 1336; x_wconf 85' lang='lat' dir='ltr'>salvari</span> <span class='ocrx_word' id='word_1_138' title='bbox 744 1306 811 1336; x_wconf 79' lang='lat' dir='ltr'>sine</span> <span class='ocrx_word' id='word_1_139' title='bbox 827 1306 1013 1338; x_wconf 79' lang='lat' dir='ltr'>remissione</span> 
     </span>
     <span class='ocr_line' id='line_1_23' title="bbox 244 1357 1012 1400; baseline 0.005 -14"><span class='ocrx_word' id='word_1_140' title='bbox 244 1357 360 1396; x_wconf 79' lang='lat' dir='ltr'>peccati</span> <span class='ocrx_word' id='word_1_141' title='bbox 386 1358 551 1397; x_wconf 78' lang='lat' dir='ltr'>originalis</span> <span class='ocrx_word' id='word_1_142' title='bbox 570 1370 575 1388; x_wconf 90' lang='grc'>;</span> <span class='ocrx_word' id='word_1_143' title='bbox 595 1359 647 1389; x_wconf 89' lang='lat' dir='ltr'>sed</span> <span class='ocrx_word' id='word_1_144' title='bbox 672 1359 827 1398; x_wconf 81' lang='lat' dir='ltr'>originale</span> <span class='ocrx_word' id='word_1_145' title='bbox 848 1362 1012 1400; x_wconf 83' lang='lat' dir='ltr'>peccatum</span> 
     </span>
     <span class='ocr_line' id='line_1_24' title="bbox 244 1411 1014 1452; baseline 0.004 -12"><span class='ocrx_word' id='word_1_146' title='bbox 244 1420 307 1440; x_wconf 82' lang='lat' dir='ltr'>non</span> <span class='ocrx_word' id='word_1_147' title='bbox 332 1413 432 1450; x_wconf 84' lang='lat' dir='ltr'>potest</span> <span class='ocrx_word' id='word_1_148' title='bbox 458 1411 576 1441; x_wconf 81' lang='lat' dir='ltr'>remitti</span> <span class='ocrx_word' id='word_1_149' title='bbox 599 1412 659 1442; x_wconf 84' lang='lat' dir='ltr'>nisi</span> <span class='ocrx_word' id='word_1_150' title='bbox 685 1422 739 1451; x_wconf 90' lang='lat' dir='ltr'>per</span> <span class='ocrx_word' id='word_1_151' title='bbox 761 1413 855 1443; x_wconf 81' lang='lat' dir='ltr'>sidem</span> <span class='ocrx_word' id='word_1_152' title='bbox 869 1436 877 1451; x_wconf 75' lang='lat'>,</span> <span class='ocrx_word' id='word_1_153' title='bbox 893 1414 942 1443; x_wconf 84' lang='lat' dir='ltr'>vel</span> <span class='ocrx_word' id='word_1_154' title='bbox 958 1422 1014 1452; x_wconf 88' lang='lat' dir='ltr'>per</span> 
     </span>
     <span class='ocr_line' id='line_1_25' title="bbox 242 1463 1014 1506; baseline 0.006 -14"><span class='ocrx_word' id='word_1_155' title='bbox 242 1463 367 1502; x_wconf 80' lang='lat' dir='ltr'>aliquod</span> <span class='ocrx_word' id='word_1_156' title='bbox 388 1463 457 1493; x_wconf 73' lang='lat' dir='ltr'>fidei</span> <span class='ocrx_word' id='word_1_157' title='bbox 480 1467 731 1502; x_wconf 81' lang='lat' dir='ltr'>sacramentum,</span> <span class='ocrx_word' id='word_1_158' title='bbox 753 1466 836 1505; x_wconf 87' lang='lat' dir='ltr'>quod</span> <span class='ocrx_word' id='word_1_159' title='bbox 858 1466 897 1496; x_wconf 78' lang='lat' dir='ltr'>sit</span> <span class='ocrx_word' id='word_1_160' title='bbox 915 1466 1014 1506; x_wconf 86' lang='lat' dir='ltr'>ipsius</span> 
     </span>
     <span class='ocr_line' id='line_1_26' title="bbox 243 1517 1014 1560; baseline 0.004 -12"><span class='ocrx_word' id='word_1_161' title='bbox 243 1517 422 1549; x_wconf 71' lang='lat' dir='ltr'>Mediator-is</span> <span class='ocrx_word' id='word_1_162' title='bbox 437 1519 569 1558; x_wconf 79' lang='lat' dir='ltr'>signum</span> <span class='ocrx_word' id='word_1_163' title='bbox 588 1531 593 1549; x_wconf 79' lang='lat' dir='ltr'>z</span> <span class='ocrx_word' id='word_1_164' title='bbox 611 1528 690 1559; x_wconf 78' lang='lat' dir='ltr'>ergo</span> <span class='ocrx_word' id='word_1_165' title='bbox 705 1520 812 1550; x_wconf 89' lang='lat' dir='ltr'>nullus</span> <span class='ocrx_word' id='word_1_166' title='bbox 829 1520 930 1560; x_wconf 90' lang='lat' dir='ltr'>potuit</span> <span class='ocrx_word' id='word_1_167' title='bbox 946 1529 1014 1560; x_wconf 87' lang='lat' dir='ltr'>per-</span> 
     </span>
     <span class='ocr_line' id='line_1_27' title="bbox 244 1571 1012 1611; baseline 0.005 -11"><span class='ocrx_word' id='word_1_168' title='bbox 244 1571 350 1601; x_wconf 69' lang='lat' dir='ltr'>venire</span> <span class='ocrx_word' id='word_1_169' title='bbox 372 1571 411 1602; x_wconf 86' lang='lat' dir='ltr'>ad</span> <span class='ocrx_word' id='word_1_170' title='bbox 435 1572 570 1603; x_wconf 85' lang='lat' dir='ltr'>salutem</span> <span class='ocrx_word' id='word_1_171' title='bbox 591 1575 663 1603; x_wconf 83' lang='lat' dir='ltr'>ante</span> <span class='ocrx_word' id='word_1_172' title='bbox 683 1573 856 1604; x_wconf 86' lang='lat' dir='ltr'>adventum</span> <span class='ocrx_word' id='word_1_173' title='bbox 878 1573 1012 1611; x_wconf 86' lang='lat' dir='ltr'>Christi,</span> 
     </span>
     <span class='ocr_line' id='line_1_28' title="bbox 244 1621 758 1661; baseline 0.004 -10"><span class='ocrx_word' id='word_1_174' title='bbox 244 1621 298 1661; x_wconf 90' lang='lat' dir='ltr'>qui</span> <span class='ocrx_word' id='word_1_175' title='bbox 312 1631 376 1652; x_wconf 93' lang='lat' dir='ltr'>non</span> <span class='ocrx_word' id='word_1_176' title='bbox 391 1623 530 1654; x_wconf 80' lang='lat' dir='ltr'>crederet</span> <span class='ocrx_word' id='word_1_177' title='bbox 545 1623 758 1655; x_wconf 81' lang='lat' dir='ltr'>Mediatorem.</span> 
     </span>
    </p>

    <p class='ocr_par' dir='ltr' id='par_1_5' title="bbox 242 1675 1015 2413">
     <span class='ocr_line' id='line_1_29' title="bbox 285 1675 1012 1717; baseline 0.003 -11"><span class='ocrx_word' id='word_1_178' title='bbox 285 1675 362 1706; x_wconf 88' lang='lat' dir='ltr'>Item</span> <span class='ocrx_word' id='word_1_179' title='bbox 377 1677 485 1707; x_wconf 90' lang='lat' dir='ltr'>nullus</span> <span class='ocrx_word' id='word_1_180' title='bbox 501 1679 601 1716; x_wconf 84' lang='lat' dir='ltr'>potest</span> <span class='ocrx_word' id='word_1_181' title='bbox 616 1678 782 1717; x_wconf 85' lang='lat' dir='ltr'>pervenire</span> <span class='ocrx_word' id='word_1_182' title='bbox 804 1678 841 1708; x_wconf 86' lang='lat' dir='ltr'>ad</span> <span class='ocrx_word' id='word_1_183' title='bbox 857 1678 991 1708; x_wconf 79' lang='lat' dir='ltr'>salutem</span> <span class='ocrx_word' id='word_1_184' title='bbox 1004 1702 1012 1716; x_wconf 82' lang='lat'>‚</span> 
     </span>
     <span class='ocr_line' id='line_1_30' title="bbox 244 1727 1012 1771; baseline 0.005 -14"><span class='ocrx_word' id='word_1_185' title='bbox 244 1727 303 1758; x_wconf 90' lang='lat' dir='ltr'>nisi</span> <span class='ocrx_word' id='word_1_186' title='bbox 317 1729 371 1768; x_wconf 90' lang='lat' dir='ltr'>qui</span> <span class='ocrx_word' id='word_1_187' title='bbox 387 1731 492 1769; x_wconf 77' lang='lat' dir='ltr'>sperat</span> <span class='ocrx_word' id='word_1_188' title='bbox 508 1739 515 1760; x_wconf 87' lang='lat'>:</span> <span class='ocrx_word' id='word_1_189' title='bbox 533 1730 587 1761; x_wconf 83' lang='lat' dir='ltr'>sed</span> <span class='ocrx_word' id='word_1_190' title='bbox 602 1730 710 1761; x_wconf 87' lang='lat' dir='ltr'>nullus</span> <span class='ocrx_word' id='word_1_191' title='bbox 725 1733 807 1761; x_wconf 84' lang='lat' dir='ltr'>recte</span> <span class='ocrx_word' id='word_1_192' title='bbox 822 1733 936 1771; x_wconf 80' lang='lat' dir='ltr'>sperat,</span> <span class='ocrx_word' id='word_1_193' title='bbox 952 1731 1012 1761; x_wconf 84' lang='lat' dir='ltr'>nisi</span> 
     </span>
     <span class='ocr_line' id='line_1_31' title="bbox 243 1782 1014 1825; baseline 0.006 -14"><span class='ocrx_word' id='word_1_194' title='bbox 243 1782 297 1821; x_wconf 87' lang='lat' dir='ltr'>qui</span> <span class='ocrx_word' id='word_1_195' title='bbox 313 1782 409 1813; x_wconf 84' lang='lat' dir='ltr'>credit</span> <span class='ocrx_word' id='word_1_196' title='bbox 425 1783 461 1813; x_wconf 84' lang='lat' dir='ltr'>ad</span> <span class='ocrx_word' id='word_1_197' title='bbox 487 1783 621 1814; x_wconf 81' lang='lat' dir='ltr'>salutem</span> <span class='ocrx_word' id='word_1_198' title='bbox 646 1793 679 1814; x_wconf 83' lang='lat' dir='ltr'>se</span> <span class='ocrx_word' id='word_1_199' title='bbox 704 1787 934 1824; x_wconf 84' lang='lat' dir='ltr'>perventurum</span> <span class='ocrx_word' id='word_1_200' title='bbox 959 1794 1014 1825; x_wconf 85' lang='lat' dir='ltr'>per</span> 
     </span>
     <span class='ocr_line' id='line_1_32' title="bbox 245 1836 1014 1877; baseline 0.005 -12"><span class='ocrx_word' id='word_1_201' title='bbox 245 1836 370 1873; x_wconf 82' lang='lat' dir='ltr'>merita,</span> <span class='ocrx_word' id='word_1_202' title='bbox 388 1837 460 1876; x_wconf 80' lang='lat' dir='ltr'>quia</span> <span class='ocrx_word' id='word_1_203' title='bbox 474 1846 544 1876; x_wconf 85' lang='lat' dir='ltr'>spes</span> <span class='ocrx_word' id='word_1_204' title='bbox 562 1838 701 1877; x_wconf 81' lang='lat' dir='ltr'>procedit</span> <span class='ocrx_word' id='word_1_205' title='bbox 722 1847 761 1868; x_wconf 83' lang='lat' dir='ltr'>ex</span> <span class='ocrx_word' id='word_1_206' title='bbox 778 1838 881 1877; x_wconf 78' lang='lat' dir='ltr'>gratia</span> <span class='ocrx_word' id='word_1_207' title='bbox 897 1841 927 1869; x_wconf 87' lang='lat' dir='ltr'>et</span> <span class='ocrx_word' id='word_1_208' title='bbox 946 1848 1014 1869; x_wconf 87' lang='lat' dir='ltr'>me-</span> 
     </span>
     <span class='ocr_line' id='line_1_33' title="bbox 243 1888 1011 1930; baseline 0.005 -12"><span class='ocrx_word' id='word_1_209' title='bbox 243 1888 322 1918; x_wconf 89' lang='lat' dir='ltr'>ritis.</span> <span class='ocrx_word' id='word_1_210' title='bbox 347 1889 376 1919; x_wconf 76' lang='lat' dir='ltr'>si</span> <span class='ocrx_word' id='word_1_211' title='bbox 401 1898 480 1928; x_wconf 81' lang='lat' dir='ltr'>ergo</span> <span class='ocrx_word' id='word_1_212' title='bbox 505 1890 549 1920; x_wconf 93' lang='lat' dir='ltr'>illi</span> <span class='ocrx_word' id='word_1_213' title='bbox 571 1891 627 1930; x_wconf 87' lang='lat' dir='ltr'>qui</span> <span class='ocrx_word' id='word_1_214' title='bbox 653 1895 881 1930; x_wconf 80' lang='lat' dir='ltr'>praecesserunt</span> <span class='ocrx_word' id='word_1_215' title='bbox 899 1892 1011 1922; x_wconf 82' lang='lat' dir='ltr'>Christi</span> 
     </span>
     <span class='ocr_line' id='line_1_34' title="bbox 243 1941 1014 1984; baseline 0.006 -14"><span class='ocrx_word' id='word_1_216' title='bbox 243 1941 414 1971; x_wconf 82' lang='lat' dir='ltr'>adventum</span> <span class='ocrx_word' id='word_1_217' title='bbox 428 1966 436 1980; x_wconf 85' lang='lat'>‚</span> <span class='ocrx_word' id='word_1_218' title='bbox 464 1943 687 1980; x_wconf 81' lang='lat' dir='ltr'>salvabantur,</span> <span class='ocrx_word' id='word_1_219' title='bbox 709 1945 877 1975; x_wconf 85' lang='lat' dir='ltr'>credebant</span> <span class='ocrx_word' id='word_1_220' title='bbox 902 1954 935 1975; x_wconf 87' lang='lat' dir='ltr'>se</span> <span class='ocrx_word' id='word_1_221' title='bbox 958 1954 1014 1984; x_wconf 86' lang='lat' dir='ltr'>per</span> 
     </span>
     <span class='ocr_line' id='line_1_35' title="bbox 244 1997 1013 2038; baseline 0.008 -13"><span class='ocrx_word' id='word_1_222' title='bbox 244 1997 356 2027; x_wconf 77' lang='lat' dir='ltr'>merita</span> <span class='ocrx_word' id='word_1_223' title='bbox 370 1997 486 2028; x_wconf 84' lang='lat' dir='ltr'>salvari</span> <span class='ocrx_word' id='word_1_224' title='bbox 504 2008 511 2028; x_wconf 80' lang='lat' dir='ltr'><strong><em>z</em></strong></span> <span class='ocrx_word' id='word_1_225' title='bbox 527 2001 581 2029; x_wconf 83' lang='lat' dir='ltr'>aut</span> <span class='ocrx_word' id='word_1_226' title='bbox 604 2008 682 2038; x_wconf 79' lang='lat' dir='ltr'>ergo</span> <span class='ocrx_word' id='word_1_227' title='bbox 706 2001 875 2031; x_wconf 86' lang='lat' dir='ltr'>credebant</span> <span class='ocrx_word' id='word_1_228' title='bbox 902 2001 1013 2031; x_wconf 84' lang='lat' dir='ltr'>merita</span> 
     </span>
     <span class='ocr_line' id='line_1_36' title="bbox 244 2053 1013 2093; baseline 0.008 -12"><span class='ocrx_word' id='word_1_229' title='bbox 244 2053 371 2092; x_wconf 86' lang='lat' dir='ltr'>propria</span> <span class='ocrx_word' id='word_1_230' title='bbox 384 2053 440 2083; x_wconf 84' lang='lat' dir='ltr'>sibi</span> <span class='ocrx_word' id='word_1_231' title='bbox 460 2054 603 2085; x_wconf 65' lang='lat' dir='ltr'>suffioeze</span> <span class='ocrx_word' id='word_1_232' title='bbox 613 2079 620 2093; x_wconf 76' lang='grc'>,</span> <span class='ocrx_word' id='word_1_233' title='bbox 632 2058 686 2085; x_wconf 82' lang='lat' dir='ltr'>aut</span> <span class='ocrx_word' id='word_1_234' title='bbox 701 2056 821 2086; x_wconf 74' lang='lat' dir='ltr'>meritis</span> <span class='ocrx_word' id='word_1_235' title='bbox 836 2056 947 2087; x_wconf 84' lang='lat' dir='ltr'>alienis</span> <span class='ocrx_word' id='word_1_236' title='bbox 963 2057 1013 2087; x_wconf 90' lang='lat' dir='ltr'>in-</span> 
     </span>
     <span class='ocr_line' id='line_1_37' title="bbox 244 2105 1014 2148; baseline 0.004 -12"><span class='ocrx_word' id='word_1_237' title='bbox 244 2105 362 2144; x_wconf 76' lang='lat' dir='ltr'>digere.</span> <span class='ocrx_word' id='word_1_238' title='bbox 379 2106 410 2137; x_wconf 92' lang='lat' dir='ltr'>Si</span> <span class='ocrx_word' id='word_1_239' title='bbox 427 2107 594 2138; x_wconf 73' lang='lat' dir='ltr'>‹·1·edebant</span> <span class='ocrx_word' id='word_1_240' title='bbox 608 2109 734 2148; x_wconf 87' lang='lat' dir='ltr'>propria</span> <span class='ocrx_word' id='word_1_241' title='bbox 749 2109 861 2139; x_wconf 86' lang='lat' dir='ltr'>merita</span> <span class='ocrx_word' id='word_1_242' title='bbox 876 2109 935 2139; x_wconf 87' lang='lat' dir='ltr'>sihi</span> <span class='ocrx_word' id='word_1_243' title='bbox 952 2110 1014 2140; x_wconf 78' lang='lat' dir='ltr'>sus-</span> 
     </span>
     <span class='ocr_line' id='line_1_38' title="bbox 244 2159 1011 2202; baseline 0.007 -14"><span class='ocrx_word' id='word_1_244' title='bbox 244 2159 356 2197; x_wconf 81' lang='lat' dir='ltr'>ficere,</span> <span class='ocrx_word' id='word_1_245' title='bbox 378 2168 456 2198; x_wconf 79' lang='lat' dir='ltr'>ergo</span> <span class='ocrx_word' id='word_1_246' title='bbox 472 2160 684 2192; x_wconf 80' lang='lat' dir='ltr'>etl&#39;erebantur</span> <span class='ocrx_word' id='word_1_247' title='bbox 699 2164 728 2191; x_wconf 88' lang='lat' dir='ltr'>et</span> <span class='ocrx_word' id='word_1_248' title='bbox 749 2162 984 2202; x_wconf 81' lang='lat' dir='ltr'>decipiebantur</span> <span class='ocrx_word' id='word_1_249' title='bbox 1005 2174 1011 2193; x_wconf 88' lang='lat'>:</span> 
     </span>
     <span class='ocr_line' id='line_1_39' title="bbox 243 2213 1013 2250; baseline 0.006 -9"><span class='ocrx_word' id='word_1_250' title='bbox 243 2221 320 2250; x_wconf 68' lang='lat' dir='ltr'>ergo</span> <span class='ocrx_word' id='word_1_251' title='bbox 332 2221 395 2242; x_wconf 91' lang='lat' dir='ltr'>non</span> <span class='ocrx_word' id='word_1_252' title='bbox 408 2213 623 2244; x_wconf 82' lang='lat' dir='ltr'>salvabantur.</span> <span class='ocrx_word' id='word_1_253' title='bbox 638 2214 668 2245; x_wconf 91' lang='lat' dir='ltr'>Si</span> <span class='ocrx_word' id='word_1_254' title='bbox 680 2215 849 2246; x_wconf 78' lang='lat' dir='ltr'>credebant</span> <span class='ocrx_word' id='word_1_255' title='bbox 860 2225 891 2246; x_wconf 86' lang='lat' dir='ltr'>se</span> <span class='ocrx_word' id='word_1_256' title='bbox 902 2216 1013 2246; x_wconf 86' lang='lat' dir='ltr'>alienis</span> 
     </span>
     <span class='ocr_line' id='line_1_40' title="bbox 245 2265 1014 2306; baseline 0.007 -12"><span class='ocrx_word' id='word_1_257' title='bbox 245 2265 365 2295; x_wconf 81' lang='lat' dir='ltr'>meritis</span> <span class='ocrx_word' id='word_1_258' title='bbox 390 2265 552 2305; x_wconf 82' lang='lat' dir='ltr'>indigere,</span> <span class='ocrx_word' id='word_1_259' title='bbox 571 2276 648 2306; x_wconf 79' lang='lat' dir='ltr'>eigo</span> <span class='ocrx_word' id='word_1_260' title='bbox 671 2267 830 2298; x_wconf 81' lang='lat' dir='ltr'>habebant</span> <span class='ocrx_word' id='word_1_261' title='bbox 856 2269 951 2299; x_wconf 79' lang='lat' dir='ltr'>fldem</span> <span class='ocrx_word' id='word_1_262' title='bbox 976 2269 1014 2300; x_wconf 90' lang='lat' dir='ltr'>de</span> 
     </span>
     <span class='ocr_line' id='line_1_41' title="bbox 243 2318 1015 2362; baseline 0.005 -13"><span class='ocrx_word' id='word_1_263' title='bbox 243 2318 435 2349; x_wconf 79' lang='lat' dir='ltr'>Mediatore:</span> <span class='ocrx_word' id='word_1_264' title='bbox 458 2328 535 2358; x_wconf 72' lang='lat' dir='ltr'>ergo</span> <span class='ocrx_word' id='word_1_265' title='bbox 558 2320 664 2350; x_wconf 89' lang='lat' dir='ltr'>nullus</span> <span class='ocrx_word' id='word_1_266' title='bbox 683 2321 797 2351; x_wconf 83' lang='lat' dir='ltr'>salvari</span> <span class='ocrx_word' id='word_1_267' title='bbox 822 2322 923 2361; x_wconf 84' lang='lat' dir='ltr'>potuit</span> <span class='ocrx_word' id='word_1_268' title='bbox 946 2324 1015 2362; x_wconf 86' lang='lat' dir='ltr'>post</span> 
     </span>
     <span class='ocr_line' id='line_1_42' title="bbox 242 2372 822 2413; baseline 0.005 -11"><span class='ocrx_word' id='word_1_269' title='bbox 242 2372 366 2411; x_wconf 85' lang='lat' dir='ltr'>lapsum</span> <span class='ocrx_word' id='word_1_270' title='bbox 382 2372 501 2412; x_wconf 84' lang='lat' dir='ltr'>absque</span> <span class='ocrx_word' id='word_1_271' title='bbox 519 2373 579 2403; x_wconf 82' lang='lat' dir='ltr'>side</span> <span class='ocrx_word' id='word_1_272' title='bbox 596 2373 822 2413; x_wconf 83' lang='lat' dir='ltr'>Redemptoris.</span> 
     </span>
    </p>
   </div>
   <div class='ocr_carea' id='block_1_2' title="bbox 243 2459 1013 2518">
    <p class='ocr_par' dir='ltr' id='par_1_6' title="bbox 243 2459 1013 2518">
     <span class='ocr_line' id='line_1_43' title="bbox 277 2459 1013 2493; baseline 0.008 -12"><span class='ocrx_word' id='word_1_273' title='bbox 277 2460 375 2488; x_wconf 70' lang='lat' dir='ltr'>¹!ozm.,</span> <span class='ocrx_word' id='word_1_274' title='bbox 393 2465 418 2486; x_wconf 74' lang='grc'>1,</span> <span class='ocrx_word' id='word_1_275' title='bbox 435 2461 469 2481; x_wconf 76' lang='grc'>17.</span> <span class='ocrx_word' id='word_1_276' title='bbox 486 2471 515 2476; x_wconf 83' lang='grc'><strong>-</strong></span> <span class='ocrx_word' id='word_1_277' title='bbox 532 2460 540 2475; x_wconf 85' lang='lat'>²</span> <span class='ocrx_word' id='word_1_278' title='bbox 555 2460 628 2489; x_wconf 53' lang='lat' dir='ltr'>ling„</span> <span class='ocrx_word' id='word_1_279' title='bbox 643 2459 671 2482; x_wconf 59' lang='lat' dir='ltr'>tle</span> <span class='ocrx_word' id='word_1_280' title='bbox 686 2460 808 2490; x_wconf 60' lang='lat' dir='ltr'>Sacram„</span> <span class='ocrx_word' id='word_1_281' title='bbox 825 2461 866 2485; x_wconf 81' lang='lat' dir='ltr'>lib.</span> <span class='ocrx_word' id='word_1_282' title='bbox 887 2463 912 2492; x_wconf 86' lang='lat'>1,</span> <span class='ocrx_word' id='word_1_283' title='bbox 929 2470 953 2493; x_wconf 80' lang='lat' dir='ltr'>p.</span> <span class='ocrx_word' id='word_1_284' title='bbox 974 2469 1013 2493; x_wconf 66' lang='grc' dir='ltr'>Χῐ,</span> 
     </span>
     <span class='ocr_line' id='line_1_44' title="bbox 243 2499 325 2518; baseline 0 -1"><span class='ocrx_word' id='word_1_285' title='bbox 243 2501 265 2518; x_wconf 83' lang='grc'>0.</span> <span class='ocrx_word' id='word_1_286' title='bbox 280 2499 325 2518; x_wconf 81' lang='lat' dir='ltr'>vn.</span> 
     </span>
    </p>
   </div>
   <div class='ocr_carea' id='block_1_3' title="bbox 277 2541 735 2573">
    <p class='ocr_par' dir='ltr' id='par_1_7' title="bbox 277 2541 735 2573">
     <span class='ocr_line' id='line_1_45' title="bbox 277 2541 735 2573; baseline 0.002 -9"><span class='ocrx_word' id='word_1_287' title='bbox 277 2542 310 2569; x_wconf 69' lang='lat' dir='ltr'>(a)</span> <span class='ocrx_word' id='word_1_288' title='bbox 325 2541 394 2565; x_wconf 63' lang='lat' dir='ltr'>Edi!⁴</span> <span class='ocrx_word' id='word_1_289' title='bbox 415 2541 493 2565; x_wconf 56' lang='lat' dir='ltr'>renel.</span> <span class='ocrx_word' id='word_1_290' title='bbox 515 2543 589 2572; x_wconf 70' lang='lat'>17:53,</span> <span class='ocrx_word' id='word_1_291' title='bbox 606 2542 735 2573; x_wconf 74' lang='lat' dir='ltr'>implicite.</span> 
     </span>
    </p>
   </div>
   <div class='ocr_carea' id='block_1_4' title="bbox 807 174 1285 209">
    <p class='ocr_par' dir='ltr' id='par_1_8' title="bbox 807 174 1285 209">
     <span class='ocr_line' id='line_1_46' title="bbox 807 174 1285 209; baseline 0.004 -2"><span class='ocrx_word' id='word_1_292' title='bbox 807 174 1115 207; x_wconf 79' lang='lat' dir='ltr'><strong>SENTENTIARUM</strong></span> <span class='ocrx_word' id='word_1_293' title='bbox 1136 176 1209 208; x_wconf 88' lang='lat' dir='ltr'>LIB.</span> <span class='ocrx_word' id='word_1_294' title='bbox 1232 177 1285 209; x_wconf 85' lang='lat'><em>111.</em></span> 
     </span>
    </p>
   </div>
   <div class='ocr_carea' id='block_1_5' title="bbox 1335 273 1558 307">
    <p class='ocr_par' dir='ltr' id='par_1_9' title="bbox 1335 273 1558 307">
     <span class='ocr_line' id='line_1_47' title="bbox 1335 273 1558 307; baseline 0.004 -2"><span class='ocrx_word' id='word_1_295' title='bbox 1335 273 1558 307; x_wconf 89' lang='lat' dir='ltr'>CONCLUSIO.</span> 
     </span>
    </p>
   </div>
   <div class='ocr_carea' id='block_1_6' title="bbox 1065 345 1835 470">
    <p class='ocr_par' dir='ltr' id='par_1_10' title="bbox 1065 345 1835 470">
     <span class='ocr_line' id='line_1_48' title="bbox 1065 345 1835 384; baseline 0.009 -13"><span class='ocrx_word' id='word_1_296' title='bbox 1065 345 1161 372; x_wconf 79' lang='lat' dir='ltr'>Nullus</span> <span class='ocrx_word' id='word_1_297' title='bbox 1179 348 1237 380; x_wconf 78' lang='lat' dir='ltr'>post</span> <span class='ocrx_word' id='word_1_298' title='bbox 1252 347 1355 381; x_wconf 76' lang='lat' dir='ltr'>lapsum</span> <span class='ocrx_word' id='word_1_299' title='bbox 1374 347 1470 382; x_wconf 80' lang='lat' dir='ltr'>absque</span> <span class='ocrx_word' id='word_1_300' title='bbox 1483 349 1639 377; x_wconf 79' lang='lat' dir='ltr'>Mediatoris</span> <span class='ocrx_word' id='word_1_301' title='bbox 1659 350 1710 384; x_wconf 78' lang='lat' dir='ltr'>fide</span> <span class='ocrx_word' id='word_1_302' title='bbox 1729 351 1835 378; x_wconf 73' lang='lat' dir='ltr'>salvari</span> 
     </span>
     <span class='ocr_line' id='line_1_49' title="bbox 1098 390 1834 428; baseline 0.01 -13"><span class='ocrx_word' id='word_1_303' title='bbox 1098 391 1189 424; x_wconf 71' lang='lat' dir='ltr'>potuit</span> <span class='ocrx_word' id='word_1_304' title='bbox 1203 390 1298 417; x_wconf 78' lang='lat' dir='ltr'>saltem</span> <span class='ocrx_word' id='word_1_305' title='bbox 1308 391 1443 425; x_wconf 70' lang='lat' dir='ltr'>implicita</span> <span class='ocrx_word' id='word_1_306' title='bbox 1456 391 1502 426; x_wconf 76' lang='lat' dir='ltr'>(a),</span> <span class='ocrx_word' id='word_1_307' title='bbox 1514 393 1574 419; x_wconf 72' lang='lat' dir='ltr'>licet</span> <span class='ocrx_word' id='word_1_308' title='bbox 1588 395 1714 428; x_wconf 68' lang='lat' dir='ltr'>emplicz&#39;te</span> <span class='ocrx_word' id='word_1_309' title='bbox 1725 403 1776 421; x_wconf 79' lang='lat' dir='ltr'>non</span> <span class='ocrx_word' id='word_1_310' title='bbox 1793 397 1834 422; x_wconf 80' lang='lat' dir='ltr'>te-</span> 
     </span>
     <span class='ocr_line' id='line_1_50' title="bbox 1101 435 1797 470; baseline 0.01 -11"><span class='ocrx_word' id='word_1_311' title='bbox 1101 436 1224 461; x_wconf 73' lang='lat' dir='ltr'>nerentur</span> <span class='ocrx_word' id='word_1_312' title='bbox 1236 435 1346 467; x_wconf 70' lang='lat' dir='ltr'>credere,</span> <span class='ocrx_word' id='word_1_313' title='bbox 1358 437 1412 462; x_wconf 71' lang='lat' dir='ltr'>nisi</span> <span class='ocrx_word' id='word_1_314' title='bbox 1426 437 1449 462; x_wconf 68' lang='lat' dir='ltr'>iz·</span> <span class='ocrx_word' id='word_1_315' title='bbox 1461 437 1556 470; x_wconf 75' lang='lat' dir='ltr'>quibas</span> <span class='ocrx_word' id='word_1_316' title='bbox 1567 440 1624 464; x_wconf 75' lang='lat' dir='ltr'>erat</span> <span class='ocrx_word' id='word_1_317' title='bbox 1640 440 1797 466; x_wconf 79' lang='lat' dir='ltr'>revelatum.</span> 
     </span>
    </p>
   </div>
   <div class='ocr_carea' id='block_1_7' title="bbox 1066 509 1841 2675">
    <p class='ocr_par' dir='ltr' id='par_1_11' title="bbox 1066 509 1841 2675">
     <span class='ocr_line' id='line_1_51' title="bbox 1108 509 1835 552; baseline 0.007 -12"><span class='ocrx_word' id='word_1_318' title='bbox 1108 509 1198 549; x_wconf 84' lang='lat' dir='ltr'>Resp.</span> <span class='ocrx_word' id='word_1_319' title='bbox 1215 511 1254 541; x_wconf 89' lang='lat' dir='ltr'>ad</span> <span class='ocrx_word' id='word_1_320' title='bbox 1267 519 1338 550; x_wconf 84' lang='lat' dir='ltr'>arg.</span> <span class='ocrx_word' id='word_1_321' title='bbox 1355 511 1528 542; x_wconf 86' lang='lat' dir='ltr'>Dicendum</span> <span class='ocrx_word' id='word_1_322' title='bbox 1542 513 1643 552; x_wconf 73' lang='lat' dir='ltr'>quod,</span> <span class='ocrx_word' id='word_1_323' title='bbox 1659 514 1741 545; x_wconf 83' lang='lat' dir='ltr'>sicut</span> <span class='ocrx_word' id='word_1_324' title='bbox 1756 515 1835 545; x_wconf 90' lang='lat' dir='ltr'>mul-</span> 
     </span>
     <span class='ocr_line' id='line_1_52' title="bbox 1068 562 1834 606; baseline 0.008 -14"><span class='ocrx_word' id='word_1_325' title='bbox 1068 562 1106 592; x_wconf 88' lang='lat' dir='ltr'>tis</span> <span class='ocrx_word' id='word_1_326' title='bbox 1120 563 1358 594; x_wconf 85' lang='lat' dir='ltr'>auctoritatibus</span> <span class='ocrx_word' id='word_1_327' title='bbox 1372 565 1483 604; x_wconf 82' lang='lat' dir='ltr'>probat</span> <span class='ocrx_word' id='word_1_328' title='bbox 1503 565 1653 604; x_wconf 81' lang='lat' dir='ltr'>Magister</span> <span class='ocrx_word' id='word_1_329' title='bbox 1668 566 1700 596; x_wconf 87' lang='lat' dir='ltr'>in</span> <span class='ocrx_word' id='word_1_330' title='bbox 1713 567 1816 598; x_wconf 85' lang='lat' dir='ltr'>littera</span> <span class='ocrx_word' id='word_1_331' title='bbox 1826 591 1834 606; x_wconf 86' lang='lat'>‚</span> 
     </span>
     <span class='ocr_line' id='line_1_53' title="bbox 1067 615 1835 657; baseline 0.008 -14"><span class='ocrx_word' id='word_1_332' title='bbox 1067 617 1136 654; x_wconf 89' lang='lat' dir='ltr'>post</span> <span class='ocrx_word' id='word_1_333' title='bbox 1156 615 1280 654; x_wconf 82' lang='lat' dir='ltr'>lapsum</span> <span class='ocrx_word' id='word_1_334' title='bbox 1297 616 1373 647; x_wconf 77' lang='lat' dir='ltr'>Adae</span> <span class='ocrx_word' id='word_1_335' title='bbox 1389 617 1496 647; x_wconf 90' lang='lat' dir='ltr'>nullus</span> <span class='ocrx_word' id='word_1_336' title='bbox 1511 617 1627 648; x_wconf 83' lang='lat' dir='ltr'>salvari</span> <span class='ocrx_word' id='word_1_337' title='bbox 1642 618 1746 657; x_wconf 86' lang='lat' dir='ltr'>potuit</span> <span class='ocrx_word' id='word_1_338' title='bbox 1760 619 1835 649; x_wconf 80' lang='lat' dir='ltr'>abs-</span> 
     </span>
     <span class='ocr_line' id='line_1_54' title="bbox 1067 667 1837 710; baseline 0.006 -14"><span class='ocrx_word' id='word_1_339' title='bbox 1067 676 1128 706; x_wconf 86' lang='lat' dir='ltr'>quc</span> <span class='ocrx_word' id='word_1_340' title='bbox 1143 667 1202 698; x_wconf 84' lang='lat' dir='ltr'>fide</span> <span class='ocrx_word' id='word_1_341' title='bbox 1213 667 1402 699; x_wconf 86' lang='lat' dir='ltr'>Mediatoris.</span> <span class='ocrx_word' id='word_1_342' title='bbox 1417 669 1531 700; x_wconf 89' lang='lat' dir='ltr'>Nullus</span> <span class='ocrx_word' id='word_1_343' title='bbox 1546 670 1632 700; x_wconf 91' lang='lat' dir='ltr'>enim</span> <span class='ocrx_word' id='word_1_344' title='bbox 1647 670 1686 700; x_wconf 85' lang='lat' dir='ltr'>ab</span> <span class='ocrx_word' id='word_1_345' title='bbox 1702 670 1754 701; x_wconf 92' lang='lat' dir='ltr'>illo</span> <span class='ocrx_word' id='word_1_346' title='bbox 1768 679 1837 710; x_wconf 87' lang='lat' dir='ltr'>pec-</span> 
     </span>
     <span class='ocr_line' id='line_1_55' title="bbox 1067 720 1835 761; baseline 0.005 -12"><span class='ocrx_word' id='word_1_347' title='bbox 1067 722 1135 750; x_wconf 86' lang='lat' dir='ltr'>cato</span> <span class='ocrx_word' id='word_1_348' title='bbox 1149 720 1299 759; x_wconf 83' lang='lat' dir='ltr'>originali</span> <span class='ocrx_word' id='word_1_349' title='bbox 1318 724 1439 761; x_wconf 86' lang='lat' dir='ltr'>poterat</span> <span class='ocrx_word' id='word_1_350' title='bbox 1452 722 1596 759; x_wconf 86' lang='lat' dir='ltr'>liberari,</span> <span class='ocrx_word' id='word_1_351' title='bbox 1613 723 1672 753; x_wconf 88' lang='lat' dir='ltr'>nisi</span> <span class='ocrx_word' id='word_1_352' title='bbox 1694 723 1728 753; x_wconf 87' lang='lat' dir='ltr'>in</span> <span class='ocrx_word' id='word_1_353' title='bbox 1744 722 1835 754; x_wconf 89' lang='lat' dir='ltr'>illum</span> 
     </span>
     <span class='ocr_line' id='line_1_56' title="bbox 1068 771 1838 815; baseline 0.005 -13"><span class='ocrx_word' id='word_1_354' title='bbox 1068 771 1272 804; x_wconf 83' lang='lat' dir='ltr'>Mediatorem</span> <span class='ocrx_word' id='word_1_355' title='bbox 1295 775 1450 813; x_wconf 76' lang='lat' dir='ltr'>crederet,</span> <span class='ocrx_word' id='word_1_356' title='bbox 1480 775 1529 807; x_wconf 88' lang='lat' dir='ltr'>vel</span> <span class='ocrx_word' id='word_1_357' title='bbox 1553 775 1618 815; x_wconf 87' lang='lat' dir='ltr'>ipse</span> <span class='ocrx_word' id='word_1_358' title='bbox 1644 785 1701 815; x_wconf 88' lang='lat' dir='ltr'>pro</span> <span class='ocrx_word' id='word_1_359' title='bbox 1729 785 1761 806; x_wconf 86' lang='lat' dir='ltr'>se</span> <span class='ocrx_word' id='word_1_360' title='bbox 1778 800 1785 813; x_wconf 86' lang='lat'>‚</span> <span class='ocrx_word' id='word_1_361' title='bbox 1813 776 1838 806; x_wconf 91' lang='lat' dir='ltr'>si</span> 
     </span>
     <span class='ocr_line' id='line_1_57' title="bbox 1067 827 1838 868; baseline 0.005 -13"><span class='ocrx_word' id='word_1_362' title='bbox 1067 828 1147 856; x_wconf 77' lang='lat' dir='ltr'>esset</span> <span class='ocrx_word' id='word_1_363' title='bbox 1173 827 1317 865; x_wconf 85' lang='lat' dir='ltr'>adultus,</span> <span class='ocrx_word' id='word_1_364' title='bbox 1335 827 1384 858; x_wconf 87' lang='lat' dir='ltr'>vel</span> <span class='ocrx_word' id='word_1_365' title='bbox 1405 828 1485 858; x_wconf 83' lang='lat' dir='ltr'>alius</span> <span class='ocrx_word' id='word_1_366' title='bbox 1506 837 1563 868; x_wconf 88' lang='lat' dir='ltr'>pro</span> <span class='ocrx_word' id='word_1_367' title='bbox 1590 828 1657 867; x_wconf 87' lang='lat' dir='ltr'>ipso</span> <span class='ocrx_word' id='word_1_368' title='bbox 1679 828 1735 867; x_wconf 87' lang='lat' dir='ltr'>qui</span> <span class='ocrx_word' id='word_1_369' title='bbox 1757 830 1838 859; x_wconf 84' lang='lat' dir='ltr'>esset</span> 
     </span>
     <span class='ocr_line' id='line_1_58' title="bbox 1068 879 1836 920; baseline 0.004 -12"><span class='ocrx_word' id='word_1_370' title='bbox 1068 879 1229 918; x_wconf 82' lang='lat' dir='ltr'>parvulus,</span> <span class='ocrx_word' id='word_1_371' title='bbox 1256 879 1292 909; x_wconf 84' lang='lat' dir='ltr'>Et</span> <span class='ocrx_word' id='word_1_372' title='bbox 1316 881 1396 911; x_wconf 70' lang='lat' dir='ltr'>ratio</span> <span class='ocrx_word' id='word_1_373' title='bbox 1419 881 1517 920; x_wconf 74' lang='lat' dir='ltr'>huius</span> <span class='ocrx_word' id='word_1_374' title='bbox 1541 883 1611 919; x_wconf 85' lang='lat' dir='ltr'>est,</span> <span class='ocrx_word' id='word_1_375' title='bbox 1634 881 1712 920; x_wconf 87' lang='lat' dir='ltr'>quia</span> <span class='ocrx_word' id='word_1_376' title='bbox 1738 886 1836 911; x_wconf 80' lang='grc' dir='ltr'>011111ι</span> 
     </span>
     <span class='ocr_line' id='line_1_59' title="bbox 1066 933 1836 973; baseline 0.004 -10"><span class='ocrx_word' id='word_1_377' title='bbox 1066 933 1173 971; x_wconf 70' lang='lat' dir='ltr'>qratia</span> <span class='ocrx_word' id='word_1_378' title='bbox 1187 935 1215 964; x_wconf 74' lang='lat' dir='ltr'>et</span> <span class='ocrx_word' id='word_1_379' title='bbox 1231 934 1350 964; x_wconf 77' lang='lat' dir='ltr'>veritas</span> <span class='ocrx_word' id='word_1_380' title='bbox 1369 941 1427 973; x_wconf 76' lang='lat' dir='ltr'>per</span> <span class='ocrx_word' id='word_1_381' title='bbox 1447 934 1552 965; x_wconf 75' lang='lat' dir='ltr'>Jesum</span> <span class='ocrx_word' id='word_1_382' title='bbox 1574 933 1733 965; x_wconf 78' lang='lat' dir='ltr'>Christum</span> <span class='ocrx_word' id='word_1_383' title='bbox 1749 935 1836 972; x_wconf 76' lang='lat' dir='ltr'>facta</span> 
     </span>
     <span class='ocr_line' id='line_1_60' title="bbox 1067 985 1837 1026; baseline 0.001 -11"><span class='ocrx_word' id='word_1_384' title='bbox 1067 985 1129 1022; x_wconf 70' lang='lat' dir='ltr'>sic,</span> <span class='ocrx_word' id='word_1_385' title='bbox 1146 986 1176 1014; x_wconf 82' lang='lat' dir='ltr'>et</span> <span class='ocrx_word' id='word_1_386' title='bbox 1189 985 1333 1016; x_wconf 85' lang='lat' dir='ltr'>liberatio</span> <span class='ocrx_word' id='word_1_387' title='bbox 1351 986 1390 1016; x_wconf 89' lang='lat' dir='ltr'>ab</span> <span class='ocrx_word' id='word_1_388' title='bbox 1413 986 1469 1016; x_wconf 90' lang='lat' dir='ltr'>illo</span> <span class='ocrx_word' id='word_1_389' title='bbox 1491 987 1618 1026; x_wconf 68' lang='lat' dir='ltr'>peceato</span> <span class='ocrx_word' id='word_1_390' title='bbox 1634 985 1783 1025; x_wconf 82' lang='lat' dir='ltr'>originali</span> <span class='ocrx_word' id='word_1_391' title='bbox 1798 986 1837 1016; x_wconf 85' lang='lat' dir='ltr'>sit</span> 
     </span>
     <span class='ocr_line' id='line_1_61' title="bbox 1068 1037 1836 1076; baseline 0.001 -8"><span class='ocrx_word' id='word_1_392' title='bbox 1068 1046 1124 1076; x_wconf 86' lang='lat' dir='ltr'>per</span> <span class='ocrx_word' id='word_1_393' title='bbox 1138 1038 1250 1068; x_wconf 83' lang='lat' dir='ltr'>merita</span> <span class='ocrx_word' id='word_1_394' title='bbox 1265 1037 1393 1076; x_wconf 83' lang='lat' dir='ltr'>Christi,</span> <span class='ocrx_word' id='word_1_395' title='bbox 1412 1040 1442 1069; x_wconf 89' lang='lat' dir='ltr'>et</span> <span class='ocrx_word' id='word_1_396' title='bbox 1457 1038 1568 1069; x_wconf 87' lang='lat' dir='ltr'>merita</span> <span class='ocrx_word' id='word_1_397' title='bbox 1583 1038 1697 1069; x_wconf 82' lang='lat' dir='ltr'>Christi</span> <span class='ocrx_word' id='word_1_398' title='bbox 1720 1047 1786 1069; x_wconf 90' lang='lat' dir='ltr'>non</span> <span class='ocrx_word' id='word_1_399' title='bbox 1803 1047 1836 1070; x_wconf 91' lang='lat' dir='ltr'>se</span> 
     </span>
     <span class='ocr_line' id='line_1_62' title="bbox 1068 1090 1838 1131; baseline 0.001 -10"><span class='ocrx_word' id='word_1_400' title='bbox 1068 1090 1240 1121; x_wconf 78' lang='lat' dir='ltr'>extendant</span> <span class='ocrx_word' id='word_1_401' title='bbox 1264 1090 1325 1121; x_wconf 89' lang='lat' dir='ltr'>nisi</span> <span class='ocrx_word' id='word_1_402' title='bbox 1351 1091 1388 1122; x_wconf 84' lang='lat' dir='ltr'>ad</span> <span class='ocrx_word' id='word_1_403' title='bbox 1411 1091 1480 1122; x_wconf 86' lang='lat' dir='ltr'>illos</span> <span class='ocrx_word' id='word_1_404' title='bbox 1500 1091 1552 1131; x_wconf 88' lang='lat' dir='ltr'>qui</span> <span class='ocrx_word' id='word_1_405' title='bbox 1570 1091 1754 1122; x_wconf 74' lang='lat' dir='ltr'>efficiuntur</span> <span class='ocrx_word' id='word_1_406' title='bbox 1768 1093 1838 1131; x_wconf 83' lang='lat' dir='ltr'>ejus</span> 
     </span>
     <span class='ocr_line' id='line_1_63' title="bbox 1069 1144 1839 1184; baseline 0.003 -10"><span class='ocrx_word' id='word_1_407' title='bbox 1069 1144 1227 1182; x_wconf 79' lang='lat' dir='ltr'>membra⁷</span> <span class='ocrx_word' id='word_1_408' title='bbox 1243 1146 1274 1175; x_wconf 89' lang='lat' dir='ltr'>et</span> <span class='ocrx_word' id='word_1_409' title='bbox 1295 1144 1324 1175; x_wconf 92' lang='lat' dir='ltr'>ei</span> <span class='ocrx_word' id='word_1_410' title='bbox 1344 1145 1535 1184; x_wconf 81' lang='lat' dir='ltr'>copulantur</span> <span class='ocrx_word' id='word_1_411' title='bbox 1554 1153 1609 1184; x_wconf 85' lang='lat' dir='ltr'>per</span> <span class='ocrx_word' id='word_1_412' title='bbox 1624 1144 1718 1174; x_wconf 81' lang='lat' dir='ltr'>fidem</span> <span class='ocrx_word' id='word_1_413' title='bbox 1734 1155 1740 1175; x_wconf 91' lang='lat'>:</span> <span class='ocrx_word' id='word_1_414' title='bbox 1759 1145 1839 1176; x_wconf 88' lang='lat' dir='ltr'>sicut</span> 
     </span>
     <span class='ocr_line' id='line_1_64' title="bbox 1068 1197 1839 1237; baseline 0 -9"><span class='ocrx_word' id='word_1_415' title='bbox 1068 1197 1260 1237; x_wconf 85' lang='lat' dir='ltr'>impossibile</span> <span class='ocrx_word' id='word_1_416' title='bbox 1282 1200 1329 1228; x_wconf 82' lang='lat' dir='ltr'>est</span> <span class='ocrx_word' id='word_1_417' title='bbox 1354 1207 1440 1228; x_wconf 88' lang='lat' dir='ltr'>nunc</span> <span class='ocrx_word' id='word_1_418' title='bbox 1461 1197 1603 1237; x_wconf 86' lang='lat' dir='ltr'>aliquem</span> <span class='ocrx_word' id='word_1_419' title='bbox 1625 1197 1760 1236; x_wconf 85' lang='lat' dir='ltr'>salvari,</span> <span class='ocrx_word' id='word_1_420' title='bbox 1778 1198 1839 1229; x_wconf 90' lang='lat' dir='ltr'>nisi</span> 
     </span>
     <span class='ocr_line' id='line_1_65' title="bbox 1069 1250 1840 1290; baseline 0.003 -10"><span class='ocrx_word' id='word_1_421' title='bbox 1069 1250 1170 1281; x_wconf 89' lang='lat' dir='ltr'>eidem</span> <span class='ocrx_word' id='word_1_422' title='bbox 1185 1250 1349 1290; x_wconf 87' lang='lat' dir='ltr'>copuletur</span> <span class='ocrx_word' id='word_1_423' title='bbox 1372 1259 1427 1290; x_wconf 87' lang='lat' dir='ltr'>per</span> <span class='ocrx_word' id='word_1_424' title='bbox 1446 1250 1562 1288; x_wconf 84' lang='lat' dir='ltr'>fidem,</span> <span class='ocrx_word' id='word_1_425' title='bbox 1582 1250 1632 1282; x_wconf 93' lang='lat' dir='ltr'>vel</span> <span class='ocrx_word' id='word_1_426' title='bbox 1648 1250 1720 1281; x_wconf 82' lang='lat' dir='ltr'>fidei</span> <span class='ocrx_word' id='word_1_427' title='bbox 1735 1260 1840 1282; x_wconf 86' lang='lat' dir='ltr'>sacra-</span> 
     </span>
     <span class='ocr_line' id='line_1_66' title="bbox 1069 1302 1839 1344; baseline 0.003 -11"><span class='ocrx_word' id='word_1_428' title='bbox 1069 1305 1228 1341; x_wconf 81' lang='lat' dir='ltr'>mentum3</span> <span class='ocrx_word' id='word_1_429' title='bbox 1243 1303 1286 1333; x_wconf 84' lang='lat' dir='ltr'>sic</span> <span class='ocrx_word' id='word_1_430' title='bbox 1296 1305 1325 1334; x_wconf 84' lang='lat' dir='ltr'>et</span> <span class='ocrx_word' id='word_1_431' title='bbox 1337 1302 1531 1342; x_wconf 84' lang='lat' dir='ltr'>impossibile</span> <span class='ocrx_word' id='word_1_432' title='bbox 1542 1303 1554 1332; x_wconf 83' lang='lat' dir='ltr'>f</span> <span class='ocrx_word' id='word_1_433' title='bbox 1556 1303 1601 1333; x_wconf 88' lang='lat' dir='ltr'>uit</span> <span class='ocrx_word' id='word_1_434' title='bbox 1614 1304 1689 1334; x_wconf 83' lang='lat' dir='ltr'>tunc</span> <span class='ocrx_word' id='word_1_435' title='bbox 1700 1303 1839 1344; x_wconf 87' lang='lat' dir='ltr'>aliquem</span> 
     </span>
     <span class='ocr_line' id='line_1_67' title="bbox 1069 1356 1840 1397; baseline 0.001 -10"><span class='ocrx_word' id='word_1_436' title='bbox 1069 1359 1137 1397; x_wconf 88' lang='lat' dir='ltr'>post</span> <span class='ocrx_word' id='word_1_437' title='bbox 1151 1357 1274 1396; x_wconf 86' lang='lat' dir='ltr'>lapsum</span> <span class='ocrx_word' id='word_1_438' title='bbox 1290 1357 1457 1396; x_wconf 82' lang='lat' dir='ltr'>pervenire</span> <span class='ocrx_word' id='word_1_439' title='bbox 1479 1356 1518 1387; x_wconf 87' lang='lat' dir='ltr'>ad</span> <span class='ocrx_word' id='word_1_440' title='bbox 1539 1357 1673 1387; x_wconf 84' lang='lat' dir='ltr'>salutem</span> <span class='ocrx_word' id='word_1_441' title='bbox 1684 1381 1691 1395; x_wconf 88' lang='lat'><em>‚</em></span> <span class='ocrx_word' id='word_1_442' title='bbox 1709 1357 1764 1397; x_wconf 85' lang='lat' dir='ltr'>qui</span> <span class='ocrx_word' id='word_1_443' title='bbox 1781 1357 1840 1388; x_wconf 84' lang='lat' dir='ltr'>ali-</span> 
     </span>
     <span class='ocr_line' id='line_1_68' title="bbox 1071 1409 1841 1449; baseline 0.003 -10"><span class='ocrx_word' id='word_1_444' title='bbox 1071 1419 1134 1449; x_wconf 88' lang='lat' dir='ltr'>quo</span> <span class='ocrx_word' id='word_1_445' title='bbox 1149 1410 1242 1440; x_wconf 89' lang='lat' dir='ltr'>modo</span> <span class='ocrx_word' id='word_1_446' title='bbox 1259 1410 1291 1440; x_wconf 88' lang='lat' dir='ltr'>in</span> <span class='ocrx_word' id='word_1_447' title='bbox 1303 1409 1464 1441; x_wconf 86' lang='lat' dir='ltr'>Christum</span> <span class='ocrx_word' id='word_1_448' title='bbox 1478 1409 1683 1439; x_wconf 81' lang='lat' dir='ltr'>mediatorem</span> <span class='ocrx_word' id='word_1_449' title='bbox 1699 1419 1764 1440; x_wconf 89' lang='lat' dir='ltr'>non</span> <span class='ocrx_word' id='word_1_450' title='bbox 1776 1419 1841 1441; x_wconf 79' lang='lat' dir='ltr'>crc-</span> 
     </span>
     <span class='ocr_line' id='line_1_69' title="bbox 1070 1462 1840 1503; baseline 0.001 -10"><span class='ocrx_word' id='word_1_451' title='bbox 1070 1463 1166 1494; x_wconf 81' lang='lat' dir='ltr'>deret.</span> <span class='ocrx_word' id='word_1_452' title='bbox 1186 1463 1258 1494; x_wconf 84' lang='lat' dir='ltr'>Ideo</span> <span class='ocrx_word' id='word_1_453' title='bbox 1273 1465 1380 1494; x_wconf 81' lang='lat' dir='ltr'>autem</span> <span class='ocrx_word' id='word_1_454' title='bbox 1403 1463 1472 1493; x_wconf 89' lang='lat' dir='ltr'>dico</span> <span class='ocrx_word' id='word_1_455' title='bbox 1496 1462 1604 1502; x_wconf 75' lang='lat' dir='ltr'>aliquo</span> <span class='ocrx_word' id='word_1_456' title='bbox 1627 1462 1738 1501; x_wconf 75' lang='lat' dir='ltr'>modo,</span> <span class='ocrx_word' id='word_1_457' title='bbox 1765 1464 1840 1503; x_wconf 82' lang='lat' dir='ltr'>quia</span> 
     </span>
     <span class='ocr_line' id='line_1_70' title="bbox 1070 1516 1840 1556; baseline 0 -9"><span class='ocrx_word' id='word_1_458' title='bbox 1070 1517 1146 1547; x_wconf 81' lang='lat' dir='ltr'>tides</span> <span class='ocrx_word' id='word_1_459' title='bbox 1165 1516 1344 1547; x_wconf 86' lang='lat' dir='ltr'>Mediatoris</span> <span class='ocrx_word' id='word_1_460' title='bbox 1363 1518 1463 1556; x_wconf 84' lang='lat' dir='ltr'>potest</span> <span class='ocrx_word' id='word_1_461' title='bbox 1479 1516 1591 1547; x_wconf 89' lang='lat' dir='ltr'>haberi</span> <span class='ocrx_word' id='word_1_462' title='bbox 1605 1516 1781 1556; x_wconf 81' lang='lat' dir='ltr'>dupliciter,</span> <span class='ocrx_word' id='word_1_463' title='bbox 1795 1518 1840 1549; x_wconf 87' lang='lat' dir='ltr'>vi-</span> 
     </span>
     <span class='ocr_line' id='line_1_71' title="bbox 1069 1568 1841 1609; baseline -0.001 -9"><span class='ocrx_word' id='word_1_464' title='bbox 1069 1569 1180 1600; x_wconf 90' lang='lat' dir='ltr'>delicet</span> <span class='ocrx_word' id='word_1_465' title='bbox 1196 1569 1346 1608; x_wconf 80' lang='lat' dir='ltr'>implicite</span> <span class='ocrx_word' id='word_1_466' title='bbox 1359 1593 1367 1607; x_wconf 83' lang='lat'>‚</span> <span class='ocrx_word' id='word_1_467' title='bbox 1384 1570 1414 1600; x_wconf 84' lang='lat' dir='ltr'>et</span> <span class='ocrx_word' id='word_1_468' title='bbox 1429 1569 1576 1609; x_wconf 76' lang='lat' dir='ltr'>explicite</span> <span class='ocrx_word' id='word_1_469' title='bbox 1593 1580 1599 1600; x_wconf 82' lang='lat' dir='ltr'><strong><em>z</em></strong></span> <span class='ocrx_word' id='word_1_470' title='bbox 1621 1568 1784 1609; x_wconf 82' lang='lat' dir='ltr'>explicite,</span> <span class='ocrx_word' id='word_1_471' title='bbox 1805 1571 1841 1600; x_wconf 83' lang='lat' dir='ltr'>nt</span> 
     </span>
     <span class='ocr_line' id='line_1_72' title="bbox 1069 1622 1837 1662; baseline 0.003 -11"><span class='ocrx_word' id='word_1_472' title='bbox 1069 1622 1095 1652; x_wconf 84' lang='lat' dir='ltr'>si</span> <span class='ocrx_word' id='word_1_473' title='bbox 1118 1622 1188 1662; x_wconf 87' lang='lat' dir='ltr'>quis</span> <span class='ocrx_word' id='word_1_474' title='bbox 1215 1623 1354 1654; x_wconf 84' lang='lat' dir='ltr'>crederet</span> <span class='ocrx_word' id='word_1_475' title='bbox 1378 1622 1495 1653; x_wconf 87' lang='lat' dir='ltr'>Filium</span> <span class='ocrx_word' id='word_1_476' title='bbox 1516 1622 1568 1653; x_wconf 89' lang='lat' dir='ltr'>Dei</span> <span class='ocrx_word' id='word_1_477' title='bbox 1599 1623 1837 1662; x_wconf 85' lang='lat' dir='ltr'>assumpturum</span> 
     </span>
     <span class='ocr_line' id='line_1_73' title="bbox 1069 1675 1838 1714; baseline 0.003 -10"><span class='ocrx_word' id='word_1_478' title='bbox 1069 1677 1210 1705; x_wconf 86' lang='lat' dir='ltr'>nostram</span> <span class='ocrx_word' id='word_1_479' title='bbox 1233 1675 1462 1706; x_wconf 78' lang='lat' dir='ltr'>humanitatem</span> <span class='ocrx_word' id='word_1_480' title='bbox 1473 1700 1480 1714; x_wconf 91' lang='lat'>‚</span> <span class='ocrx_word' id='word_1_481' title='bbox 1501 1675 1699 1706; x_wconf 87' lang='lat' dir='ltr'>nasciturum</span> <span class='ocrx_word' id='word_1_482' title='bbox 1715 1675 1753 1706; x_wconf 91' lang='lat' dir='ltr'>de</span> <span class='ocrx_word' id='word_1_483' title='bbox 1765 1675 1838 1707; x_wconf 88' lang='lat' dir='ltr'>Vir-</span> 
     </span>
     <span class='ocr_line' id='line_1_74' title="bbox 1071 1728 1839 1767; baseline 0.001 -9"><span class='ocrx_word' id='word_1_484' title='bbox 1071 1728 1145 1767; x_wconf 80' lang='lat' dir='ltr'>gine</span> <span class='ocrx_word' id='word_1_485' title='bbox 1156 1752 1163 1765; x_wconf 85' lang='lat'>‚</span> <span class='ocrx_word' id='word_1_486' title='bbox 1180 1737 1349 1767; x_wconf 88' lang='lat' dir='ltr'>passurum</span> <span class='ocrx_word' id='word_1_487' title='bbox 1364 1728 1397 1758; x_wconf 88' lang='lat' dir='ltr'>in</span> <span class='ocrx_word' id='word_1_488' title='bbox 1411 1737 1519 1766; x_wconf 86' lang='lat' dir='ltr'>cruce,</span> <span class='ocrx_word' id='word_1_489' title='bbox 1537 1729 1567 1759; x_wconf 84' lang='lat' dir='ltr'>et</span> <span class='ocrx_word' id='word_1_490' title='bbox 1580 1730 1839 1759; x_wconf 86' lang='lat' dir='ltr'>resurrecturum</span> 
     </span>
     <span class='ocr_line' id='line_1_75' title="bbox 1070 1780 1839 1820; baseline 0.001 -10"><span class='ocrx_word' id='word_1_491' title='bbox 1070 1781 1161 1811; x_wconf 87' lang='lat' dir='ltr'>tertia</span> <span class='ocrx_word' id='word_1_492' title='bbox 1175 1780 1225 1811; x_wconf 89' lang='lat' dir='ltr'>die</span> <span class='ocrx_word' id='word_1_493' title='bbox 1237 1792 1244 1818; x_wconf 94' lang='grc'><strong>;</strong></span> <span class='ocrx_word' id='word_1_494' title='bbox 1257 1783 1287 1812; x_wconf 85' lang='lat' dir='ltr'>et</span> <span class='ocrx_word' id='word_1_495' title='bbox 1297 1781 1356 1811; x_wconf 90' lang='lat' dir='ltr'>hoc</span> <span class='ocrx_word' id='word_1_496' title='bbox 1371 1781 1464 1812; x_wconf 88' lang='lat' dir='ltr'>modo</span> <span class='ocrx_word' id='word_1_497' title='bbox 1477 1781 1622 1820; x_wconf 78' lang='lat' dir='ltr'>explicite</span> <span class='ocrx_word' id='word_1_498' title='bbox 1638 1781 1763 1811; x_wconf 79' lang='lat' dir='ltr'>credere</span> <span class='ocrx_word' id='word_1_499' title='bbox 1773 1789 1839 1811; x_wconf 91' lang='lat' dir='ltr'>non</span> 
     </span>
     <span class='ocr_line' id='line_1_76' title="bbox 1069 1833 1836 1874; baseline 0 -10"><span class='ocrx_word' id='word_1_500' title='bbox 1069 1836 1136 1865; x_wconf 86' lang='lat' dir='ltr'>erat</span> <span class='ocrx_word' id='word_1_501' title='bbox 1156 1834 1303 1865; x_wconf 89' lang='lat' dir='ltr'>omnibus</span> <span class='ocrx_word' id='word_1_502' title='bbox 1323 1837 1541 1874; x_wconf 87' lang='lat' dir='ltr'>opportunum</span> <span class='ocrx_word' id='word_1_503' title='bbox 1552 1857 1561 1872; x_wconf 84' lang='lat'><em>,</em></span> <span class='ocrx_word' id='word_1_504' title='bbox 1577 1834 1629 1864; x_wconf 89' lang='lat' dir='ltr'>sed</span> <span class='ocrx_word' id='word_1_505' title='bbox 1653 1834 1702 1864; x_wconf 85' lang='lat' dir='ltr'>his</span> <span class='ocrx_word' id='word_1_506' title='bbox 1715 1833 1818 1864; x_wconf 88' lang='lat' dir='ltr'>solum</span> <span class='ocrx_word' id='word_1_507' title='bbox 1829 1858 1836 1872; x_wconf 82' lang='lat'>‚</span> 
     </span>
     <span class='ocr_line' id='line_1_77' title="bbox 1069 1886 1839 1926; baseline 0 -9"><span class='ocrx_word' id='word_1_508' title='bbox 1069 1887 1186 1926; x_wconf 89' lang='lat' dir='ltr'>quibus</span> <span class='ocrx_word' id='word_1_509' title='bbox 1201 1889 1267 1917; x_wconf 81' lang='lat' dir='ltr'>erat</span> <span class='ocrx_word' id='word_1_510' title='bbox 1282 1897 1300 1917; x_wconf 84' lang='lat' dir='ltr'>a</span> <span class='ocrx_word' id='word_1_511' title='bbox 1317 1888 1376 1918; x_wconf 83' lang='lat' dir='ltr'>Deo</span> <span class='ocrx_word' id='word_1_512' title='bbox 1396 1887 1588 1923; x_wconf 81' lang='lat' dir='ltr'>revelatum,</span> <span class='ocrx_word' id='word_1_513' title='bbox 1606 1886 1687 1917; x_wconf 85' lang='lat' dir='ltr'>sicut</span> <span class='ocrx_word' id='word_1_514' title='bbox 1707 1886 1839 1917; x_wconf 86' lang='lat' dir='ltr'>sanctis-</span> 
     </span>
     <span class='ocr_line' id='line_1_78' title="bbox 1069 1939 1841 1980; baseline 0.001 -10"><span class='ocrx_word' id='word_1_515' title='bbox 1069 1941 1158 1970; x_wconf 85' lang='lat' dir='ltr'>simis</span> <span class='ocrx_word' id='word_1_516' title='bbox 1180 1940 1332 1980; x_wconf 70' lang='lat' dir='ltr'>patribus.</span> <span class='ocrx_word' id='word_1_517' title='bbox 1354 1939 1507 1980; x_wconf 78' lang='lat' dir='ltr'>implicite</span> <span class='ocrx_word' id='word_1_518' title='bbox 1528 1948 1604 1971; x_wconf 92' lang='lat' dir='ltr'>vero</span> <span class='ocrx_word' id='word_1_519' title='bbox 1623 1939 1767 1978; x_wconf 85' lang='lat' dir='ltr'>credere,</span> <span class='ocrx_word' id='word_1_520' title='bbox 1795 1942 1841 1971; x_wconf 86' lang='lat' dir='ltr'>est</span> 
     </span>
     <span class='ocr_line' id='line_1_79' title="bbox 1070 1992 1840 2033; baseline 0 -9"><span class='ocrx_word' id='word_1_521' title='bbox 1070 1994 1195 2024; x_wconf 86' lang='lat' dir='ltr'>credere</span> <span class='ocrx_word' id='word_1_522' title='bbox 1211 1993 1451 2033; x_wconf 85' lang='lat' dir='ltr'>Redemptorem</span> <span class='ocrx_word' id='word_1_523' title='bbox 1477 1995 1650 2024; x_wconf 84' lang='lat' dir='ltr'>venturum</span> <span class='ocrx_word' id='word_1_524' title='bbox 1673 1992 1791 2030; x_wconf 85' lang='lat' dir='ltr'>taliter,</span> <span class='ocrx_word' id='word_1_525' title='bbox 1810 1995 1840 2024; x_wconf 92' lang='lat' dir='ltr'>et</span> 
     </span>
     <span class='ocr_line' id='line_1_80' title="bbox 1070 2045 1837 2086; baseline 0 -9"><span class='ocrx_word' id='word_1_526' title='bbox 1070 2056 1106 2077; x_wconf 89' lang='lat' dir='ltr'>eo</span> <span class='ocrx_word' id='word_1_527' title='bbox 1123 2047 1231 2084; x_wconf 88' lang='lat' dir='ltr'>modo,</span> <span class='ocrx_word' id='word_1_528' title='bbox 1249 2046 1395 2086; x_wconf 80' lang='lat' dir='ltr'>qualiter,</span> <span class='ocrx_word' id='word_1_529' title='bbox 1418 2048 1448 2077; x_wconf 89' lang='lat' dir='ltr'>et</span> <span class='ocrx_word' id='word_1_530' title='bbox 1462 2055 1526 2086; x_wconf 88' lang='lat' dir='ltr'>quo</span> <span class='ocrx_word' id='word_1_531' title='bbox 1542 2045 1635 2076; x_wconf 90' lang='lat' dir='ltr'>modo</span> <span class='ocrx_word' id='word_1_532' title='bbox 1656 2045 1702 2076; x_wconf 90' lang='lat' dir='ltr'>illi</span> <span class='ocrx_word' id='word_1_533' title='bbox 1726 2046 1837 2077; x_wconf 87' lang='lat' dir='ltr'>crede-</span> 
     </span>
     <span class='ocr_line' id='line_1_81' title="bbox 1071 2098 1841 2140; baseline 0 -10"><span class='ocrx_word' id='word_1_534' title='bbox 1071 2100 1161 2137; x_wconf 85' lang='lat' dir='ltr'>bant,</span> <span class='ocrx_word' id='word_1_535' title='bbox 1186 2100 1303 2140; x_wconf 87' lang='lat' dir='ltr'>quibus</span> <span class='ocrx_word' id='word_1_536' title='bbox 1324 2109 1341 2130; x_wconf 83' lang='lat' dir='ltr'>a</span> <span class='ocrx_word' id='word_1_537' title='bbox 1365 2099 1497 2131; x_wconf 89' lang='lat' dir='ltr'>Domino</span> <span class='ocrx_word' id='word_1_538' title='bbox 1522 2101 1567 2130; x_wconf 79' lang='lat' dir='ltr'>est</span> <span class='ocrx_word' id='word_1_539' title='bbox 1591 2098 1767 2130; x_wconf 83' lang='lat' dir='ltr'>revelatum</span> <span class='ocrx_word' id='word_1_540' title='bbox 1785 2109 1792 2130; x_wconf 91' lang='lat'><strong>:</strong></span> <span class='ocrx_word' id='word_1_541' title='bbox 1810 2100 1841 2130; x_wconf 86' lang='lat' dir='ltr'>et</span> 
     </span>
     <span class='ocr_line' id='line_1_82' title="bbox 1070 2151 1841 2194; baseline -0.003 -10"><span class='ocrx_word' id='word_1_542' title='bbox 1070 2154 1129 2184; x_wconf 91' lang='lat' dir='ltr'>hoc</span> <span class='ocrx_word' id='word_1_543' title='bbox 1144 2153 1272 2194; x_wconf 89' lang='lat' dir='ltr'>quidem</span> <span class='ocrx_word' id='word_1_544' title='bbox 1291 2155 1357 2183; x_wconf 86' lang='lat' dir='ltr'>erat</span> <span class='ocrx_word' id='word_1_545' title='bbox 1381 2153 1531 2184; x_wconf 86' lang='lat' dir='ltr'>omnibus</span> <span class='ocrx_word' id='word_1_546' title='bbox 1554 2154 1784 2192; x_wconf 90' lang='lat' dir='ltr'>opportunum.</span> <span class='ocrx_word' id='word_1_547' title='bbox 1802 2151 1841 2183; x_wconf 80' lang='lat' dir='ltr'>Et</span> 
     </span>
     <span class='ocr_line' id='line_1_83' title="bbox 1070 2205 1834 2247; baseline -0.003 -9"><span class='ocrx_word' id='word_1_548' title='bbox 1070 2209 1130 2238; x_wconf 90' lang='grc'>1100</span> <span class='ocrx_word' id='word_1_549' title='bbox 1144 2210 1190 2238; x_wconf 87' lang='lat' dir='ltr'>est</span> <span class='ocrx_word' id='word_1_550' title='bbox 1204 2207 1290 2247; x_wconf 88' lang='lat' dir='ltr'>quod</span> <span class='ocrx_word' id='word_1_551' title='bbox 1303 2207 1378 2238; x_wconf 85' lang='lat' dir='ltr'>dicit</span> <span class='ocrx_word' id='word_1_552' title='bbox 1393 2207 1546 2245; x_wconf 83' lang='lat' dir='ltr'>magister</span> <span class='ocrx_word' id='word_1_553' title='bbox 1559 2205 1654 2245; x_wconf 83' lang='lat' dir='ltr'>Hugo</span> <span class='ocrx_word' id='word_1_554' title='bbox 1668 2205 1706 2237; x_wconf 90' lang='lat' dir='ltr'>de</span> <span class='ocrx_word' id='word_1_555' title='bbox 1721 2205 1834 2236; x_wconf 86' lang='lat' dir='ltr'>Sancto</span> 
     </span>
     <span class='ocr_line' id='line_1_84' title="bbox 1070 2257 1838 2292; baseline -0.004 0"><span class='ocrx_word' id='word_1_556' title='bbox 1070 2261 1192 2292; x_wconf 76' lang='lat' dir='ltr'>Victore</span> <span class='ocrx_word' id='word_1_557' title='bbox 1214 2261 1246 2290; x_wconf 88' lang='lat' dir='ltr'>in</span> <span class='ocrx_word' id='word_1_558' title='bbox 1269 2260 1351 2290; x_wconf 80' lang='lat' dir='ltr'>libro</span> <span class='ocrx_word' id='word_1_559' title='bbox 1371 2259 1409 2291; x_wconf 75' lang='lat' dir='ltr'>cle</span> <span class='ocrx_word' id='word_1_560' title='bbox 1429 2259 1647 2291; x_wconf 70' lang='lat' dir='ltr'>sacramentis</span> <span class='ocrx_word' id='word_1_561' title='bbox 1666 2259 1676 2275; x_wconf 81' lang='lat'><strong>²</strong></span> <span class='ocrx_word' id='word_1_562' title='bbox 1697 2269 1703 2289; x_wconf 91' lang='lat'>:</span> <span class='ocrx_word' id='word_1_563' title='bbox 1729 2269 1744 2287; x_wconf 85' lang='lat'>«</span> <span class='ocrx_word' id='word_1_564' title='bbox 1764 2257 1838 2289; x_wconf 83' lang='lat' dir='ltr'>Haec</span> 
     </span>
     <span class='ocr_line' id='line_1_85' title="bbox 1070 2310 1839 2353; baseline -0.005 -9"><span class='ocrx_word' id='word_1_565' title='bbox 1070 2315 1160 2352; x_wconf 84' lang='lat' dir='ltr'>sunt,</span> <span class='ocrx_word' id='word_1_566' title='bbox 1176 2313 1299 2353; x_wconf 75' lang='lat' dir='ltr'>inquit,</span> <span class='ocrx_word' id='word_1_567' title='bbox 1315 2313 1432 2353; x_wconf 85' lang='lat' dir='ltr'>quibus</span> <span class='ocrx_word' id='word_1_568' title='bbox 1451 2313 1489 2343; x_wconf 85' lang='lat' dir='ltr'>ab</span> <span class='ocrx_word' id='word_1_569' title='bbox 1516 2312 1607 2343; x_wconf 88' lang='lat' dir='ltr'>initio</span> <span class='ocrx_word' id='word_1_570' title='bbox 1628 2311 1707 2342; x_wconf 92' lang='lat' dir='ltr'>nihil</span> <span class='ocrx_word' id='word_1_571' title='bbox 1732 2310 1839 2341; x_wconf 88' lang='lat' dir='ltr'>minus</span> 
     </span>
     <span class='ocr_line' id='line_1_86' title="bbox 1071 2363 1839 2407; baseline -0.007 -8"><span class='ocrx_word' id='word_1_572' title='bbox 1071 2371 1154 2399; x_wconf 88' lang='lat' dir='ltr'>recta</span> <span class='ocrx_word' id='word_1_573' title='bbox 1174 2367 1252 2398; x_wconf 85' lang='lat' dir='ltr'>fides</span> <span class='ocrx_word' id='word_1_574' title='bbox 1272 2376 1416 2407; x_wconf 84' lang='lat' dir='ltr'>unquam</span> <span class='ocrx_word' id='word_1_575' title='bbox 1439 2366 1556 2397; x_wconf 87' lang='lat' dir='ltr'>habere</span> <span class='ocrx_word' id='word_1_576' title='bbox 1580 2364 1696 2405; x_wconf 83' lang='lat' dir='ltr'>potuit,</span> <span class='ocrx_word' id='word_1_577' title='bbox 1713 2363 1839 2395; x_wconf 88' lang='lat' dir='ltr'>credere</span> 
     </span>
     <span class='ocr_line' id='line_1_87' title="bbox 1071 2419 1836 2456; baseline -0.008 -4"><span class='ocrx_word' id='word_1_578' title='bbox 1071 2421 1216 2453; x_wconf 89' lang='lat' dir='ltr'>videlicet</span> <span class='ocrx_word' id='word_1_579' title='bbox 1235 2429 1337 2451; x_wconf 87' lang='lat' dir='ltr'>unum</span> <span class='ocrx_word' id='word_1_580' title='bbox 1357 2429 1423 2450; x_wconf 84' lang='lat' dir='ltr'>esse</span> <span class='ocrx_word' id='word_1_581' title='bbox 1443 2419 1543 2450; x_wconf 90' lang='lat' dir='ltr'>Deum</span> <span class='ocrx_word' id='word_1_582' title='bbox 1555 2441 1563 2456; x_wconf 91' lang='lat'>‚</span> <span class='ocrx_word' id='word_1_583' title='bbox 1580 2419 1752 2448; x_wconf 80' lang='lat' dir='ltr'>creatorem</span> <span class='ocrx_word' id='word_1_584' title='bbox 1767 2426 1836 2448; x_wconf 89' lang='lat' dir='ltr'>om-</span> 
     </span>
     <span class='ocr_line' id='line_1_88' title="bbox 1072 2469 1839 2513; baseline -0.008 -7"><span class='ocrx_word' id='word_1_585' title='bbox 1072 2475 1174 2513; x_wconf 84' lang='lat' dir='ltr'>nium,</span> <span class='ocrx_word' id='word_1_586' title='bbox 1185 2475 1216 2504; x_wconf 90' lang='lat' dir='ltr'>et</span> <span class='ocrx_word' id='word_1_587' title='bbox 1230 2475 1383 2504; x_wconf 85' lang='lat' dir='ltr'>rectorem</span> <span class='ocrx_word' id='word_1_588' title='bbox 1397 2472 1640 2508; x_wconf 84' lang='lat' dir='ltr'>universorum;</span> <span class='ocrx_word' id='word_1_589' title='bbox 1656 2471 1760 2511; x_wconf 87' lang='lat' dir='ltr'>ipsum</span> <span class='ocrx_word' id='word_1_590' title='bbox 1770 2469 1839 2510; x_wconf 85' lang='lat' dir='ltr'>qui-</span> 
     </span>
     <span class='ocr_line' id='line_1_89' title="bbox 1072 2525 1837 2563; baseline -0.007 -3"><span class='ocrx_word' id='word_1_591' title='bbox 1072 2529 1144 2561; x_wconf 81' lang='lat' dir='ltr'>dem</span> <span class='ocrx_word' id='word_1_592' title='bbox 1158 2537 1223 2559; x_wconf 89' lang='lat' dir='ltr'>non</span> <span class='ocrx_word' id='word_1_593' title='bbox 1235 2536 1303 2558; x_wconf 86' lang='lat' dir='ltr'>esse</span> <span class='ocrx_word' id='word_1_594' title='bbox 1321 2525 1395 2557; x_wconf 86' lang='lat' dir='ltr'>mali</span> <span class='ocrx_word' id='word_1_595' title='bbox 1408 2527 1580 2563; x_wconf 82' lang='lat' dir='ltr'>auctorem,</span> <span class='ocrx_word' id='word_1_596' title='bbox 1594 2533 1707 2556; x_wconf 87' lang='lat' dir='ltr'>eorum</span> <span class='ocrx_word' id='word_1_597' title='bbox 1719 2525 1837 2562; x_wconf 88' lang='lat' dir='ltr'>tamen,</span> 
     </span>
     <span class='ocr_line' id='line_1_90' title="bbox 1071 2578 1841 2624; baseline -0.008 -10"><span class='ocrx_word' id='word_1_598' title='bbox 1071 2583 1128 2624; x_wconf 85' lang='lat' dir='ltr'>qui</span> <span class='ocrx_word' id='word_1_599' title='bbox 1141 2582 1176 2613; x_wconf 91' lang='lat' dir='ltr'>in</span> <span class='ocrx_word' id='word_1_600' title='bbox 1189 2581 1281 2612; x_wconf 88' lang='lat' dir='ltr'>malis</span> <span class='ocrx_word' id='word_1_601' title='bbox 1294 2579 1361 2611; x_wconf 83' lang='lat' dir='ltr'>suis</span> <span class='ocrx_word' id='word_1_602' title='bbox 1372 2578 1620 2610; x_wconf 87' lang='lat' dir='ltr'>misericordiam</span> <span class='ocrx_word' id='word_1_603' title='bbox 1635 2578 1704 2618; x_wconf 83' lang='lat' dir='ltr'>ejus</span> <span class='ocrx_word' id='word_1_604' title='bbox 1718 2586 1841 2618; x_wconf 87' lang='lat' dir='ltr'>quaere-</span> 
     </span>
     <span class='ocr_line' id='line_1_91' title="bbox 1072 2631 1837 2675; baseline -0.008 -6"><span class='ocrx_word' id='word_1_605' title='bbox 1072 2637 1143 2670; x_wconf 87' lang='lat' dir='ltr'>rent</span> <span class='ocrx_word' id='word_1_606' title='bbox 1156 2637 1187 2668; x_wconf 83' lang='lat' dir='ltr'>et</span> <span class='ocrx_word' id='word_1_607' title='bbox 1200 2634 1411 2675; x_wconf 83' lang='lat' dir='ltr'>expectarent,</span> <span class='ocrx_word' id='word_1_608' title='bbox 1425 2632 1571 2664; x_wconf 84' lang='lat' dir='ltr'>futurum</span> <span class='ocrx_word' id='word_1_609' title='bbox 1583 2631 1837 2673; x_wconf 76' lang='lat' dir='ltr'>Redemptorem.</span> 
     </span>
    </p>
   </div>
   <div class='ocr_carea' id='block_1_8' title="bbox 1853 1464 1962 1670">
    <p class='ocr_par' dir='ltr' id='par_1_12' title="bbox 1864 1464 1962 1609">
     <span class='ocr_line' id='line_1_92' title="bbox 1899 1464 1962 1485; baseline 0 0"><span class='ocrx_word' id='word_1_610' title='bbox 1899 1464 1962 1485; x_wconf 83' lang='lat' dir='ltr'>Fides</span> 
     </span>
     <span class='ocr_line' id='line_1_93' title="bbox 1869 1496 1951 1516; baseline 0.012 -1"><span class='ocrx_word' id='word_1_611' title='bbox 1869 1496 1895 1515; x_wconf 86' lang='lat' dir='ltr'>de</span> <span class='ocrx_word' id='word_1_612' title='bbox 1907 1497 1951 1516; x_wconf 81' lang='lat' dir='ltr'>Me-</span> 
     </span>
     <span class='ocr_line' id='line_1_94' title="bbox 1864 1527 1947 1547; baseline 0.012 -1"><span class='ocrx_word' id='word_1_613' title='bbox 1864 1527 1947 1547; x_wconf 78' lang='lat' dir='ltr'>diatore</span> 
     </span>
     <span class='ocr_line' id='line_1_95' title="bbox 1868 1557 1951 1578; baseline 0.012 -1"><span class='ocrx_word' id='word_1_614' title='bbox 1868 1557 1951 1578; x_wconf 80' lang='lat' dir='ltr'>duobus</span> 
     </span>
     <span class='ocr_line' id='line_1_96' title="bbox 1872 1589 1941 1609; baseline 0.014 -1"><span class='ocrx_word' id='word_1_615' title='bbox 1872 1589 1941 1609; x_wconf 84' lang='lat' dir='ltr'>modis</span> 
     </span>
    </p>

    <p class='ocr_par' dir='ltr' id='par_1_13' title="bbox 1853 1619 1960 1670">
     <span class='ocr_line' id='line_1_97' title="bbox 1854 1619 1960 1647; baseline 0.009 -8"><span class='ocrx_word' id='word_1_616' title='bbox 1854 1619 1907 1639; x_wconf 86' lang='lat' dir='ltr'>sumi</span> <span class='ocrx_word' id='word_1_617' title='bbox 1921 1626 1960 1647; x_wconf 82' lang='lat' dir='ltr'>po-</span> 
     </span>
     <span class='ocr_line' id='line_1_98' title="bbox 1853 1652 1900 1670; baseline 0 0"><span class='ocrx_word' id='word_1_618' title='bbox 1853 1652 1900 1670; x_wconf 79' lang='lat' dir='ltr'>test.</span> 
     </span>
    </p>
   </div>
  </div>
 </body>
</html>
