2017 2960
214 229 268 260 1³6

250 298 279 326 4.
297 295 343 325 Ad
359 295 435 325 illud
453 294 536 334 quod
551 294 714 333 objicitur,
732 293 816 333 quod
832 292 971 332 proprie-

210 349 258 377 tas
273 347 369 386 partis
383 346 564 377 denominat
581 348 694 379 totum,
711 344 879 374 dicendum
896 342 979 382 quod

211 399 287 430 illud
303 400 396 430 habet
412 399 593 430 instantiam
610 399 640 427 in
657 396 901 437 proprietatibus
916 405 979 425 res-

212 454 355 493 pectivis,
372 453 519 492 quamvis
542 452 707 481 veritatem
728 450 840 480 haheat
861 450 891 479 in
908 458 979 488 pro-

213 507 396 546 prietatibus
415 505 574 535 absolutis,
594 504 745 540 Quamvis
761 504 845 533 enim
868 512 980 533 verum

213 560 262 597 sit,
280 560 362 599 quod
385 568 499 589 manus
522 558 603 588 Petri
627 558 666 587 sitv
684 558 788 587 minor
811 556 915 593 Petro,
933 556 981 586 vel

213 613 360 652 quaelibet
375 613 443 651 ejus
465 621 535 651 pars
557 611 693 650 quodam
718 611 827 648 modo,
845 610 913 640 haee
936 612 980 639 tu-

214 675 287 696 men
304 668 348 695 est
373 665 448 695 salsa
465 675 471 695 :
494 678 507 692 «
526 664 634 694 l‘etrus
655 667 698 694 est
722 665 825 694 minor
842 663 947 699 Petro,
967 676 979 689 »

215 718 263 748 vel
283 731 296 746 «
311 718 415 749 differt
430 727 447 748 a
465 717 565 748 Petro.
587 729 600 745 n
621 717 679 747 Per
698 718 781 746 hunc
804 717 898 746 etiam
917 726 985 746 mo-

215 772 290 801 dum
313 771 557 810 intelligendum
580 773 625 800 est
651 770 682 799 in
711 770 886 809 proposito>
911 769 986 808 quin

216 833 392 863 asswuens,
408 825 487 855 sii-ut
503 825 621 854 dictum
637 827 693 860 est,
712 824 761 853 vel
778 824 900 854 assumi
915 822 987 852 dicit

215 879 354 918 aliquem
375 879 535 915 ordinem,
561 878 609 908 vel
635 877 886 914 distinctionem,
914 884 986 915 quai

216 932 346 971 reperiri
364 934 464 971 potest
478 932 558 961 inter
574 939 739 970 personam
755 930 867 960 Christi
879 932 907 959 et
924 938 989 968 par-

217 988 262 1015 tes
283 985 445 1025 compositi
469 984 621 1020 hominis,
638 992 710 1022 quae
733 985 806 1013 suut
828 992 942 1022 corpus
959 984 989 1012 et

217 1039 347 1068 anima:
364 1037 510 1077 quamvis
537 1037 587 1067 ille
612 1038 790 1075 respectus,
818 1035 867 1065 vel
892 1036 987 1071 ordo,

217 1091 300 1121 inter
323 1099 489 1130 personam
506 1090 639 1126 Christi,
657 1092 687 1119 et
702 1090 807 1128 ipsum
831 1088 989 1119 Christum

218 1144 393 1181 hominem,
411 1143 540 1183 reperiri
555 1152 619 1173 nou
636 1142 749 1173 valeat.

259 1199 288 1227 5.
305 1197 351 1227 Ad
375 1197 450 1227 illud
471 1196 555 1235 quod
570 1195 728 1235 objicitur,
746 1195 831 1235 quod
847 1204 991 1234 assump-

219 1251 259 1280 sit
274 1250 414 1280 animam
429 1251 459 1280 et
473 1258 588 1288 corpus
602 1248 707 1285 unita,
727 1248 894 1278 dicendum
908 1247 991 1286 quod

220 1306 266 1334 est
282 1303 357 1334 unio
373 1303 511 1342 corporis
530 1305 560 1332 et
575 1302 691 1332 animae
715 1303 859 1341 respectu
875 1310 992 1341 suppo-

221 1358 281 1395 siti,
299 1357 331 1387 in
347 1366 410 1396 quo
425 1359 510 1393 sunt,
527 1358 557 1386 et
571 1357 714 1395 respectu
731 1355 883 1385 humauae
900 1356 991 1384 natu-

221 1420 276 1448 rae,
294 1419 390 1450 quam
404 1410 600 1440 constituunt
619 1420 624 1439 :
643 1412 671 1439 ct
686 1411 820 1447 utraque
836 1408 911 1438 unio
927 1407 993 1437 ani-

223 1474 283 1494 mae
302 1464 340 1495 ad
356 1473 471 1503 corpus
486 1463 544 1493 fuit
563 1463 594 1492 in
616 1463 684 1502 ipsa
706 1462 922 1502 assumptione
940 1472 946 1490 2
964 1462 994 1490 et

222 1527 288 1548 una
315 1517 443 1556 quidem
474 1516 676 1546 antecedebat
705 1515 881 1545 secuudum
910 1514 993 1544 ordi-

223 1571 294 1601 dcm
319 1573 451 1607 naturze,
477 1570 593 1600 scilicet
618 1570 733 1599 animae
758 1569 796 1599 ad
822 1577 935 1607 corpus
957 1567 993 1597 ad

223 1623 480 1654 constitutionem
504 1623 599 1653 unius
624 1625 765 1658 naturae3
784 1622 881 1652 altera
907 1630 994 1657 vero,

224 1677 338 1707 seilicet
353 1677 468 1706 animae
483 1676 520 1705 ad
535 1685 648 1715 corpus
660 1676 691 1705 in
703 1684 799 1705 unam
815 1684 994 1714 personam,

224 1731 273 1761 vel
300 1730 516 1770 hypostasim,
542 1729 793 1768 consequebatur
823 1729 923 1767 ipsam
948 1736 997 1757 as-

225 1783 437 1822 sumptionem
454 1793 460 1819 ;
492 1783 567 1822 quia
601 1791 734 1821 persona
764 1784 794 1811 et
822 1781 998 1820 hypostasis

225 1837 331 1873 Verbi,
349 1836 540 1867 assumendo
554 1845 679 1866 carnem
694 1838 724 1865 et
738 1836 890 1872 animam,
905 1835 997 1864 simul

229 1890 366 1920 uniebat.
385 1890 462 1919 Cum
486 1899 563 1929 ergo
586 1890 710 1924 dicitur,
734 1889 817 1927 quod
843 1888 949 1918 anima
970 1891 1000 1917 ct

229 1952 343 1982 corpus
370 1943 460 1973 unita
484 1943 601 1973 faciunt
627 1942 804 1979 hominem,
831 1942 999 1972 dicendum

229 1997 312 2036 quod
330 2006 442 2027 verum
466 2000 527 2033 est,
545 1996 717 2027 secundum
741 1996 821 2035 quod
847 1995 1002 2025 uniuntur

231 2050 347 2089 duplici
375 2051 467 2080 modo
495 2060 500 2079 z
528 2052 557 2079 et
585 2049 736 2089 quonium
764 2050 841 2078 alter
869 2049 1001 2078 istorum

234 2103 400 2134 modorum
438 2103 641 2142 consequitur
668 2103 706 2133 ad
734 2103 1001 2141 assumptionem3

234 2157 302 2187 idco
318 2166 380 2186 non
405 2157 586 2187 conceditur
606 2157 678 2193 ista,
695 2156 779 2194 quod
801 2155 1005 2194 assumpserit

234 2210 417 2246 hominem,
443 2210 589 2249 quamvis
615 2209 824 2244 concedatur,
850 2208 933 2247 quod
960 2217 1006 2237 as-

235 2263 406 2302 sumpserit
443 2263 582 2292 animani
617 2264 647 2291 et
679 2271 793 2300 corpus
825 2263 1004 2299 conjuncta.

239 2316 343 2347 Posset
357 2316 451 2346 etiam
467 2315 540 2353 dici,
557 2315 638 2354 quod
656 2324 719 2344 non
735 2317 817 2344 tenet
836 2315 887 2345 illa
902 2323 1008 2344 conse-

237 2369 366 2409 quentia
393 2380 398 2398 :
429 2381 442 2395 «
468 2369 645 2407 Assumpsit
669 2368 808 2398 animam
836 2370 865 2397 et
893 2377 1008 2406 corpus

238 2424 415 2461 conjuncta,
433 2431 510 2461 crgo
524 2422 693 2460 assumpsit
708 2421 870 2451 hominem
885 2432 891 2457 ;
909 2434 921 2448 »
935 2422 1009 2460 quia

239 2476 334 2506 homo
357 2475 507 2515 supponit
527 2475 664 2514 aliquem
689 2474 917 2510 homiue1n,et
942 2474 1010 2504 ideo

239 2530 387 2569 supponit
409 2529 546 2568 aliquem
576 2538 582 2558 ε
612 2528 718 2558 anima
744 2537 818 2558 vero
845 2530 873 2557 ct
897 2537 1011 2566 corpus

241 2583 351 2613 dicunt
365 2583 452 2622 quid.
469 2582 562 2622 Apud
577 2591 669 2612 veros
688 2590 765 2619 ergo
782 2581 946 2619 theologos
961 2590 1011 2611 re-

275 2664 400 2691 ΊΓΙἸΛῖοῖ
427 2664 565 2693 v&len—ism.
579 2663 621 2685 ltl⁴
634 2671 656 2693 q,
680 2670 701 2688 ν,
716 2663 808 2685 utendi.
827 2664 851 2685 ⁴:
873 2669 897 2684 >A
910 2662 1011 2692 ilioni„

244 2708 267 2731 pv
286 2702 330 2730 ltt,
348 2707 372 2731 q.
386 2706 428 2731 1¹:y
440 2702 475 2723 nrt
502 2699 1012 2728 ‹z;eiitisv1.e.‚‹t·1<i.12,q.u,uri,1‚

759 224 1068 257 SENTENTIARUM
1090 225 1164 257 LlB.
1188 225 1241 256 111.

1036 294 1164 332 putatur
1179 292 1247 323 fieri
1264 294 1452 331 permutatio
1469 293 1715 333 praedicamenti,
1733 302 1806 323 cum

1036 345 1213 385 proceditur
1232 345 1271 374 al»
1285 354 1322 375 eo
1339 346 1423 384 quod
1438 346 1552 377 dicitur
1565 346 1654 386 quis,
1675 345 1714 375 ad
1729 345 1806 376 illud

1036 399 1118 437 quod
1143 398 1331 437 praedieatur
1352 399 1385 428 in
1408 400 1502 438 quid,
1525 400 1575 431 vel
1596 409 1613 430 e
1635 408 1805 437 converso,

1037 451 1116 481 sicut
1132 452 1161 481 in
1179 452 1280 490 primo
1296 451 1376 481 libro
1390 452 1535 482 habitum
1551 453 1618 483 fuit.

1077 508 1105 534 6.
1125 505 1170 534 Ad
1187 505 1260 535 illud
1277 505 1360 544 quod
1376 505 1540 544 objicitur,
1562 507 1645 546 quod
1669 506 1809 537 Christus

1039 558 1134 588 hoino
1157 561 1214 595 est,
1238 560 1292 588 aut
1314 567 1410 597 quem
1433 560 1615 598 assumpsit,
1634 562 1689 590 aut
1713 568 1810 599 quem

1040 620 1102 641 non
1122 612 1308 651 assumpsit,
1325 611 1395 641 dico
1417 612 1500 650 quod
1516 621 1579 642 non
1599 614 1681 642 recte
1698 611 1811 643 dividit

1040 667 1067 694 et
1084 665 1292 701 sufficientem
1310 665 1384 704 quia
1399 665 1602 695 (ontradictio
1618 674 1681 695 non
1696 665 1811 704 accipi-

1041 720 1092 747 tur
1112 727 1165 756 per
1183 718 1384 756 negationem
1405 727 1476 757 quae
1497 718 1595 748 fertur
1615 718 1652 748 ad
1669 717 1813 757 implica-

1041 770 1178 807 tionem,
1196 771 1248 801 sed
1265 780 1319 810 per
1335 772 1537 809 negationem
1559 780 1631 810 quae
1655 771 1753 801 fertur
1775 770 1813 801 ad

1043 823 1216 862 pr'meipale
1241 824 1446 863 praedivatum
1463 833 1469 854 :
1488 827 1518 854 et
1540 825 1609 855 ideo
1629 833 1693 854 non
1709 823 1754 854 sio
1769 825 1815 854 est

1042 876 1246 907 dividendum
1264 888 1269 906 z
1289 889 1302 905 α
1314 877 1376 907 Aut
1389 879 1433 907 est
1446 878 1542 908 homo
1558 878 1748 917 assumptus,
1761 878 1816 907 aut

1044 940 1105 960 non
1124 932 1321 970 assumptus3
1343 942 1356 958 n
1378 931 1440 961 imo
1458 931 1501 961 sic
1518 942 1524 961 :
1547 943 1560 960 «
1576 932 1640 961 Aut
1660 933 1707 961 est
1720 931 1816 962 homo

1044 986 1225 1022 assumptus
1235 1007 1242 1019 ,
1259 986 1315 1014 aut
1330 993 1396 1014 non
1411 986 1457 1014 est
1471 985 1566 1014 homo
1580 986 1762 1023 assumptus
1774 1008 1781 1020 ,
1798 995 1812 1012 »

1045 1036 1221 1066 secundum
1237 1037 1341 1075 legem
1363 1037 1630 1068 contradictionis.
1649 1037 1708 1068 Sed
1724 1037 1750 1066 si
1765 1036 1818 1067 oh-

1042 1089 1188 1129 jiciatur,
1217 1090 1301 1129 quod
1330 1089 1426 1120 homo
1452 1090 1644 1120 sufficienter
1667 1089 1820 1121 dividitur

1047 1152 1101 1182 per
1125 1144 1325 1182 assumptum
1352 1145 1382 1173 et
1412 1152 1476 1173 non
1506 1145 1726 1182 assumptum,
1750 1145 1820 1173 tan-

1046 1206 1143 1236 quam
1165 1206 1220 1236 per
1242 1196 1443 1233 immediata,
1468 1198 1543 1226 tunc
1565 1195 1820 1236 respondendum

1047 1251 1092 1280 est
1106 1249 1144 1279 ad
1159 1249 1246 1280 illam
1262 1249 1496 1280 inductionem:
1512 1248 1620 1287 «Ergo
1636 1248 1685 1278 vel
1698 1249 1745 1278 est
1762 1246 1821 1278 Pe-

1048 1305 1132 1338 trus,
1148 1302 1199 1332 vel
1214 1304 1260 1332 est
1274 1301 1401 1340 Paulus,
1418 1304 1490 1338 etc„
1509 1313 1522 1329 »
1541 1301 1616 1341 quia
1631 1310 1689 1331 nec
1703 1302 1749 1331 est
1766 1299 1822 1331 Pe-

1047 1357 1126 1392 trus,
1144 1365 1201 1385 nec
1215 1358 1261 1385 est
1276 1355 1402 1393 Paulus,
1421 1365 1477 1386 nee
1490 1354 1654 1394 Virgilius,
1674 1356 1748 1390 etc.,
1769 1353 1822 1384 sed

1048 1408 1138 1439 Jesus
1153 1418 1160 1438 ε
1177 1411 1207 1439 et
1229 1409 1320 1439 Jesus
1342 1418 1405 1439 non
1425 1411 1470 1438 est
1492 1408 1587 1438 homo
1603 1408 1784 1446 assumptus
1805 1415 1824 1435 a

1051 1462 1128 1492 Filio
1145 1461 1209 1499 Dei,
1225 1462 1373 1502 quamvis
1384 1464 1499 1492 natura
1512 1462 1581 1500 ejus
1595 1461 1634 1491 sit
1647 1460 1821 1499 assumpta.

1050 1516 1139 1546 Jesus
1154 1515 1241 1546 enim
1264 1525 1327 1545 non
1352 1517 1397 1545 est
1420 1523 1536 1544 nomeu
1556 1513 1740 1553 impositum
1766 1522 1824 1543 na-

1053 1571 1143 1607 turae,
1161 1568 1214 1599 sed
1229 1577 1346 1598 nomen
1365 1567 1549 1607 impositum
1568 1575 1722 1606 personae.

1320 1687 1498 1724 QUAESTlo
1520 1687 1556 1718 V.

1078 1765 1122 1790 An
1138 1764 1190 1790 haec
1204 1763 1366 1790 concedenda
1379 1764 1415 1789 sit
1431 1772 1439 1788 .·
1459 1772 1470 1785 κ
1486 1763 1572 1788 Filius
1589 1763 1637 1789 Dei
1653 1763 1796 1797 assumpsit

1319 1808 1514 1834 humanitatem
1534 1813 1550 1832 ι.
1563 1817 1574 1830 υ

1097 1887 1208 1918 Utrum
1233 1887 1301 1918 haec
1323 1886 1522 1917 concedenda
1541 1886 1596 1916 sit:
1618 1897 1631 1914 «
1652 1885 1751 1916 Filius
1774 1885 1827 1915 Dei
1843 1889 1946 1911 Fundm·

1056 1940 1225 1980 assumpsit
1240 1940 1486 1976 humanitatem;
1504 1950 1517 1967 ›)
1536 1942 1566 1969 et
1579 1939 1664 1978 quod
1676 1939 1729 1977 sic,
1745 1938 1829 1969 vide-

1059 1996 1121 2024 tur.
1142 1994 1371 2024 Damascenus²
1389 2004 1395 2023 ε
1415 2005 1428 2021 (ι
1448 1992 1561 2023 Omnia
1580 2000 1653 2032 quae
1669 1992 1702 2022 in
1723 1993 1831 2022 nostra

1059 2050 1172 2078 natura
1193 2047 1364 2087 plantavit,
1383 2046 1554 2085 assumpsit
1576 2045 1629 2076 Dei
1645 2044 1794 2075 Verbum.
1811 2055 1825 2072 n

1061 2101 1121 2131 Sed
1134 2100 1306 2139 unicuique
1322 2101 1467 2130 nostrum
1479 2099 1563 2129 dedit
1577 2098 1809 2128 humanitatem
1822 2108 1828 2128 ε

1061 2163 1138 2192 ergo
1172 2153 1296 2184 videtur
1330 2153 1414 2192 quod
1449 2151 1654 2190 assumpserit
1682 2149 1832 2181 humani—

1062 2210 1168 2238 tatem.

1105 2260 1181 2291 Item
1191 2258 1374 2289 humanitas
1384 2267 1447 2288 non
1459 2259 1506 2288 est
1516 2257 1612 2295 aliud,
1627 2265 1724 2297 quam
1736 2255 1834 2286 homi-

1064 2314 1112 2344 nis
1141 2315 1255 2344 natura
1267 2336 1274 2349 ,
1303 2311 1480 2341 secundum
1507 2311 1593 2350 quod
1621 2310 1694 2340 dicit
1721 2309 1833 2339 Dama-

1065 2375 1175 2397 scenus
1185 2368 1195 2384 ³
1208 2376 1214 2396 z
1232 2377 1245 2392 «
1259 2364 1434 2394 Divinitatis
1443 2366 1474 2393 et
1486 2362 1693 2394 humanitatis
1704 2361 1835 2392 nomina

1066 2422 1253 2450 naturarum
1272 2420 1347 2448 sunt
1365 2417 1630 2457 repraesentativa.
1654 2426 1668 2443 υ
1688 2415 1748 2445 Sed
1766 2415 1836 2445 haec

1066 2473 1246 2512 simpliciter
1261 2474 1307 2502 est
1325 2470 1523 2501 concedenda
1541 2480 1547 2500 z
1575 2481 1589 2498 (ι
1604 2468 1701 2499 Filius
1718 2468 1770 2498 Dei
1785 2476 1836 2498 sa-

1067 2527 1201 2566 sumpsit
1215 2526 1390 2555 humanam
1402 2526 1548 2554 naturam
1562 2533 1568 2553 t
1583 2533 1597 2550 n
1612 2531 1690 2561 ergo
1705 2523 1735 2552 et
1747 2521 1834 2552 haec:

1069 2593 1082 2610 α
1102 2581 1197 2612 Filius
1211 2579 1262 2610 Dei
1277 2578 1446 2617 assumpsit
1459 2575 1700 2607 humanitatem.
1713 2586 1727 2603 »

1069 2672 1092 2694 q.
1108 2661 1247 2692 iv3St12ph.
1260 2660 1360 2689 izi-utut„
1374 2658 1556 2686 lltSenlvflslist.
1569 2662 1660 2687 v,q.1x
1680 2657 1720 2673 —2
1730 2656 1835 2679 Damas-

1070 2705 1159 2726 cenus,
1172 2697 1200 2721 de
1215 2696 1275 2720 Iside
1289 2694 1343 2718 orth
1358 2713 1365 2724 ‚
1378 2694 1420 2718 lib.
1439 2694 1484 2723 in,
1501 2701 1522 2717 c.
1535 2690 1714 2720 v1.—³!bid.,
1731 2697 1754 2714 c.
1769 2696 1805 2714 xx.
