<?xml version="1.0" encoding="UTF-8"?>
<!DOCTYPE html PUBLIC "-//W3C//DTD XHTML 1.0 Transitional//EN"
    "http://www.w3.org/TR/xhtml1/DTD/xhtml1-transitional.dtd">
<html xmlns="http://www.w3.org/1999/xhtml" xml:lang="en" lang="en">
 <head>
  <title>
</title>
<meta http-equiv="Content-Type" content="text/html;charset=utf-8" />
  <meta name='ocr-system' content='tesseract 3.04.00' />
  <meta name='ocr-capabilities' content='ocr_page ocr_carea ocr_par ocr_line ocrx_word'/>
</head>
<body>
  <div class='ocr_page' id='page_1' title='image "./operaomniasixtiv04bonauoft/operaomniasixtiv04bonauoft_0384.png"; bbox 0 0 2017 2960; ppageno 0'>
   <div class='ocr_carea' id='block_1_1' title="bbox 119 1418 211 1445">
    <p class='ocr_par' dir='ltr' id='par_1_1' title="bbox 119 1418 211 1445">
     <span class='ocr_line' id='line_1_1' title="bbox 119 1418 211 1445; baseline 0.011 -7"><span class='ocrx_word' id='word_1_1' title='bbox 119 1418 150 1438; x_wconf 71' lang='lat' dir='ltr'>Ad</span> <span class='ocrx_word' id='word_1_2' title='bbox 161 1424 211 1445; x_wconf 78' lang='lat' dir='ltr'>opp.</span> 
     </span>
    </p>
   </div>
   <div class='ocr_carea' id='block_1_2' title="bbox 235 177 293 205">
    <p class='ocr_par' dir='ltr' id='par_1_2' title="bbox 235 177 293 205">
     <span class='ocr_line' id='line_1_2' title="bbox 235 177 293 205; baseline 0 0"><span class='ocrx_word' id='word_1_3' title='bbox 235 177 293 205; x_wconf 72' lang='lat'>369.</span> 
     </span>
    </p>
   </div>
   <div class='ocr_carea' id='block_1_3' title="bbox 233 241 1023 2518">
    <p class='ocr_par' dir='ltr' id='par_1_3' title="bbox 234 241 1016 603">
     <span class='ocr_line' id='line_1_3' title="bbox 275 241 1015 282; baseline 0.001 -11"><span class='ocrx_word' id='word_1_4' title='bbox 275 241 353 272; x_wconf 85' lang='lat' dir='ltr'><strong>Item</strong></span> <span class='ocrx_word' id='word_1_5' title='bbox 370 242 421 272; x_wconf 89' lang='lat' dir='ltr'>ubi</span> <span class='ocrx_word' id='word_1_6' title='bbox 439 243 542 282; x_wconf 74' lang='lat' dir='ltr'>magis</span> <span class='ocrx_word' id='word_1_7' title='bbox 557 243 645 282; x_wconf 79' lang='lat' dir='ltr'>viget</span> <span class='ocrx_word' id='word_1_8' title='bbox 663 243 763 282; x_wconf 77' lang='lat' dir='ltr'>passio</span> <span class='ocrx_word' id='word_1_9' title='bbox 789 242 922 280; x_wconf 85' lang='lat' dir='ltr'>timoris,</span> <span class='ocrx_word' id='word_1_10' title='bbox 954 242 1015 272; x_wconf 92' lang='lat' dir='ltr'>ibi-</span> 
     </span>
     <span class='ocr_line' id='line_1_4' title="bbox 234 294 1015 335; baseline 0.001 -10"><span class='ocrx_word' id='word_1_11' title='bbox 234 294 306 325; x_wconf 98' lang='lat' dir='ltr'>dem</span> <span class='ocrx_word' id='word_1_12' title='bbox 326 296 428 335; x_wconf 80' lang='lat' dir='ltr'>magis</span> <span class='ocrx_word' id='word_1_13' title='bbox 450 296 623 327; x_wconf 75' lang='lat' dir='ltr'>intenditur</span> <span class='ocrx_word' id='word_1_14' title='bbox 647 296 748 335; x_wconf 78' lang='lat' dir='ltr'>passio</span> <span class='ocrx_word' id='word_1_15' title='bbox 770 296 890 326; x_wconf 88' lang='lat' dir='ltr'>doloris</span> <span class='ocrx_word' id='word_1_16' title='bbox 924 305 932 326; x_wconf 72' lang='grc' dir='ltr'>ε</span> <span class='ocrx_word' id='word_1_17' title='bbox 962 295 1015 326; x_wconf 87' lang='lat' dir='ltr'>sed</span> 
     </span>
     <span class='ocr_line' id='line_1_5' title="bbox 235 347 1012 387; baseline 0 -9"><span class='ocrx_word' id='word_1_18' title='bbox 235 347 376 379; x_wconf 84' lang='lat' dir='ltr'>Christus</span> <span class='ocrx_word' id='word_1_19' title='bbox 391 350 493 387; x_wconf 72' lang='lat' dir='ltr'>magis</span> <span class='ocrx_word' id='word_1_20' title='bbox 508 349 636 379; x_wconf 87' lang='lat' dir='ltr'>timebat</span> <span class='ocrx_word' id='word_1_21' title='bbox 658 349 835 379; x_wconf 82' lang='lat' dir='ltr'>secundum</span> <span class='ocrx_word' id='word_1_22' title='bbox 852 348 1012 379; x_wconf 78' lang='lat' dir='ltr'>sensuali-</span> 
     </span>
     <span class='ocr_line' id='line_1_6' title="bbox 235 401 1016 440; baseline 0.001 -9"><span class='ocrx_word' id='word_1_23' title='bbox 235 403 343 436; x_wconf 79' lang='lat' dir='ltr'>tatem,</span> <span class='ocrx_word' id='word_1_24' title='bbox 355 410 452 440; x_wconf 79' lang='lat' dir='ltr'>quain</span> <span class='ocrx_word' id='word_1_25' title='bbox 464 401 636 431; x_wconf 80' lang='lat' dir='ltr'>secundnm</span> <span class='ocrx_word' id='word_1_26' title='bbox 649 402 806 432; x_wconf 84' lang='lat' dir='ltr'>rationem</span> <span class='ocrx_word' id='word_1_27' title='bbox 818 413 825 432; x_wconf 89' lang='lat'>:</span> <span class='ocrx_word' id='word_1_28' title='bbox 839 402 1016 432; x_wconf 87' lang='lat' dir='ltr'>secundum</span> 
     </span>
     <span class='ocr_line' id='line_1_7' title="bbox 235 456 1016 494; baseline 0 -8"><span class='ocrx_word' id='word_1_29' title='bbox 235 457 318 486; x_wconf 78' lang='lat' dir='ltr'>enim</span> <span class='ocrx_word' id='word_1_30' title='bbox 342 457 495 486; x_wconf 82' lang='lat' dir='ltr'>rationem</span> <span class='ocrx_word' id='word_1_31' title='bbox 511 465 642 486; x_wconf 74' lang='lat' dir='ltr'>securus</span> <span class='ocrx_word' id='word_1_32' title='bbox 661 460 742 494; x_wconf 84' lang='lat' dir='ltr'>erat,</span> <span class='ocrx_word' id='word_1_33' title='bbox 766 457 839 487; x_wconf 82' lang='lat' dir='ltr'>lieet</span> <span class='ocrx_word' id='word_1_34' title='bbox 861 456 1016 487; x_wconf 87' lang='lat' dir='ltr'>sensuali-</span> 
     </span>
     <span class='ocr_line' id='line_1_8' title="bbox 236 510 1016 549; baseline 0.001 -10"><span class='ocrx_word' id='word_1_35' title='bbox 236 513 281 539; x_wconf 84' lang='lat' dir='ltr'>tas</span> <span class='ocrx_word' id='word_1_36' title='bbox 295 510 475 539; x_wconf 72' lang='lat' dir='ltr'>formidaret</span> <span class='ocrx_word' id='word_1_37' title='bbox 492 519 499 539; x_wconf 90' lang='lat'>:</span> <span class='ocrx_word' id='word_1_38' title='bbox 517 519 596 548; x_wconf 80' lang='lat' dir='ltr'>ergo</span> <span class='ocrx_word' id='word_1_39' title='bbox 613 510 679 549; x_wconf 85' lang='lat' dir='ltr'>pari</span> <span class='ocrx_word' id='word_1_40' title='bbox 696 510 819 541; x_wconf 88' lang='lat' dir='ltr'>ratione</span> <span class='ocrx_word' id='word_1_41' title='bbox 836 510 907 549; x_wconf 86' lang='lat' dir='ltr'>plus</span> <span class='ocrx_word' id='word_1_42' title='bbox 927 510 1016 540; x_wconf 88' lang='lat' dir='ltr'>dole-</span> 
     </span>
     <span class='ocr_line' id='line_1_9' title="bbox 235 563 962 603; baseline 0.003 -12"><span class='ocrx_word' id='word_1_43' title='bbox 235 563 285 592; x_wconf 77' lang='lat' dir='ltr'>bat</span> <span class='ocrx_word' id='word_1_44' title='bbox 300 565 444 602; x_wconf 77' lang='lat' dir='ltr'>exparte</span> <span class='ocrx_word' id='word_1_45' title='bbox 460 563 683 599; x_wconf 73' lang='lat' dir='ltr'>sensualitatis,</span> <span class='ocrx_word' id='word_1_46' title='bbox 701 572 801 603; x_wconf 88' lang='lat' dir='ltr'>quam</span> <span class='ocrx_word' id='word_1_47' title='bbox 819 563 962 594; x_wconf 84' lang='lat' dir='ltr'>rationis.</span> 
     </span>
    </p>

    <p class='ocr_par' dir='ltr' id='par_1_4' title="bbox 233 616 1021 1027">
     <span class='ocr_line' id='line_1_10' title="bbox 276 616 1018 656; baseline 0.003 -11"><span class='ocrx_word' id='word_1_48' title='bbox 276 616 365 651; x_wconf 87' lang='lat' dir='ltr'>Item,</span> <span class='ocrx_word' id='word_1_49' title='bbox 391 617 471 647; x_wconf 88' lang='lat' dir='ltr'>sicut</span> <span class='ocrx_word' id='word_1_50' title='bbox 493 617 649 656; x_wconf 82' lang='lat' dir='ltr'>gaudium</span> <span class='ocrx_word' id='word_1_51' title='bbox 669 620 716 647; x_wconf 86' lang='lat' dir='ltr'>est</span> <span class='ocrx_word' id='word_1_52' title='bbox 743 617 775 647; x_wconf 92' lang='lat' dir='ltr'>in</span> <span class='ocrx_word' id='word_1_53' title='bbox 797 617 1018 655; x_wconf 74' lang='lat' dir='ltr'>conjunctione</span> 
     </span>
     <span class='ocr_line' id='line_1_11' title="bbox 235 670 1020 706; baseline 0 -7"><span class='ocrx_word' id='word_1_54' title='bbox 235 670 452 700; x_wconf 83' lang='lat' dir='ltr'>convenientis</span> <span class='ocrx_word' id='word_1_55' title='bbox 473 680 544 700; x_wconf 78' lang='lat' dir='ltr'>cuin</span> <span class='ocrx_word' id='word_1_56' title='bbox 566 671 786 706; x_wconf 80' lang='lat' dir='ltr'>convenienti,</span> <span class='ocrx_word' id='word_1_57' title='bbox 804 671 845 700; x_wconf 79' lang='lat' dir='ltr'>ita</span> <span class='ocrx_word' id='word_1_58' title='bbox 864 670 953 700; x_wconf 83' lang='lat' dir='ltr'>dolor</span> <span class='ocrx_word' id='word_1_59' title='bbox 974 673 1020 700; x_wconf 81' lang='lat' dir='ltr'>est</span> 
     </span>
     <span class='ocr_line' id='line_1_12' title="bbox 236 722 1019 763; baseline -0.003 -9"><span class='ocrx_word' id='word_1_60' title='bbox 236 723 267 753; x_wconf 86' lang='lat' dir='ltr'>iu</span> <span class='ocrx_word' id='word_1_61' title='bbox 283 724 478 763; x_wconf 79' lang='lat' dir='ltr'>separatione</span> <span class='ocrx_word' id='word_1_62' title='bbox 495 735 502 754; x_wconf 85' lang='grc'>;</span> <span class='ocrx_word' id='word_1_63' title='bbox 516 733 594 763; x_wconf 82' lang='lat' dir='ltr'>ergo</span> <span class='ocrx_word' id='word_1_64' title='bbox 609 724 651 754; x_wconf 87' lang='lat' dir='ltr'>ibi</span> <span class='ocrx_word' id='word_1_65' title='bbox 667 726 713 754; x_wconf 84' lang='lat' dir='ltr'>est</span> <span class='ocrx_word' id='word_1_66' title='bbox 728 725 830 763; x_wconf 85' lang='lat' dir='ltr'>major</span> <span class='ocrx_word' id='word_1_67' title='bbox 842 723 940 760; x_wconf 87' lang='lat' dir='ltr'>dolor,</span> <span class='ocrx_word' id='word_1_68' title='bbox 964 722 1019 753; x_wconf 85' lang='lat' dir='ltr'>ubi</span> 
     </span>
     <span class='ocr_line' id='line_1_13' title="bbox 233 776 1020 816; baseline -0.001 -9"><span class='ocrx_word' id='word_1_69' title='bbox 233 779 280 807; x_wconf 72' lang='lat' dir='ltr'>est</span> <span class='ocrx_word' id='word_1_70' title='bbox 305 777 458 816; x_wconf 75' lang='lat' dir='ltr'>separatio</span> <span class='ocrx_word' id='word_1_71' title='bbox 489 777 591 811; x_wconf 62' lang='lat' dir='ltr'>magis</span> <span class='ocrx_word' id='word_1_72' title='bbox 631 776 847 807; x_wconf 66' lang='lat' dir='ltr'>convenientis</span> <span class='ocrx_word' id='word_1_73' title='bbox 869 787 874 806; x_wconf 77' lang='lat' dir='ltr'>z</span> <span class='ocrx_word' id='word_1_74' title='bbox 911 776 1020 806; x_wconf 87' lang='lat' dir='ltr'>anima</span> 
     </span>
     <span class='ocr_line' id='line_1_14' title="bbox 235 830 1020 869; baseline -0.001 -9"><span class='ocrx_word' id='word_1_75' title='bbox 235 830 306 869; x_wconf 85' lang='lat' dir='ltr'>plus</span> <span class='ocrx_word' id='word_1_76' title='bbox 321 831 469 860; x_wconf 81' lang='lat' dir='ltr'>convenit</span> <span class='ocrx_word' id='word_1_77' title='bbox 485 840 558 860; x_wconf 82' lang='lat' dir='ltr'>cnm</span> <span class='ocrx_word' id='word_1_78' title='bbox 585 840 678 860; x_wconf 82' lang='lat' dir='ltr'>carne</span> <span class='ocrx_word' id='word_1_79' title='bbox 693 830 868 860; x_wconf 87' lang='lat' dir='ltr'>secundum</span> <span class='ocrx_word' id='word_1_80' title='bbox 892 839 1020 860; x_wconf 85' lang='lat' dir='ltr'>sensua-</span> 
     </span>
     <span class='ocr_line' id='line_1_15' title="bbox 234 882 1021 922; baseline 0 -10"><span class='ocrx_word' id='word_1_81' title='bbox 234 883 470 922; x_wconf 77' lang='lat' dir='ltr'>litatem,quam</span> <span class='ocrx_word' id='word_1_82' title='bbox 481 883 655 913; x_wconf 86' lang='lat' dir='ltr'>secundum</span> <span class='ocrx_word' id='word_1_83' title='bbox 667 883 833 919; x_wconf 74' lang='lat' dir='ltr'>rationem,</span> <span class='ocrx_word' id='word_1_84' title='bbox 849 882 931 913; x_wconf 86' lang='lat' dir='ltr'>sicut</span> <span class='ocrx_word' id='word_1_85' title='bbox 947 882 1021 913; x_wconf 81' lang='lat' dir='ltr'>dicit</span> 
     </span>
     <span class='ocr_line' id='line_1_16' title="bbox 234 936 1016 975; baseline 0 -9"><span class='ocrx_word' id='word_1_86' title='bbox 234 936 439 975; x_wconf 76' lang='lat' dir='ltr'>Augustinus</span> <span class='ocrx_word' id='word_1_87' title='bbox 453 940 461 956; x_wconf 88' lang='lat'>¹</span> <span class='ocrx_word' id='word_1_88' title='bbox 483 937 515 966; x_wconf 89' lang='lat' dir='ltr'>in</span> <span class='ocrx_word' id='word_1_89' title='bbox 533 936 613 966; x_wconf 88' lang='lat' dir='ltr'>libro</span> <span class='ocrx_word' id='word_1_90' title='bbox 627 936 664 968; x_wconf 80' lang='lat' dir='ltr'>cle</span> <span class='ocrx_word' id='word_1_91' title='bbox 682 936 814 975; x_wconf 67' lang='lat' dir='ltr'>Spiritu</span> <span class='ocrx_word' id='word_1_92' title='bbox 828 940 855 967; x_wconf 82' lang='lat' dir='ltr'>ec</span> <span class='ocrx_word' id='word_1_93' title='bbox 874 936 993 967; x_wconf 79' lang='lat' dir='ltr'>Anima</span> <span class='ocrx_word' id='word_1_94' title='bbox 1011 947 1016 966; x_wconf 89' lang='lat'>:</span> 
     </span>
     <span class='ocr_line' id='line_1_17' title="bbox 235 991 405 1027; baseline 0 -8"><span class='ocrx_word' id='word_1_95' title='bbox 235 998 327 1027; x_wconf 82' lang='lat' dir='ltr'>ergo,</span> <span class='ocrx_word' id='word_1_96' title='bbox 347 991 405 1019; x_wconf 82' lang='lat' dir='ltr'>ete.</span> 
     </span>
    </p>

    <p class='ocr_par' dir='ltr' id='par_1_5' title="bbox 236 1042 1022 1395">
     <span class='ocr_line' id='line_1_18' title="bbox 278 1042 1022 1082; baseline 0 -9"><span class='ocrx_word' id='word_1_97' title='bbox 278 1042 353 1073; x_wconf 87' lang='lat' dir='ltr'>item</span> <span class='ocrx_word' id='word_1_98' title='bbox 367 1043 451 1082; x_wconf 87' lang='lat' dir='ltr'>quod</span> <span class='ocrx_word' id='word_1_99' title='bbox 464 1043 567 1082; x_wconf 81' lang='lat' dir='ltr'>magis</span> <span class='ocrx_word' id='word_1_100' title='bbox 581 1043 730 1082; x_wconf 81' lang='lat' dir='ltr'>alligatur</span> <span class='ocrx_word' id='word_1_101' title='bbox 742 1043 837 1073; x_wconf 83' lang='lat' dir='ltr'>alicui</span> <span class='ocrx_word' id='word_1_102' title='bbox 849 1045 878 1073; x_wconf 88' lang='lat' dir='ltr'>et</span> <span class='ocrx_word' id='word_1_103' title='bbox 891 1043 928 1082; x_wconf 58' lang='lat' dir='ltr'>[a]</span> <span class='ocrx_word' id='word_1_104' title='bbox 951 1043 1022 1082; x_wconf 84' lang='lat' dir='ltr'>plus</span> 
     </span>
     <span class='ocr_line' id='line_1_19' title="bbox 239 1096 1021 1136; baseline 0.001 -11"><span class='ocrx_word' id='word_1_105' title='bbox 239 1096 360 1134; x_wconf 82' lang='lat' dir='ltr'>indiget</span> <span class='ocrx_word' id='word_1_106' title='bbox 385 1096 453 1131; x_wconf 88' lang='lat' dir='ltr'>illo,</span> <span class='ocrx_word' id='word_1_107' title='bbox 483 1097 587 1135; x_wconf 78' lang='lat' dir='ltr'>magis</span> <span class='ocrx_word' id='word_1_108' title='bbox 611 1097 730 1136; x_wconf 88' lang='lat' dir='ltr'>patitur</span> <span class='ocrx_word' id='word_1_109' title='bbox 754 1099 784 1127; x_wconf 89' lang='lat' dir='ltr'>et</span> <span class='ocrx_word' id='word_1_110' title='bbox 806 1096 958 1135; x_wconf 79' lang='lat' dir='ltr'>affligitur</span> <span class='ocrx_word' id='word_1_111' title='bbox 982 1105 1021 1126; x_wconf 82' lang='lat' dir='ltr'>ex</span> 
     </span>
     <span class='ocr_line' id='line_1_20' title="bbox 239 1142 1022 1182; baseline 0 -10"><span class='ocrx_word' id='word_1_112' title='bbox 239 1142 322 1172; x_wconf 85' lang='lat' dir='ltr'>illius</span> <span class='ocrx_word' id='word_1_113' title='bbox 337 1143 541 1182; x_wconf 79' lang='lat' dir='ltr'>corruptione</span> <span class='ocrx_word' id='word_1_114' title='bbox 561 1145 589 1173; x_wconf 86' lang='lat' dir='ltr'>et</span> <span class='ocrx_word' id='word_1_115' title='bbox 607 1143 775 1174; x_wconf 80' lang='lat' dir='ltr'>amissione</span> <span class='ocrx_word' id='word_1_116' title='bbox 794 1154 800 1173; x_wconf 89' lang='lat'>:</span> <span class='ocrx_word' id='word_1_117' title='bbox 819 1143 872 1173; x_wconf 87' lang='lat' dir='ltr'>sed</span> <span class='ocrx_word' id='word_1_118' title='bbox 894 1152 1022 1172; x_wconf 85' lang='lat' dir='ltr'>sensua-</span> 
     </span>
     <span class='ocr_line' id='line_1_21' title="bbox 239 1195 1022 1235; baseline 0 -11"><span class='ocrx_word' id='word_1_119' title='bbox 239 1195 308 1225; x_wconf 82' lang='lat' dir='ltr'>litas</span> <span class='ocrx_word' id='word_1_120' title='bbox 329 1196 433 1234; x_wconf 69' lang='lat' dir='ltr'>niagis</span> <span class='ocrx_word' id='word_1_121' title='bbox 455 1196 606 1234; x_wconf 83' lang='lat' dir='ltr'>alligatur</span> <span class='ocrx_word' id='word_1_122' title='bbox 628 1196 732 1231; x_wconf 76' lang='lat' dir='ltr'>carni,</span> <span class='ocrx_word' id='word_1_123' title='bbox 753 1198 783 1225; x_wconf 72' lang='lat' dir='ltr'>et</span> <span class='ocrx_word' id='word_1_124' title='bbox 808 1196 878 1235; x_wconf 87' lang='lat' dir='ltr'>plus</span> <span class='ocrx_word' id='word_1_125' title='bbox 900 1195 1022 1234; x_wconf 81' lang='lat' dir='ltr'>indiget</span> 
     </span>
     <span class='ocr_line' id='line_1_22' title="bbox 238 1249 1019 1286; baseline 0 -8"><span class='ocrx_word' id='word_1_126' title='bbox 238 1258 331 1279; x_wconf 86' lang='lat' dir='ltr'>carne</span> <span class='ocrx_word' id='word_1_127' title='bbox 358 1249 396 1279; x_wconf 86' lang='lat' dir='ltr'>ad</span> <span class='ocrx_word' id='word_1_128' title='bbox 428 1258 520 1279; x_wconf 77' lang='lat' dir='ltr'>suam</span> <span class='ocrx_word' id='word_1_129' title='bbox 545 1249 761 1286; x_wconf 81' lang='lat' dir='ltr'>operatiOnem</span> <span class='ocrx_word' id='word_1_130' title='bbox 797 1249 1019 1286; x_wconf 75' lang='lat' dir='ltr'>exercendam,</span> 
     </span>
     <span class='ocr_line' id='line_1_23' title="bbox 236 1302 1022 1342; baseline 0.001 -11"><span class='ocrx_word' id='word_1_131' title='bbox 236 1311 333 1341; x_wconf 87' lang='lat' dir='ltr'>qnam</span> <span class='ocrx_word' id='word_1_132' title='bbox 349 1302 426 1332; x_wconf 84' lang='lat' dir='ltr'>ratio</span> <span class='ocrx_word' id='word_1_133' title='bbox 444 1312 451 1333; x_wconf 74' lang='grc' dir='ltr'><strong><em>ε</em></strong></span> <span class='ocrx_word' id='word_1_134' title='bbox 468 1311 556 1341; x_wconf 71' lang='lat' dir='ltr'>ergo,</span> <span class='ocrx_word' id='word_1_135' title='bbox 574 1312 665 1332; x_wconf 84' lang='lat' dir='ltr'>carne</span> <span class='ocrx_word' id='word_1_136' title='bbox 682 1302 829 1341; x_wconf 87' lang='lat' dir='ltr'>patiente,</span> <span class='ocrx_word' id='word_1_137' title='bbox 848 1302 918 1342; x_wconf 88' lang='lat' dir='ltr'>plns</span> <span class='ocrx_word' id='word_1_138' title='bbox 941 1302 1022 1332; x_wconf 78' lang='lat' dir='ltr'>affli-</span> 
     </span>
     <span class='ocr_line' id='line_1_24' title="bbox 236 1356 1019 1395; baseline 0.001 -10"><span class='ocrx_word' id='word_1_139' title='bbox 236 1356 324 1394; x_wconf 81' lang='lat' dir='ltr'>gitur</span> <span class='ocrx_word' id='word_1_140' title='bbox 337 1357 443 1385; x_wconf 86' lang='lat' dir='ltr'>anima</span> <span class='ocrx_word' id='word_1_141' title='bbox 454 1356 707 1394; x_wconf 77' lang='lat' dir='ltr'>insensualitate,</span> <span class='ocrx_word' id='word_1_142' title='bbox 721 1365 818 1395; x_wconf 77' lang='lat' dir='ltr'>quam</span> <span class='ocrx_word' id='word_1_143' title='bbox 835 1356 867 1385; x_wconf 91' lang='lat' dir='ltr'>in</span> <span class='ocrx_word' id='word_1_144' title='bbox 888 1356 1019 1387; x_wconf 78' lang='lat' dir='ltr'>ratione.</span> 
     </span>
    </p>

    <p class='ocr_par' dir='ltr' id='par_1_6' title="bbox 234 1408 1023 1769">
     <span class='ocr_line' id='line_1_25' title="bbox 276 1408 1021 1448; baseline 0.001 -9"><span class='ocrx_word' id='word_1_145' title='bbox 276 1408 333 1439; x_wconf 85' lang='lat' dir='ltr'>Sed</span> <span class='ocrx_word' id='word_1_146' title='bbox 349 1411 458 1439; x_wconf 81' lang='lat' dir='ltr'>contra</span> <span class='ocrx_word' id='word_1_147' title='bbox 474 1420 480 1438; x_wconf 83' lang='lat' dir='ltr'>z</span> <span class='ocrx_word' id='word_1_148' title='bbox 500 1412 527 1439; x_wconf 72' lang='lat' dir='ltr'>i.</span> <span class='ocrx_word' id='word_1_149' title='bbox 545 1408 633 1439; x_wconf 82' lang='lat' dir='ltr'>Sicut</span> <span class='ocrx_word' id='word_1_150' title='bbox 648 1409 720 1439; x_wconf 77' lang='lat' dir='ltr'>dicit</span> <span class='ocrx_word' id='word_1_151' title='bbox 746 1409 964 1448; x_wconf 78' lang='lat' dir='ltr'>Augustinus,</span> <span class='ocrx_word' id='word_1_152' title='bbox 982 1409 1021 1440; x_wconf 82' lang='lat' dir='ltr'>de</span> 
     </span>
     <span class='ocr_line' id='line_1_26' title="bbox 238 1462 1021 1493; baseline -0.001 0"><span class='ocrx_word' id='word_1_153' title='bbox 238 1462 372 1493; x_wconf 66' lang='lat' dir='ltr'>civitate</span> <span class='ocrx_word' id='word_1_154' title='bbox 397 1462 452 1493; x_wconf 76' lang='lat' dir='ltr'>Dei</span> <span class='ocrx_word' id='word_1_155' title='bbox 477 1462 516 1492; x_wconf 78' lang='lat'>‘³2</span> <span class='ocrx_word' id='word_1_156' title='bbox 548 1474 562 1491; x_wconf 80' lang='lat' dir='ltr'><strong>u</strong></span> <span class='ocrx_word' id='word_1_157' title='bbox 597 1462 689 1492; x_wconf 87' lang='lat' dir='ltr'>Dolor</span> <span class='ocrx_word' id='word_1_158' title='bbox 717 1464 763 1492; x_wconf 89' lang='lat' dir='ltr'>est</span> <span class='ocrx_word' id='word_1_159' title='bbox 802 1462 1021 1492; x_wconf 79' lang='lat' dir='ltr'>testimonium</span> 
     </span>
     <span class='ocr_line' id='line_1_27' title="bbox 234 1514 1020 1554; baseline 0 -9"><span class='ocrx_word' id='word_1_160' title='bbox 234 1514 326 1545; x_wconf 77' lang='lat' dir='ltr'>honae</span> <span class='ocrx_word' id='word_1_161' title='bbox 343 1518 467 1545; x_wconf 84' lang='lat' dir='ltr'>naturae</span> <span class='ocrx_word' id='word_1_162' title='bbox 484 1527 489 1546; x_wconf 81' lang='lat' dir='ltr'>z</span> <span class='ocrx_word' id='word_1_163' title='bbox 507 1527 521 1543; x_wconf 89' lang='lat'>»</span> <span class='ocrx_word' id='word_1_164' title='bbox 541 1524 618 1554; x_wconf 82' lang='lat' dir='ltr'>ergo</span> <span class='ocrx_word' id='word_1_165' title='bbox 636 1516 668 1545; x_wconf 88' lang='lat' dir='ltr'>in</span> <span class='ocrx_word' id='word_1_166' title='bbox 684 1515 806 1545; x_wconf 87' lang='lat' dir='ltr'>meliori</span> <span class='ocrx_word' id='word_1_167' title='bbox 827 1517 941 1546; x_wconf 86' lang='lat' dir='ltr'>natura</span> <span class='ocrx_word' id='word_1_168' title='bbox 971 1516 1020 1545; x_wconf 91' lang='lat' dir='ltr'>in·</span> 
     </span>
     <span class='ocr_line' id='line_1_28' title="bbox 234 1568 1023 1599; baseline 0.001 -2"><span class='ocrx_word' id='word_1_169' title='bbox 234 1568 351 1597; x_wconf 83' lang='lat' dir='ltr'>tensior</span> <span class='ocrx_word' id='word_1_170' title='bbox 381 1570 427 1598; x_wconf 89' lang='lat' dir='ltr'>est</span> <span class='ocrx_word' id='word_1_171' title='bbox 452 1568 542 1598; x_wconf 85' lang='lat' dir='ltr'>dolor</span> <span class='ocrx_word' id='word_1_172' title='bbox 573 1576 579 1597; x_wconf 91' lang='lat'>:</span> <span class='ocrx_word' id='word_1_173' title='bbox 605 1569 657 1599; x_wconf 89' lang='lat' dir='ltr'>sed</span> <span class='ocrx_word' id='word_1_174' title='bbox 692 1568 804 1598; x_wconf 88' lang='lat' dir='ltr'>melior</span> <span class='ocrx_word' id='word_1_175' title='bbox 838 1570 867 1598; x_wconf 84' lang='lat' dir='ltr'>et</span> <span class='ocrx_word' id='word_1_176' title='bbox 906 1570 1023 1598; x_wconf 86' lang='lat' dir='ltr'>natura</span> 
     </span>
     <span class='ocr_line' id='line_1_29' title="bbox 234 1620 1020 1661; baseline 0.001 -11"><span class='ocrx_word' id='word_1_177' title='bbox 234 1620 350 1651; x_wconf 63' lang='lat' dir='ltr'>animae</span> <span class='ocrx_word' id='word_1_178' title='bbox 363 1621 538 1652; x_wconf 87' lang='lat' dir='ltr'>secundum</span> <span class='ocrx_word' id='word_1_179' title='bbox 555 1622 722 1659; x_wconf 88' lang='lat' dir='ltr'>rationem,</span> <span class='ocrx_word' id='word_1_180' title='bbox 735 1631 833 1661; x_wconf 87' lang='lat' dir='ltr'>quam</span> <span class='ocrx_word' id='word_1_181' title='bbox 844 1621 1020 1651; x_wconf 78' lang='lat' dir='ltr'>seeundum</span> 
     </span>
     <span class='ocr_line' id='line_1_30' title="bbox 234 1676 1019 1716; baseline 0 -10"><span class='ocrx_word' id='word_1_182' title='bbox 234 1676 467 1707; x_wconf 82' lang='lat' dir='ltr'>sensualitatem</span> <span class='ocrx_word' id='word_1_183' title='bbox 491 1688 497 1707; x_wconf 89' lang='grc'>;</span> <span class='ocrx_word' id='word_1_184' title='bbox 526 1686 604 1716; x_wconf 82' lang='lat' dir='ltr'>ergo</span> <span class='ocrx_word' id='word_1_185' title='bbox 624 1677 778 1708; x_wconf 88' lang='lat' dir='ltr'>intensior</span> <span class='ocrx_word' id='word_1_186' title='bbox 803 1679 850 1708; x_wconf 89' lang='lat' dir='ltr'>est</span> <span class='ocrx_word' id='word_1_187' title='bbox 870 1677 958 1707; x_wconf 83' lang='lat' dir='ltr'>dolor</span> <span class='ocrx_word' id='word_1_188' title='bbox 981 1686 1019 1707; x_wconf 80' lang='lat' dir='ltr'>ex</span> 
     </span>
     <span class='ocr_line' id='line_1_31' title="bbox 235 1730 1018 1769; baseline 0 -10"><span class='ocrx_word' id='word_1_189' title='bbox 235 1732 322 1768; x_wconf 84' lang='lat' dir='ltr'>parte</span> <span class='ocrx_word' id='word_1_190' title='bbox 347 1730 487 1767; x_wconf 86' lang='lat' dir='ltr'>rationis,</span> <span class='ocrx_word' id='word_1_191' title='bbox 513 1739 608 1769; x_wconf 87' lang='lat' dir='ltr'>quam</span> <span class='ocrx_word' id='word_1_192' title='bbox 626 1739 666 1760; x_wconf 75' lang='lat' dir='ltr'>ex</span> <span class='ocrx_word' id='word_1_193' title='bbox 688 1732 776 1769; x_wconf 87' lang='lat' dir='ltr'>parte</span> <span class='ocrx_word' id='word_1_194' title='bbox 795 1730 1018 1760; x_wconf 80' lang='lat' dir='ltr'>sensualitatis.</span> 
     </span>
    </p>

    <p class='ocr_par' dir='ltr' id='par_1_7' title="bbox 234 1782 1018 2135">
     <span class='ocr_line' id='line_1_32' title="bbox 275 1782 1017 1822; baseline 0.001 -10"><span class='ocrx_word' id='word_1_195' title='bbox 275 1782 364 1819; x_wconf 76' lang='lat' dir='ltr'>Item,</span> <span class='ocrx_word' id='word_1_196' title='bbox 390 1783 475 1822; x_wconf 87' lang='lat' dir='ltr'>quod</span> <span class='ocrx_word' id='word_1_197' title='bbox 494 1792 532 1813; x_wconf 80' lang='lat' dir='ltr'>ex</span> <span class='ocrx_word' id='word_1_198' title='bbox 558 1783 703 1822; x_wconf 88' lang='lat' dir='ltr'>pluribus</span> <span class='ocrx_word' id='word_1_199' title='bbox 723 1783 826 1813; x_wconf 86' lang='lat' dir='ltr'>causis</span> <span class='ocrx_word' id='word_1_200' title='bbox 846 1783 942 1820; x_wconf 76' lang='lat' dir='ltr'>dolet,</span> <span class='ocrx_word' id='word_1_201' title='bbox 968 1783 1017 1813; x_wconf 90' lang='lat' dir='ltr'>in—</span> 
     </span>
     <span class='ocr_line' id='line_1_33' title="bbox 234 1837 1015 1877; baseline 0.004 -10"><span class='ocrx_word' id='word_1_202' title='bbox 234 1837 354 1867; x_wconf 85' lang='lat' dir='ltr'>tensius</span> <span class='ocrx_word' id='word_1_203' title='bbox 371 1837 471 1875; x_wconf 87' lang='lat' dir='ltr'>dolet,</span> <span class='ocrx_word' id='word_1_204' title='bbox 497 1847 594 1877; x_wconf 87' lang='lat' dir='ltr'>quam</span> <span class='ocrx_word' id='word_1_205' title='bbox 617 1838 701 1877; x_wconf 90' lang='lat' dir='ltr'>quod</span> <span class='ocrx_word' id='word_1_206' title='bbox 717 1848 757 1869; x_wconf 78' lang='lat' dir='ltr'>ex</span> <span class='ocrx_word' id='word_1_207' title='bbox 780 1848 844 1869; x_wconf 88' lang='lat' dir='ltr'>una</span> <span class='ocrx_word' id='word_1_208' title='bbox 866 1840 991 1869; x_wconf 89' lang='lat' dir='ltr'>tantum</span> <span class='ocrx_word' id='word_1_209' title='bbox 1009 1851 1015 1870; x_wconf 88' lang='lat'>:</span> 
     </span>
     <span class='ocr_line' id='line_1_34' title="bbox 235 1889 1018 1931; baseline 0.003 -11"><span class='ocrx_word' id='word_1_210' title='bbox 235 1889 286 1920; x_wconf 91' lang='lat' dir='ltr'>sed</span> <span class='ocrx_word' id='word_1_211' title='bbox 299 1889 388 1920; x_wconf 90' lang='lat' dir='ltr'>dolor</span> <span class='ocrx_word' id='word_1_212' title='bbox 396 1892 441 1920; x_wconf 90' lang='lat' dir='ltr'>est</span> <span class='ocrx_word' id='word_1_213' title='bbox 461 1891 495 1920; x_wconf 93' lang='lat' dir='ltr'>in</span> <span class='ocrx_word' id='word_1_214' title='bbox 505 1891 706 1922; x_wconf 80' lang='lat' dir='ltr'>sensualitate</span> <span class='ocrx_word' id='word_1_215' title='bbox 719 1894 843 1922; x_wconf 85' lang='lat' dir='ltr'>tantum</span> <span class='ocrx_word' id='word_1_216' title='bbox 857 1901 896 1922; x_wconf 66' lang='lat' dir='ltr'>ex</span> <span class='ocrx_word' id='word_1_217' title='bbox 909 1901 1018 1931; x_wconf 85' lang='lat' dir='ltr'>carne;</span> 
     </span>
     <span class='ocr_line' id='line_1_35' title="bbox 234 1945 1017 1984; baseline 0.005 -9"><span class='ocrx_word' id='word_1_218' title='bbox 234 1945 314 1975; x_wconf 87' lang='lat' dir='ltr'>ratio</span> <span class='ocrx_word' id='word_1_219' title='bbox 329 1954 406 1976; x_wconf 92' lang='lat' dir='ltr'>vero</span> <span class='ocrx_word' id='word_1_220' title='bbox 423 1955 487 1976; x_wconf 89' lang='lat' dir='ltr'>non</span> <span class='ocrx_word' id='word_1_221' title='bbox 505 1949 627 1977; x_wconf 87' lang='lat' dir='ltr'>tantum</span> <span class='ocrx_word' id='word_1_222' title='bbox 641 1947 827 1978; x_wconf 81' lang='lat' dir='ltr'>condolebat</span> <span class='ocrx_word' id='word_1_223' title='bbox 849 1948 948 1984; x_wconf 86' lang='lat' dir='ltr'>carni,</span> <span class='ocrx_word' id='word_1_224' title='bbox 963 1949 1017 1979; x_wconf 87' lang='lat' dir='ltr'>sed</span> 
     </span>
     <span class='ocr_line' id='line_1_36' title="bbox 234 1998 1018 2039; baseline 0.005 -12"><span class='ocrx_word' id='word_1_225' title='bbox 234 1998 328 2028; x_wconf 90' lang='lat' dir='ltr'>etiam</span> <span class='ocrx_word' id='word_1_226' title='bbox 357 1998 554 2029; x_wconf 86' lang='lat' dir='ltr'>sensualitati</span> <span class='ocrx_word' id='word_1_227' title='bbox 586 2001 617 2029; x_wconf 89' lang='lat' dir='ltr'>et</span> <span class='ocrx_word' id='word_1_228' title='bbox 640 2000 733 2030; x_wconf 87' lang='lat' dir='ltr'>nobis</span> <span class='ocrx_word' id='word_1_229' title='bbox 756 2011 763 2031; x_wconf 73' lang='grc' dir='ltr'>ε</span> <span class='ocrx_word' id='word_1_230' title='bbox 790 2009 868 2039; x_wconf 83' lang='lat' dir='ltr'>ergo</span> <span class='ocrx_word' id='word_1_231' title='bbox 893 2001 1018 2032; x_wconf 87' lang='lat' dir='ltr'>videtur</span> 
     </span>
     <span class='ocr_line' id='line_1_37' title="bbox 234 2050 1016 2094; baseline 0.006 -14"><span class='ocrx_word' id='word_1_232' title='bbox 234 2050 319 2090; x_wconf 92' lang='lat' dir='ltr'>quod</span> <span class='ocrx_word' id='word_1_233' title='bbox 334 2050 485 2081; x_wconf 84' lang='lat' dir='ltr'>intensior</span> <span class='ocrx_word' id='word_1_234' title='bbox 505 2054 572 2082; x_wconf 91' lang='lat' dir='ltr'>erat</span> <span class='ocrx_word' id='word_1_235' title='bbox 589 2052 678 2084; x_wconf 88' lang='lat' dir='ltr'>dolor</span> <span class='ocrx_word' id='word_1_236' title='bbox 703 2053 736 2083; x_wconf 89' lang='lat' dir='ltr'>in</span> <span class='ocrx_word' id='word_1_237' title='bbox 757 2053 895 2092; x_wconf 86' lang='lat' dir='ltr'>ratione,</span> <span class='ocrx_word' id='word_1_238' title='bbox 913 2063 1016 2094; x_wconf 87' lang='lat' dir='ltr'>quam</span> 
     </span>
     <span class='ocr_line' id='line_1_38' title="bbox 234 2103 495 2135; baseline 0.004 -1"><span class='ocrx_word' id='word_1_239' title='bbox 234 2103 266 2134; x_wconf 94' lang='lat' dir='ltr'>in</span> <span class='ocrx_word' id='word_1_240' title='bbox 281 2104 495 2135; x_wconf 84' lang='lat' dir='ltr'>sensualitate.</span> 
     </span>
    </p>

    <p class='ocr_par' dir='ltr' id='par_1_8' title="bbox 233 2156 1016 2518">
     <span class='ocr_line' id='line_1_39' title="bbox 275 2156 1016 2195; baseline 0.007 -8"><span class='ocrx_word' id='word_1_241' title='bbox 275 2156 364 2193; x_wconf 79' lang='lat' dir='ltr'>Item,</span> <span class='ocrx_word' id='word_1_242' title='bbox 381 2157 435 2187; x_wconf 90' lang='lat' dir='ltr'>uhi</span> <span class='ocrx_word' id='word_1_243' title='bbox 450 2160 495 2188; x_wconf 89' lang='lat' dir='ltr'>est</span> <span class='ocrx_word' id='word_1_244' title='bbox 508 2157 664 2189; x_wconf 87' lang='lat' dir='ltr'>intensior</span> <span class='ocrx_word' id='word_1_245' title='bbox 678 2168 780 2195; x_wconf 84' lang='lat' dir='ltr'>amor,</span> <span class='ocrx_word' id='word_1_246' title='bbox 795 2159 838 2190; x_wconf 88' lang='lat' dir='ltr'>ibi</span> <span class='ocrx_word' id='word_1_247' title='bbox 855 2162 901 2191; x_wconf 88' lang='lat' dir='ltr'>est</span> <span class='ocrx_word' id='word_1_248' title='bbox 916 2160 1016 2192; x_wconf 88' lang='lat' dir='ltr'>inten-</span> 
     </span>
     <span class='ocr_line' id='line_1_40' title="bbox 234 2209 1015 2253; baseline 0.008 -13"><span class='ocrx_word' id='word_1_249' title='bbox 234 2210 298 2241; x_wconf 83' lang='lat' dir='ltr'>sior</span> <span class='ocrx_word' id='word_1_250' title='bbox 312 2209 400 2240; x_wconf 88' lang='lat' dir='ltr'>dolor</span> <span class='ocrx_word' id='word_1_251' title='bbox 425 2220 431 2240; x_wconf 90' lang='lat'>:</span> <span class='ocrx_word' id='word_1_252' title='bbox 459 2211 512 2241; x_wconf 86' lang='lat' dir='ltr'>sed</span> <span class='ocrx_word' id='word_1_253' title='bbox 529 2210 669 2242; x_wconf 84' lang='lat' dir='ltr'>Christus</span> <span class='ocrx_word' id='word_1_254' title='bbox 686 2213 791 2252; x_wconf 75' lang='lat' dir='ltr'>magis</span> <span class='ocrx_word' id='word_1_255' title='bbox 814 2214 966 2253; x_wconf 78' lang='lat' dir='ltr'>diligebat</span> <span class='ocrx_word' id='word_1_256' title='bbox 982 2214 1015 2246; x_wconf 93' lang='lat' dir='ltr'>in</span> 
     </span>
     <span class='ocr_line' id='line_1_41' title="bbox 234 2262 1016 2306; baseline 0.009 -14"><span class='ocrx_word' id='word_1_257' title='bbox 234 2262 324 2293; x_wconf 88' lang='lat' dir='ltr'>nobis</span> <span class='ocrx_word' id='word_1_258' title='bbox 339 2262 439 2293; x_wconf 88' lang='lat' dir='ltr'>vitam</span> <span class='ocrx_word' id='word_1_259' title='bbox 454 2264 581 2302; x_wconf 79' lang='lat' dir='ltr'>gratiae,</span> <span class='ocrx_word' id='word_1_260' title='bbox 599 2274 697 2304; x_wconf 86' lang='lat' dir='ltr'>quam</span> <span class='ocrx_word' id='word_1_261' title='bbox 713 2266 746 2296; x_wconf 89' lang='lat' dir='ltr'>in</span> <span class='ocrx_word' id='word_1_262' title='bbox 760 2275 792 2297; x_wconf 88' lang='lat' dir='ltr'>se</span> <span class='ocrx_word' id='word_1_263' title='bbox 807 2267 954 2306; x_wconf 82' lang='lat' dir='ltr'>diligeret</span> <span class='ocrx_word' id='word_1_264' title='bbox 970 2268 1016 2299; x_wconf 94' lang='lat' dir='ltr'>vi-</span> 
     </span>
     <span class='ocr_line' id='line_1_42' title="bbox 233 2317 1012 2357; baseline 0.009 -12"><span class='ocrx_word' id='word_1_265' title='bbox 233 2318 299 2346; x_wconf 86' lang='lat' dir='ltr'>tam</span> <span class='ocrx_word' id='word_1_266' title='bbox 322 2317 448 2347; x_wconf 80' lang='lat' dir='ltr'>naturae</span> <span class='ocrx_word' id='word_1_267' title='bbox 474 2327 480 2347; x_wconf 90' lang='lat'>:</span> <span class='ocrx_word' id='word_1_268' title='bbox 505 2326 583 2356; x_wconf 86' lang='lat' dir='ltr'>ergo</span> <span class='ocrx_word' id='word_1_269' title='bbox 613 2319 716 2357; x_wconf 83' lang='lat' dir='ltr'>magis</span> <span class='ocrx_word' id='word_1_270' title='bbox 740 2319 864 2350; x_wconf 84' lang='lat' dir='ltr'>dolebat</span> <span class='ocrx_word' id='word_1_271' title='bbox 887 2320 926 2352; x_wconf 87' lang='lat' dir='ltr'>de</span> <span class='ocrx_word' id='word_1_272' title='bbox 952 2321 1012 2352; x_wconf 86' lang='lat' dir='ltr'>hoc</span> 
     </span>
     <span class='ocr_line' id='line_1_43' title="bbox 234 2368 1013 2414; baseline 0.009 -16"><span class='ocrx_word' id='word_1_273' title='bbox 234 2368 321 2408; x_wconf 88' lang='lat' dir='ltr'>quod</span> <span class='ocrx_word' id='word_1_274' title='bbox 346 2377 404 2399; x_wconf 90' lang='lat' dir='ltr'>nos</span> <span class='ocrx_word' id='word_1_275' title='bbox 428 2369 636 2401; x_wconf 88' lang='lat' dir='ltr'>amiseramus</span> <span class='ocrx_word' id='word_1_276' title='bbox 652 2371 751 2402; x_wconf 88' lang='lat' dir='ltr'>vitam</span> <span class='ocrx_word' id='word_1_277' title='bbox 767 2373 898 2412; x_wconf 79' lang='lat' dir='ltr'>gratiae,</span> <span class='ocrx_word' id='word_1_278' title='bbox 916 2383 1013 2414; x_wconf 85' lang='lat' dir='ltr'>quam</span> 
     </span>
     <span class='ocr_line' id='line_1_44' title="bbox 235 2421 1011 2463; baseline 0.009 -11"><span class='ocrx_word' id='word_1_279' title='bbox 235 2421 274 2452; x_wconf 91' lang='lat' dir='ltr'>de</span> <span class='ocrx_word' id='word_1_280' title='bbox 289 2422 349 2453; x_wconf 87' lang='lat' dir='ltr'>hoc</span> <span class='ocrx_word' id='word_1_281' title='bbox 371 2422 456 2462; x_wconf 88' lang='lat' dir='ltr'>quod</span> <span class='ocrx_word' id='word_1_282' title='bbox 479 2422 545 2463; x_wconf 89' lang='lat' dir='ltr'>ipse</span> <span class='ocrx_word' id='word_1_283' title='bbox 565 2423 731 2455; x_wconf 89' lang='lat' dir='ltr'>amittebat</span> <span class='ocrx_word' id='word_1_284' title='bbox 746 2425 846 2457; x_wconf 83' lang='lat' dir='ltr'>vitam</span> <span class='ocrx_word' id='word_1_285' title='bbox 862 2429 987 2458; x_wconf 84' lang='lat' dir='ltr'>naturae</span> <span class='ocrx_word' id='word_1_286' title='bbox 1005 2438 1011 2458; x_wconf 91' lang='lat'><strong>:</strong></span> 
     </span>
     <span class='ocr_line' id='line_1_45' title="bbox 235 2475 1013 2518; baseline 0.009 -12"><span class='ocrx_word' id='word_1_287' title='bbox 235 2475 288 2506; x_wconf 88' lang='lat' dir='ltr'>sed</span> <span class='ocrx_word' id='word_1_288' title='bbox 304 2476 426 2515; x_wconf 90' lang='lat' dir='ltr'>primus</span> <span class='ocrx_word' id='word_1_289' title='bbox 439 2476 529 2508; x_wconf 90' lang='lat' dir='ltr'>dolor</span> <span class='ocrx_word' id='word_1_290' title='bbox 552 2479 618 2508; x_wconf 85' lang='lat' dir='ltr'>erat</span> <span class='ocrx_word' id='word_1_291' title='bbox 642 2478 675 2508; x_wconf 89' lang='lat' dir='ltr'>in</span> <span class='ocrx_word' id='word_1_292' title='bbox 699 2479 833 2518; x_wconf 87' lang='lat' dir='ltr'>ratione,</span> <span class='ocrx_word' id='word_1_293' title='bbox 854 2481 1013 2513; x_wconf 85' lang='lat' dir='ltr'>secundus</span> 
     </span>
    </p>
   </div>
   <div class='ocr_carea' id='block_1_4' title="bbox 239 2573 1012 2677">
    <p class='ocr_par' dir='ltr' id='par_1_9' title="bbox 239 2573 1012 2677">
     <span class='ocr_line' id='line_1_46' title="bbox 269 2573 1012 2608; baseline 0.009 -14"><span class='ocrx_word' id='word_1_294' title='bbox 269 2573 341 2595; x_wconf 70' lang='grc' dir='ltr'>1ΙιιιιῐΙ</span> <span class='ocrx_word' id='word_1_295' title='bbox 354 2575 450 2604; x_wconf 64' lang='lat' dir='ltr'>auctor,</span> <span class='ocrx_word' id='word_1_296' title='bbox 463 2574 569 2605; x_wconf 56' lang='lat' dir='ltr'>quisque</span> <span class='ocrx_word' id='word_1_297' title='bbox 580 2575 618 2598; x_wconf 49' lang='lat' dir='ltr'>{lle</span> <span class='ocrx_word' id='word_1_298' title='bbox 632 2576 671 2606; x_wconf 46' lang='grc' dir='ltr'>4ἀι,</span> <span class='ocrx_word' id='word_1_299' title='bbox 688 2576 905 2608; x_wconf 56' lang='lat' dir='ltr'>1.1›.‹l4·SJ11&#39;1·1·r.et</span> <span class='ocrx_word' id='word_1_300' title='bbox 920 2579 1012 2608; x_wconf 42' lang='lat' dir='ltr'>staini„</span> 
     </span>
     <span class='ocr_line' id='line_1_47' title="bbox 239 2609 1012 2643; baseline 0.01 -13"><span class='ocrx_word' id='word_1_301' title='bbox 239 2613 260 2629; x_wconf 75' lang='lat' dir='ltr'>r.</span> <span class='ocrx_word' id='word_1_302' title='bbox 279 2613 331 2637; x_wconf 66' lang='grc' dir='ltr'>λίν,</span> <span class='ocrx_word' id='word_1_303' title='bbox 347 2609 371 2631; x_wconf 88' lang='lat' dir='ltr'>in</span> <span class='ocrx_word' id='word_1_304' title='bbox 393 2610 509 2639; x_wconf 75' lang='lat' dir='ltr'>Append.</span> <span class='ocrx_word' id='word_1_305' title='bbox 529 2611 560 2634; x_wconf 82' lang='lat' dir='ltr'>ad</span> <span class='ocrx_word' id='word_1_306' title='bbox 578 2614 661 2641; x_wconf 70' lang='lat' dir='ltr'>opera</span> <span class='ocrx_word' id='word_1_307' title='bbox 674 2614 700 2636; x_wconf 53' lang='lat' dir='ltr'>S,</span> <span class='ocrx_word' id='word_1_308' title='bbox 722 2613 868 2642; x_wconf 62' lang='lat' dir='ltr'>Augustini,</span> <span class='ocrx_word' id='word_1_309' title='bbox 883 2616 944 2638; x_wconf 75' lang='lat' dir='ltr'>toni,</span> <span class='ocrx_word' id='word_1_310' title='bbox 962 2615 992 2638; x_wconf 77' lang='lat' dir='ltr'>VI</span> <span class='ocrx_word' id='word_1_311' title='bbox 1007 2633 1012 2643; x_wconf 74' lang='grc'>,</span> 
     </span>
     <span class='ocr_line' id='line_1_48' title="bbox 241 2643 1012 2677; baseline 0.017 -13"><span class='ocrx_word' id='word_1_312' title='bbox 241 2643 301 2665; x_wconf 68' lang='lat' dir='ltr'>tulit.</span> <span class='ocrx_word' id='word_1_313' title='bbox 320 2645 477 2669; x_wconf 69' lang='lat' dir='ltr'>Benedictio.</span> <span class='ocrx_word' id='word_1_314' title='bbox 496 2660 521 2663; x_wconf 92' lang='lat'>--</span> <span class='ocrx_word' id='word_1_315' title='bbox 545 2648 554 2663; x_wconf 81' lang='lat'><strong>²</strong></span> <span class='ocrx_word' id='word_1_316' title='bbox 574 2649 646 2676; x_wconf 58' lang='grc' dir='ltr'>Λυσι,</span> <span class='ocrx_word' id='word_1_317' title='bbox 667 2647 696 2670; x_wconf 71' lang='lat' dir='ltr'>(Ie</span> <span class='ocrx_word' id='word_1_318' title='bbox 712 2649 786 2672; x_wconf 68' lang='lat' dir='ltr'>szl.</span> <span class='ocrx_word' id='word_1_319' title='bbox 805 2649 858 2677; x_wconf 67' lang='lat' dir='ltr'>Dm,</span> <span class='ocrx_word' id='word_1_320' title='bbox 874 2649 906 2672; x_wconf 73' lang='lat' dir='ltr'>lul·</span> <span class='ocrx_word' id='word_1_321' title='bbox 938 2650 989 2674; x_wconf 56' lang='grc' dir='ltr'>ΧΙἉ</span> <span class='ocrx_word' id='word_1_322' title='bbox 1007 2669 1012 2677; x_wconf 78' lang='grc'>,</span> 
     </span>
    </p>
   </div>
   <div class='ocr_carea' id='block_1_5' title="bbox 807 175 1290 207">
    <p class='ocr_par' dir='ltr' id='par_1_10' title="bbox 807 175 1290 207">
     <span class='ocr_line' id='line_1_49' title="bbox 807 175 1290 207; baseline 0 0"><span class='ocrx_word' id='word_1_323' title='bbox 807 175 1115 207; x_wconf 78' lang='lat' dir='ltr'>SENTENTIARUM</span> <span class='ocrx_word' id='word_1_324' title='bbox 1141 176 1213 207; x_wconf 86' lang='lat' dir='ltr'>LIB.</span> <span class='ocrx_word' id='word_1_325' title='bbox 1238 177 1290 207; x_wconf 83' lang='grc' dir='ltr'>ΙΙΙ.</span> 
     </span>
    </p>
   </div>
   <div class='ocr_carea' id='block_1_6' title="bbox 1071 243 1852 1616">
    <p class='ocr_par' dir='ltr' id='par_1_11' title="bbox 1071 243 1844 336">
     <span class='ocr_line' id='line_1_50' title="bbox 1071 243 1844 284; baseline 0.004 -11"><span class='ocrx_word' id='word_1_326' title='bbox 1071 243 1318 274; x_wconf 87' lang='lat' dir='ltr'>insensualitate</span> <span class='ocrx_word' id='word_1_327' title='bbox 1335 255 1341 274; x_wconf 93' lang='lat'>:</span> <span class='ocrx_word' id='word_1_328' title='bbox 1359 253 1436 283; x_wconf 84' lang='lat' dir='ltr'>ergo</span> <span class='ocrx_word' id='word_1_329' title='bbox 1449 245 1552 284; x_wconf 84' lang='lat' dir='ltr'>magis</span> <span class='ocrx_word' id='word_1_330' title='bbox 1560 245 1659 276; x_wconf 88' lang='lat' dir='ltr'>doluit</span> <span class='ocrx_word' id='word_1_331' title='bbox 1668 245 1844 276; x_wconf 84' lang='lat' dir='ltr'>secundum</span> 
     </span>
     <span class='ocr_line' id='line_1_51' title="bbox 1073 296 1802 336; baseline 0.004 -10"><span class='ocrx_word' id='word_1_332' title='bbox 1073 296 1240 334; x_wconf 87' lang='lat' dir='ltr'>rationem,</span> <span class='ocrx_word' id='word_1_333' title='bbox 1256 305 1353 336; x_wconf 85' lang='lat' dir='ltr'>quam</span> <span class='ocrx_word' id='word_1_334' title='bbox 1370 297 1543 328; x_wconf 86' lang='lat' dir='ltr'>secundum</span> <span class='ocrx_word' id='word_1_335' title='bbox 1556 297 1802 329; x_wconf 85' lang='lat' dir='ltr'>sensualitatem.</span> 
     </span>
    </p>

    <p class='ocr_par' dir='ltr' id='par_1_12' title="bbox 1074 349 1850 925">
     <span class='ocr_line' id='line_1_52' title="bbox 1115 349 1844 390; baseline 0.004 -11"><span class='ocrx_word' id='word_1_336' title='bbox 1115 349 1204 387; x_wconf 83' lang='lat' dir='ltr'>Item,</span> <span class='ocrx_word' id='word_1_337' title='bbox 1222 350 1254 379; x_wconf 91' lang='lat' dir='ltr'>in</span> <span class='ocrx_word' id='word_1_338' title='bbox 1271 358 1307 379; x_wconf 90' lang='lat' dir='ltr'>ea</span> <span class='ocrx_word' id='word_1_339' title='bbox 1326 351 1414 389; x_wconf 84' lang='lat' dir='ltr'>parte</span> <span class='ocrx_word' id='word_1_340' title='bbox 1430 349 1582 381; x_wconf 89' lang='lat' dir='ltr'>intensior</span> <span class='ocrx_word' id='word_1_341' title='bbox 1605 353 1650 382; x_wconf 90' lang='lat' dir='ltr'>est</span> <span class='ocrx_word' id='word_1_342' title='bbox 1666 351 1770 389; x_wconf 86' lang='lat' dir='ltr'>dolor,</span> <span class='ocrx_word' id='word_1_343' title='bbox 1788 351 1844 390; x_wconf 92' lang='lat' dir='ltr'>qui</span> 
     </span>
     <span class='ocr_line' id='line_1_53' title="bbox 1074 401 1844 441; baseline 0.004 -9"><span class='ocrx_word' id='word_1_344' title='bbox 1074 401 1168 432; x_wconf 82' lang='lat' dir='ltr'>habet</span> <span class='ocrx_word' id='word_1_345' title='bbox 1182 402 1335 441; x_wconf 87' lang='lat' dir='ltr'>majorem</span> <span class='ocrx_word' id='word_1_346' title='bbox 1349 402 1504 432; x_wconf 89' lang='lat' dir='ltr'>rationem</span> <span class='ocrx_word' id='word_1_347' title='bbox 1518 403 1642 434; x_wconf 88' lang='lat' dir='ltr'>dolendi</span> <span class='ocrx_word' id='word_1_348' title='bbox 1666 415 1673 434; x_wconf 88' lang='lat'>:</span> <span class='ocrx_word' id='word_1_349' title='bbox 1697 404 1750 434; x_wconf 90' lang='lat' dir='ltr'>sed</span> <span class='ocrx_word' id='word_1_350' title='bbox 1773 413 1844 435; x_wconf 90' lang='lat' dir='ltr'>sen-</span> 
     </span>
     <span class='ocr_line' id='line_1_54' title="bbox 1074 455 1844 488; baseline 0.005 -4"><span class='ocrx_word' id='word_1_351' title='bbox 1074 455 1203 485; x_wconf 86' lang='lat' dir='ltr'>sualitas</span> <span class='ocrx_word' id='word_1_352' title='bbox 1221 464 1285 485; x_wconf 92' lang='lat' dir='ltr'>non</span> <span class='ocrx_word' id='word_1_353' title='bbox 1308 455 1443 486; x_wconf 83' lang='lat' dir='ltr'>habebat</span> <span class='ocrx_word' id='word_1_354' title='bbox 1468 456 1622 487; x_wconf 87' lang='lat' dir='ltr'>rationem</span> <span class='ocrx_word' id='word_1_355' title='bbox 1642 457 1766 488; x_wconf 90' lang='lat' dir='ltr'>dolendi</span> <span class='ocrx_word' id='word_1_356' title='bbox 1785 457 1844 488; x_wconf 88' lang='lat' dir='ltr'>nisi</span> 
     </span>
     <span class='ocr_line' id='line_1_55' title="bbox 1075 509 1846 547; baseline 0.005 -10"><span class='ocrx_word' id='word_1_357' title='bbox 1075 510 1203 547; x_wconf 86' lang='lat' dir='ltr'>propter</span> <span class='ocrx_word' id='word_1_358' title='bbox 1223 509 1423 539; x_wconf 80' lang='lat' dir='ltr'>afflictionem</span> <span class='ocrx_word' id='word_1_359' title='bbox 1444 509 1546 539; x_wconf 84' lang='lat' dir='ltr'>earnis</span> <span class='ocrx_word' id='word_1_360' title='bbox 1569 518 1655 547; x_wconf 79' lang='lat' dir='ltr'>suae3</span> <span class='ocrx_word' id='word_1_361' title='bbox 1672 510 1753 541; x_wconf 84' lang='lat' dir='ltr'>ratio</span> <span class='ocrx_word' id='word_1_362' title='bbox 1769 519 1846 541; x_wconf 88' lang='lat' dir='ltr'>vero</span> 
     </span>
     <span class='ocr_line' id='line_1_56' title="bbox 1074 560 1844 602; baseline 0.004 -11"><span class='ocrx_word' id='word_1_363' title='bbox 1074 560 1213 591; x_wconf 85' lang='lat' dir='ltr'>hahebat</span> <span class='ocrx_word' id='word_1_364' title='bbox 1232 561 1389 592; x_wconf 85' lang='lat' dir='ltr'>rationem</span> <span class='ocrx_word' id='word_1_365' title='bbox 1411 561 1536 592; x_wconf 89' lang='lat' dir='ltr'>dolendi</span> <span class='ocrx_word' id='word_1_366' title='bbox 1557 564 1683 602; x_wconf 88' lang='lat' dir='ltr'>propter</span> <span class='ocrx_word' id='word_1_367' title='bbox 1702 562 1844 594; x_wconf 84' lang='lat' dir='ltr'>dehono—</span> 
     </span>
     <span class='ocr_line' id='line_1_57' title="bbox 1075 615 1846 655; baseline 0.001 -10"><span class='ocrx_word' id='word_1_368' title='bbox 1075 615 1229 646; x_wconf 83' lang='lat' dir='ltr'>rationem</span> <span class='ocrx_word' id='word_1_369' title='bbox 1256 616 1427 655; x_wconf 76' lang='lat' dir='ltr'>majestatis</span> <span class='ocrx_word' id='word_1_370' title='bbox 1446 616 1565 647; x_wconf 83' lang='lat' dir='ltr'>divinae</span> <span class='ocrx_word' id='word_1_371' title='bbox 1584 626 1590 647; x_wconf 91' lang='lat'>:</span> <span class='ocrx_word' id='word_1_372' title='bbox 1607 616 1660 647; x_wconf 87' lang='lat' dir='ltr'>sed</span> <span class='ocrx_word' id='word_1_373' title='bbox 1675 617 1777 655; x_wconf 82' lang='lat' dir='ltr'>magis</span> <span class='ocrx_word' id='word_1_374' title='bbox 1792 617 1846 647; x_wconf 88' lang='lat' dir='ltr'>do-</span> 
     </span>
     <span class='ocr_line' id='line_1_58' title="bbox 1076 669 1848 709; baseline 0.003 -10"><span class='ocrx_word' id='word_1_375' title='bbox 1076 669 1207 699; x_wconf 89' lang='lat' dir='ltr'>lendum</span> <span class='ocrx_word' id='word_1_376' title='bbox 1223 671 1267 699; x_wconf 87' lang='lat' dir='ltr'>est</span> <span class='ocrx_word' id='word_1_377' title='bbox 1281 669 1319 699; x_wconf 89' lang='lat' dir='ltr'>de</span> <span class='ocrx_word' id='word_1_378' title='bbox 1336 669 1387 700; x_wconf 88' lang='lat' dir='ltr'>Dei</span> <span class='ocrx_word' id='word_1_379' title='bbox 1408 669 1662 707; x_wconf 86' lang='lat' dir='ltr'>inhonoratione,</span> <span class='ocrx_word' id='word_1_380' title='bbox 1691 679 1788 709; x_wconf 85' lang='lat' dir='ltr'>quam</span> <span class='ocrx_word' id='word_1_381' title='bbox 1810 670 1848 701; x_wconf 87' lang='lat' dir='ltr'>de</span> 
     </span>
     <span class='ocr_line' id='line_1_59' title="bbox 1076 722 1850 760; baseline 0.003 -9"><span class='ocrx_word' id='word_1_382' title='bbox 1076 722 1180 752; x_wconf 80' lang='lat' dir='ltr'>carnis</span> <span class='ocrx_word' id='word_1_383' title='bbox 1195 722 1377 760; x_wconf 78' lang='lat' dir='ltr'>afflictione,</span> <span class='ocrx_word' id='word_1_384' title='bbox 1393 724 1424 752; x_wconf 90' lang='lat' dir='ltr'>et</span> <span class='ocrx_word' id='word_1_385' title='bbox 1436 722 1577 753; x_wconf 80' lang='lat' dir='ltr'>Christus</span> <span class='ocrx_word' id='word_1_386' title='bbox 1593 722 1717 753; x_wconf 85' lang='lat' dir='ltr'>dolebat</span> <span class='ocrx_word' id='word_1_387' title='bbox 1735 731 1850 753; x_wconf 85' lang='lat' dir='ltr'>secun-</span> 
     </span>
     <span class='ocr_line' id='line_1_60' title="bbox 1077 775 1850 815; baseline 0.003 -10"><span class='ocrx_word' id='word_1_388' title='bbox 1077 775 1154 806; x_wconf 89' lang='lat' dir='ltr'>dum</span> <span class='ocrx_word' id='word_1_389' title='bbox 1183 775 1267 815; x_wconf 88' lang='lat' dir='ltr'>quod</span> <span class='ocrx_word' id='word_1_390' title='bbox 1293 775 1426 806; x_wconf 81' lang='lat' dir='ltr'>debebat</span> <span class='ocrx_word' id='word_1_391' title='bbox 1451 787 1457 806; x_wconf 74' lang='grc' dir='ltr'>ι</span> <span class='ocrx_word' id='word_1_392' title='bbox 1481 785 1559 815; x_wconf 82' lang='lat' dir='ltr'>ergo</span> <span class='ocrx_word' id='word_1_393' title='bbox 1585 776 1736 807; x_wconf 88' lang='lat' dir='ltr'>intensior</span> <span class='ocrx_word' id='word_1_394' title='bbox 1761 776 1850 807; x_wconf 89' lang='lat' dir='ltr'>dolor</span> 
     </span>
     <span class='ocr_line' id='line_1_61' title="bbox 1078 831 1849 872; baseline 0.003 -11"><span class='ocrx_word' id='word_1_395' title='bbox 1078 833 1146 861; x_wconf 83' lang='lat' dir='ltr'>erat</span> <span class='ocrx_word' id='word_1_396' title='bbox 1160 831 1193 861; x_wconf 90' lang='lat' dir='ltr'>in</span> <span class='ocrx_word' id='word_1_397' title='bbox 1210 831 1331 862; x_wconf 79' lang='lat' dir='ltr'>Christo</span> <span class='ocrx_word' id='word_1_398' title='bbox 1346 834 1502 871; x_wconf 88' lang='lat' dir='ltr'>quantum</span> <span class='ocrx_word' id='word_1_399' title='bbox 1526 832 1565 862; x_wconf 88' lang='lat' dir='ltr'>ad</span> <span class='ocrx_word' id='word_1_400' title='bbox 1578 834 1700 872; x_wconf 88' lang='lat' dir='ltr'>partem</span> <span class='ocrx_word' id='word_1_401' title='bbox 1711 832 1849 864; x_wconf 85' lang='lat' dir='ltr'>rationa-</span> 
     </span>
     <span class='ocr_line' id='line_1_62' title="bbox 1077 885 1847 925; baseline 0.003 -11"><span class='ocrx_word' id='word_1_402' title='bbox 1077 885 1150 922; x_wconf 80' lang='lat' dir='ltr'>lem,</span> <span class='ocrx_word' id='word_1_403' title='bbox 1168 893 1267 924; x_wconf 85' lang='lat' dir='ltr'>qnam</span> <span class='ocrx_word' id='word_1_404' title='bbox 1281 887 1439 923; x_wconf 86' lang='lat' dir='ltr'>quantum</span> <span class='ocrx_word' id='word_1_405' title='bbox 1461 885 1499 915; x_wconf 89' lang='lat' dir='ltr'>ad</span> <span class='ocrx_word' id='word_1_406' title='bbox 1520 887 1642 925; x_wconf 88' lang='lat' dir='ltr'>partem</span> <span class='ocrx_word' id='word_1_407' title='bbox 1659 885 1847 916; x_wconf 85' lang='lat' dir='ltr'>sensualem.</span> 
     </span>
    </p>

    <p class='ocr_par' dir='ltr' id='par_1_13' title="bbox 1078 936 1852 1616">
     <span class='ocr_line' id='line_1_63' title="bbox 1120 936 1849 978; baseline 0.001 -11"><span class='ocrx_word' id='word_1_408' title='bbox 1120 937 1208 975; x_wconf 86' lang='lat' dir='ltr'>Item,</span> <span class='ocrx_word' id='word_1_409' title='bbox 1231 937 1372 967; x_wconf 87' lang='lat' dir='ltr'>Christus</span> <span class='ocrx_word' id='word_1_410' title='bbox 1393 936 1543 975; x_wconf 79' lang='lat' dir='ltr'>diligebat</span> <span class='ocrx_word' id='word_1_411' title='bbox 1565 937 1642 968; x_wconf 86' lang='lat' dir='ltr'>alios</span> <span class='ocrx_word' id='word_1_412' title='bbox 1663 937 1744 968; x_wconf 85' lang='lat' dir='ltr'>sieut</span> <span class='ocrx_word' id='word_1_413' title='bbox 1765 938 1849 978; x_wconf 89' lang='lat' dir='ltr'>seip-</span> 
     </span>
     <span class='ocr_line' id='line_1_64' title="bbox 1078 990 1848 1031; baseline 0.001 -10"><span class='ocrx_word' id='word_1_414' title='bbox 1078 1000 1161 1028; x_wconf 85' lang='lat' dir='ltr'>sum,</span> <span class='ocrx_word' id='word_1_415' title='bbox 1190 991 1265 1031; x_wconf 85' lang='lat' dir='ltr'>quia</span> <span class='ocrx_word' id='word_1_416' title='bbox 1288 991 1458 1030; x_wconf 80' lang='lat' dir='ltr'>perfectam</span> <span class='ocrx_word' id='word_1_417' title='bbox 1481 990 1616 1021; x_wconf 84' lang='lat' dir='ltr'>habebat</span> <span class='ocrx_word' id='word_1_418' title='bbox 1635 990 1820 1022; x_wconf 83' lang='lat' dir='ltr'>charitatem</span> <span class='ocrx_word' id='word_1_419' title='bbox 1841 1001 1848 1022; x_wconf 76' lang='lat' dir='ltr'><em>z</em></span> 
     </span>
     <span class='ocr_line' id='line_1_65' title="bbox 1080 1043 1850 1084; baseline 0 -9"><span class='ocrx_word' id='word_1_420' title='bbox 1080 1054 1158 1084; x_wconf 84' lang='lat' dir='ltr'>ergo</span> <span class='ocrx_word' id='word_1_421' title='bbox 1173 1046 1297 1074; x_wconf 89' lang='lat' dir='ltr'>tantum</span> <span class='ocrx_word' id='word_1_422' title='bbox 1314 1043 1437 1074; x_wconf 86' lang='lat' dir='ltr'>dolebat</span> <span class='ocrx_word' id='word_1_423' title='bbox 1451 1044 1489 1074; x_wconf 92' lang='lat' dir='ltr'>de</span> <span class='ocrx_word' id='word_1_424' title='bbox 1503 1044 1700 1083; x_wconf 85' lang='lat' dir='ltr'>separatione</span> <span class='ocrx_word' id='word_1_425' title='bbox 1715 1044 1850 1076; x_wconf 88' lang='lat' dir='ltr'>aliorum</span> 
     </span>
     <span class='ocr_line' id='line_1_66' title="bbox 1080 1097 1848 1137; baseline 0.001 -9"><span class='ocrx_word' id='word_1_426' title='bbox 1080 1108 1095 1128; x_wconf 86' lang='lat' dir='ltr'>a</span> <span class='ocrx_word' id='word_1_427' title='bbox 1108 1098 1179 1136; x_wconf 79' lang='lat' dir='ltr'>Deo,</span> <span class='ocrx_word' id='word_1_428' title='bbox 1197 1100 1353 1137; x_wconf 88' lang='lat' dir='ltr'>quantum</span> <span class='ocrx_word' id='word_1_429' title='bbox 1369 1097 1394 1127; x_wconf 93' lang='lat' dir='ltr'>si</span> <span class='ocrx_word' id='word_1_430' title='bbox 1410 1097 1475 1137; x_wconf 84' lang='lat' dir='ltr'>ipse</span> <span class='ocrx_word' id='word_1_431' title='bbox 1490 1099 1690 1136; x_wconf 85' lang='lat' dir='ltr'>separaretur</span> <span class='ocrx_word' id='word_1_432' title='bbox 1704 1097 1744 1128; x_wconf 87' lang='lat' dir='ltr'>ab</span> <span class='ocrx_word' id='word_1_433' title='bbox 1760 1097 1828 1137; x_wconf 89' lang='lat' dir='ltr'>ipso</span> <span class='ocrx_word' id='word_1_434' title='bbox 1842 1109 1848 1128; x_wconf 80' lang='grc' dir='ltr'>ε</span> 
     </span>
     <span class='ocr_line' id='line_1_67' title="bbox 1081 1150 1852 1190; baseline 0 -9"><span class='ocrx_word' id='word_1_435' title='bbox 1081 1151 1133 1182; x_wconf 85' lang='lat' dir='ltr'>sed</span> <span class='ocrx_word' id='word_1_436' title='bbox 1162 1153 1308 1181; x_wconf 84' lang='lat' dir='ltr'>constans</span> <span class='ocrx_word' id='word_1_437' title='bbox 1331 1153 1377 1181; x_wconf 88' lang='lat' dir='ltr'>est</span> <span class='ocrx_word' id='word_1_438' title='bbox 1401 1150 1485 1190; x_wconf 86' lang='lat' dir='ltr'>quod</span> <span class='ocrx_word' id='word_1_439' title='bbox 1508 1150 1611 1181; x_wconf 90' lang='lat' dir='ltr'>omnis</span> <span class='ocrx_word' id='word_1_440' title='bbox 1632 1150 1740 1181; x_wconf 85' lang='lat' dir='ltr'>anima</span> <span class='ocrx_word' id='word_1_441' title='bbox 1767 1153 1852 1181; x_wconf 79' lang='lat' dir='ltr'>recta</span> 
     </span>
     <span class='ocr_line' id='line_1_68' title="bbox 1079 1203 1851 1244; baseline 0.001 -10"><span class='ocrx_word' id='word_1_442' title='bbox 1079 1205 1150 1244; x_wconf 85' lang='lat' dir='ltr'>plus</span> <span class='ocrx_word' id='word_1_443' title='bbox 1164 1204 1282 1234; x_wconf 90' lang='lat' dir='ltr'>doleret</span> <span class='ocrx_word' id='word_1_444' title='bbox 1297 1204 1334 1234; x_wconf 85' lang='lat' dir='ltr'>de</span> <span class='ocrx_word' id='word_1_445' title='bbox 1349 1203 1545 1242; x_wconf 84' lang='lat' dir='ltr'>separatione</span> <span class='ocrx_word' id='word_1_446' title='bbox 1561 1212 1579 1233; x_wconf 84' lang='lat' dir='ltr'>a</span> <span class='ocrx_word' id='word_1_447' title='bbox 1596 1203 1669 1241; x_wconf 88' lang='lat' dir='ltr'>Deo,</span> <span class='ocrx_word' id='word_1_448' title='bbox 1694 1213 1793 1243; x_wconf 87' lang='lat' dir='ltr'>quam</span> <span class='ocrx_word' id='word_1_449' title='bbox 1813 1205 1851 1235; x_wconf 86' lang='lat' dir='ltr'>de</span> 
     </span>
     <span class='ocr_line' id='line_1_69' title="bbox 1079 1256 1851 1297; baseline 0.001 -10"><span class='ocrx_word' id='word_1_450' title='bbox 1079 1257 1275 1297; x_wconf 80' lang='lat' dir='ltr'>separatione</span> <span class='ocrx_word' id='word_1_451' title='bbox 1291 1267 1309 1286; x_wconf 90' lang='lat' dir='ltr'>a</span> <span class='ocrx_word' id='word_1_452' title='bbox 1330 1265 1460 1296; x_wconf 83' lang='lat' dir='ltr'>corpore</span> <span class='ocrx_word' id='word_1_453' title='bbox 1476 1256 1603 1296; x_wconf 87' lang='lat' dir='ltr'>proprio</span> <span class='ocrx_word' id='word_1_454' title='bbox 1622 1267 1627 1287; x_wconf 95' lang='lat'><strong>:</strong></span> <span class='ocrx_word' id='word_1_455' title='bbox 1648 1265 1726 1296; x_wconf 83' lang='lat' dir='ltr'>ergo</span> <span class='ocrx_word' id='word_1_456' title='bbox 1745 1257 1851 1288; x_wconf 83' lang='lat' dir='ltr'>anima</span> 
     </span>
     <span class='ocr_line' id='line_1_70' title="bbox 1080 1309 1852 1350; baseline 0.001 -10"><span class='ocrx_word' id='word_1_457' title='bbox 1080 1310 1192 1341; x_wconf 85' lang='lat' dir='ltr'>Christi</span> <span class='ocrx_word' id='word_1_458' title='bbox 1208 1310 1278 1350; x_wconf 85' lang='lat' dir='ltr'>plus</span> <span class='ocrx_word' id='word_1_459' title='bbox 1293 1309 1543 1349; x_wconf 79' lang='lat' dir='ltr'>compatiebatur</span> <span class='ocrx_word' id='word_1_460' title='bbox 1559 1309 1638 1347; x_wconf 77' lang='lat' dir='ltr'>aliis,</span> <span class='ocrx_word' id='word_1_461' title='bbox 1662 1319 1760 1349; x_wconf 83' lang='lat' dir='ltr'>quam</span> <span class='ocrx_word' id='word_1_462' title='bbox 1781 1319 1852 1350; x_wconf 91' lang='lat' dir='ltr'>pro-</span> 
     </span>
     <span class='ocr_line' id='line_1_71' title="bbox 1079 1363 1852 1403; baseline 0 -9"><span class='ocrx_word' id='word_1_463' title='bbox 1079 1364 1156 1403; x_wconf 77' lang='lat' dir='ltr'>priae</span> <span class='ocrx_word' id='word_1_464' title='bbox 1171 1363 1257 1392; x_wconf 77' lang='lat' dir='ltr'>carni</span> <span class='ocrx_word' id='word_1_465' title='bbox 1275 1374 1281 1393; x_wconf 82' lang='lat' dir='ltr'>z</span> <span class='ocrx_word' id='word_1_466' title='bbox 1299 1363 1323 1392; x_wconf 86' lang='lat' dir='ltr'>si</span> <span class='ocrx_word' id='word_1_467' title='bbox 1339 1372 1416 1401; x_wconf 76' lang='lat' dir='ltr'>ergo</span> <span class='ocrx_word' id='word_1_468' title='bbox 1432 1363 1605 1402; x_wconf 81' lang='lat' dir='ltr'>compassio</span> <span class='ocrx_word' id='word_1_469' title='bbox 1619 1365 1763 1403; x_wconf 84' lang='lat' dir='ltr'>respectu</span> <span class='ocrx_word' id='word_1_470' title='bbox 1777 1364 1852 1395; x_wconf 89' lang='lat' dir='ltr'>alio-</span> 
     </span>
     <span class='ocr_line' id='line_1_72' title="bbox 1079 1415 1850 1456; baseline 0.003 -10"><span class='ocrx_word' id='word_1_471' title='bbox 1079 1426 1150 1447; x_wconf 90' lang='lat' dir='ltr'>rum</span> <span class='ocrx_word' id='word_1_472' title='bbox 1181 1418 1247 1446; x_wconf 76' lang='lat' dir='ltr'>erat</span> <span class='ocrx_word' id='word_1_473' title='bbox 1273 1416 1305 1445; x_wconf 89' lang='lat' dir='ltr'>in</span> <span class='ocrx_word' id='word_1_474' title='bbox 1335 1415 1472 1451; x_wconf 81' lang='lat' dir='ltr'>ratione,</span> <span class='ocrx_word' id='word_1_475' title='bbox 1505 1415 1679 1455; x_wconf 79' lang='lat' dir='ltr'>compassio</span> <span class='ocrx_word' id='word_1_476' title='bbox 1706 1418 1850 1456; x_wconf 85' lang='lat' dir='ltr'>respectu</span> 
     </span>
     <span class='ocr_line' id='line_1_73' title="bbox 1079 1468 1850 1508; baseline 0.001 -8"><span class='ocrx_word' id='word_1_477' title='bbox 1079 1470 1181 1500; x_wconf 87' lang='lat' dir='ltr'>carnis</span> <span class='ocrx_word' id='word_1_478' title='bbox 1205 1470 1273 1499; x_wconf 85' lang='lat' dir='ltr'>erat</span> <span class='ocrx_word' id='word_1_479' title='bbox 1294 1469 1327 1498; x_wconf 90' lang='lat' dir='ltr'>in</span> <span class='ocrx_word' id='word_1_480' title='bbox 1350 1468 1551 1498; x_wconf 80' lang='lat' dir='ltr'>sensualitate</span> <span class='ocrx_word' id='word_1_481' title='bbox 1565 1492 1574 1506; x_wconf 79' lang='lat'>,</span> <span class='ocrx_word' id='word_1_482' title='bbox 1596 1477 1673 1508; x_wconf 82' lang='lat' dir='ltr'>ergo</span> <span class='ocrx_word' id='word_1_483' title='bbox 1698 1469 1850 1501; x_wconf 89' lang='lat' dir='ltr'>intensior</span> 
     </span>
     <span class='ocr_line' id='line_1_74' title="bbox 1078 1521 1848 1561; baseline 0.001 -8"><span class='ocrx_word' id='word_1_484' title='bbox 1078 1522 1166 1553; x_wconf 87' lang='lat' dir='ltr'>dolor</span> <span class='ocrx_word' id='word_1_485' title='bbox 1195 1524 1261 1553; x_wconf 87' lang='lat' dir='ltr'>erat</span> <span class='ocrx_word' id='word_1_486' title='bbox 1288 1521 1463 1552; x_wconf 85' lang='lat' dir='ltr'>secuudum</span> <span class='ocrx_word' id='word_1_487' title='bbox 1493 1524 1613 1561; x_wconf 83' lang='lat' dir='ltr'>partem</span> <span class='ocrx_word' id='word_1_488' title='bbox 1649 1522 1848 1561; x_wconf 84' lang='lat' dir='ltr'>rationalem,</span> 
     </span>
     <span class='ocr_line' id='line_1_75' title="bbox 1078 1575 1568 1616; baseline -0.002 -9"><span class='ocrx_word' id='word_1_489' title='bbox 1078 1586 1174 1616; x_wconf 86' lang='lat' dir='ltr'>quam</span> <span class='ocrx_word' id='word_1_490' title='bbox 1190 1576 1363 1607; x_wconf 85' lang='lat' dir='ltr'>seeundum</span> <span class='ocrx_word' id='word_1_491' title='bbox 1380 1575 1568 1606; x_wconf 86' lang='lat' dir='ltr'>sensualem.</span> 
     </span>
    </p>
   </div>
   <div class='ocr_carea' id='block_1_7' title="bbox 1343 1708 1570 1740">
    <p class='ocr_par' dir='ltr' id='par_1_14' title="bbox 1343 1708 1570 1740">
     <span class='ocr_line' id='line_1_76' title="bbox 1343 1708 1570 1740; baseline 0 -1"><span class='ocrx_word' id='word_1_492' title='bbox 1343 1708 1570 1740; x_wconf 90' lang='lat' dir='ltr'>CONCLUSIO.</span> 
     </span>
    </p>
   </div>
   <div class='ocr_carea' id='block_1_8' title="bbox 1078 1787 1849 1956">
    <p class='ocr_par' dir='ltr' id='par_1_15' title="bbox 1078 1787 1849 1956">
     <span class='ocr_line' id='line_1_77' title="bbox 1078 1787 1849 1822; baseline 0.003 -8"><span class='ocrx_word' id='word_1_493' title='bbox 1078 1788 1197 1815; x_wconf 72' lang='lat' dir='ltr'>Christus</span> <span class='ocrx_word' id='word_1_494' title='bbox 1212 1788 1372 1814; x_wconf 72' lang='lat' dir='ltr'>acerbiorem</span> <span class='ocrx_word' id='word_1_495' title='bbox 1388 1787 1502 1814; x_wconf 75' lang='lat' dir='ltr'>dolorem</span> <span class='ocrx_word' id='word_1_496' title='bbox 1513 1789 1542 1814; x_wconf 76' lang='lat' dir='ltr'>in</span> <span class='ocrx_word' id='word_1_497' title='bbox 1555 1789 1635 1822; x_wconf 73' lang='lat' dir='ltr'>parte</span> <span class='ocrx_word' id='word_1_498' title='bbox 1649 1789 1777 1815; x_wconf 79' lang='lat' dir='ltr'>sensitiva</span> <span class='ocrx_word' id='word_1_499' title='bbox 1791 1796 1849 1816; x_wconf 78' lang='lat' dir='ltr'>sen-</span> 
     </span>
     <span class='ocr_line' id='line_1_78' title="bbox 1113 1832 1848 1866; baseline 0 -6"><span class='ocrx_word' id='word_1_500' title='bbox 1113 1833 1198 1860; x_wconf 79' lang='lat' dir='ltr'>tiebat</span> <span class='ocrx_word' id='word_1_501' title='bbox 1210 1853 1218 1866; x_wconf 92' lang='lat'>,</span> <span class='ocrx_word' id='word_1_502' title='bbox 1239 1832 1429 1859; x_wconf 70' lang='lat' dir='ltr'>considerando</span> <span class='ocrx_word' id='word_1_503' title='bbox 1456 1833 1621 1866; x_wconf 55' lang='lat' dir='ltr'>passionom</span> <span class='ocrx_word' id='word_1_504' title='bbox 1650 1832 1695 1859; x_wconf 62' lang='lat' dir='ltr'>secl</span> <span class='ocrx_word' id='word_1_505' title='bbox 1720 1833 1848 1860; x_wconf 73' lang='lat' dir='ltr'>intuendo</span> 
     </span>
     <span class='ocr_line' id='line_1_79' title="bbox 1112 1877 1848 1912; baseline 0.001 -9"><span class='ocrx_word' id='word_1_506' title='bbox 1112 1879 1317 1912; x_wconf 67' lang='lat' dir='ltr'>compassionem</span> <span class='ocrx_word' id='word_1_507' title='bbox 1333 1877 1362 1903; x_wconf 78' lang='lat' dir='ltr'>de</span> <span class='ocrx_word' id='word_1_508' title='bbox 1376 1878 1492 1911; x_wconf 69' lang='lat' dir='ltr'>peccatis</span> <span class='ocrx_word' id='word_1_509' title='bbox 1506 1877 1618 1909; x_wconf 73' lang='lat' dir='ltr'>nostris,</span> <span class='ocrx_word' id='word_1_510' title='bbox 1633 1877 1695 1911; x_wconf 78' lang='lat' dir='ltr'>plus</span> <span class='ocrx_word' id='word_1_511' title='bbox 1710 1877 1848 1911; x_wconf 64' lang='lat' dir='ltr'>affligeba-</span> 
     </span>
     <span class='ocr_line' id='line_1_80' title="bbox 1113 1921 1450 1956; baseline 0 -9"><span class='ocrx_word' id='word_1_512' title='bbox 1113 1924 1156 1948; x_wconf 76' lang='lat' dir='ltr'>tur</span> <span class='ocrx_word' id='word_1_513' title='bbox 1171 1923 1200 1947; x_wconf 73' lang='lat' dir='ltr'>in</span> <span class='ocrx_word' id='word_1_514' title='bbox 1213 1923 1293 1956; x_wconf 80' lang='lat' dir='ltr'>parte</span> <span class='ocrx_word' id='word_1_515' title='bbox 1307 1921 1450 1948; x_wconf 74' lang='lat' dir='ltr'>rationali.</span> 
     </span>
    </p>
   </div>
   <div class='ocr_carea' id='block_1_9' title="bbox 1071 2002 1847 2573">
    <p class='ocr_par' dir='ltr' id='par_1_16' title="bbox 1071 2002 1847 2573">
     <span class='ocr_line' id='line_1_81' title="bbox 1116 2002 1847 2043; baseline 0.001 -9"><span class='ocrx_word' id='word_1_516' title='bbox 1116 2003 1207 2042; x_wconf 87' lang='lat' dir='ltr'>Resp.</span> <span class='ocrx_word' id='word_1_517' title='bbox 1227 2003 1266 2033; x_wconf 88' lang='lat' dir='ltr'>ad</span> <span class='ocrx_word' id='word_1_518' title='bbox 1281 2012 1351 2041; x_wconf 80' lang='lat' dir='ltr'>arg.</span> <span class='ocrx_word' id='word_1_519' title='bbox 1363 2002 1410 2033; x_wconf 87' lang='lat' dir='ltr'>Ad</span> <span class='ocrx_word' id='word_1_520' title='bbox 1427 2002 1650 2042; x_wconf 79' lang='lat' dir='ltr'>praedictorum</span> <span class='ocrx_word' id='word_1_521' title='bbox 1665 2003 1847 2043; x_wconf 85' lang='lat' dir='ltr'>intelligen-</span> 
     </span>
     <span class='ocr_line' id='line_1_82' title="bbox 1074 2055 1847 2097; baseline 0.003 -10"><span class='ocrx_word' id='word_1_522' title='bbox 1074 2057 1151 2087; x_wconf 84' lang='lat' dir='ltr'>tiam</span> <span class='ocrx_word' id='word_1_523' title='bbox 1164 2059 1211 2087; x_wconf 87' lang='lat' dir='ltr'>est</span> <span class='ocrx_word' id='word_1_524' title='bbox 1225 2056 1412 2094; x_wconf 85' lang='lat' dir='ltr'>notandum,</span> <span class='ocrx_word' id='word_1_525' title='bbox 1429 2055 1512 2095; x_wconf 87' lang='lat' dir='ltr'>quod</span> <span class='ocrx_word' id='word_1_526' title='bbox 1535 2056 1568 2086; x_wconf 93' lang='lat' dir='ltr'>in</span> <span class='ocrx_word' id='word_1_527' title='bbox 1590 2056 1711 2087; x_wconf 82' lang='lat' dir='ltr'>Christo</span> <span class='ocrx_word' id='word_1_528' title='bbox 1730 2056 1847 2097; x_wconf 88' lang='lat' dir='ltr'>duplex</span> 
     </span>
     <span class='ocr_line' id='line_1_83' title="bbox 1074 2109 1846 2148; baseline 0.001 -8"><span class='ocrx_word' id='word_1_529' title='bbox 1074 2110 1162 2141; x_wconf 83' lang='lat' dir='ltr'>dolor</span> <span class='ocrx_word' id='word_1_530' title='bbox 1177 2109 1245 2147; x_wconf 82' lang='lat' dir='ltr'>suit,</span> <span class='ocrx_word' id='word_1_531' title='bbox 1263 2109 1437 2139; x_wconf 84' lang='lat' dir='ltr'>seeundum</span> <span class='ocrx_word' id='word_1_532' title='bbox 1452 2109 1535 2148; x_wconf 89' lang='lat' dir='ltr'>quod</span> <span class='ocrx_word' id='word_1_533' title='bbox 1547 2109 1656 2140; x_wconf 86' lang='lat' dir='ltr'>dicunt</span> <span class='ocrx_word' id='word_1_534' title='bbox 1670 2109 1786 2148; x_wconf 85' lang='lat' dir='ltr'>Sancti,</span> <span class='ocrx_word' id='word_1_535' title='bbox 1801 2110 1846 2141; x_wconf 89' lang='lat' dir='ltr'>vi-</span> 
     </span>
     <span class='ocr_line' id='line_1_84' title="bbox 1073 2162 1845 2202; baseline 0 -9"><span class='ocrx_word' id='word_1_536' title='bbox 1073 2162 1184 2193; x_wconf 88' lang='lat' dir='ltr'>delieet</span> <span class='ocrx_word' id='word_1_537' title='bbox 1206 2163 1295 2193; x_wconf 80' lang='lat' dir='ltr'>dolor</span> <span class='ocrx_word' id='word_1_538' title='bbox 1316 2162 1486 2201; x_wconf 86' lang='lat' dir='ltr'>passionis,</span> <span class='ocrx_word' id='word_1_539' title='bbox 1508 2164 1539 2193; x_wconf 87' lang='lat' dir='ltr'>et</span> <span class='ocrx_word' id='word_1_540' title='bbox 1554 2162 1642 2193; x_wconf 85' lang='lat' dir='ltr'>dolor</span> <span class='ocrx_word' id='word_1_541' title='bbox 1656 2163 1845 2202; x_wconf 86' lang='lat' dir='ltr'>compassio-</span> 
     </span>
     <span class='ocr_line' id='line_1_85' title="bbox 1073 2214 1844 2254; baseline 0.001 -8"><span class='ocrx_word' id='word_1_542' title='bbox 1073 2216 1122 2246; x_wconf 87' lang='lat' dir='ltr'>nis</span> <span class='ocrx_word' id='word_1_543' title='bbox 1138 2226 1144 2245; x_wconf 87' lang='lat'>:</span> <span class='ocrx_word' id='word_1_544' title='bbox 1161 2217 1192 2246; x_wconf 88' lang='lat' dir='ltr'>et</span> <span class='ocrx_word' id='word_1_545' title='bbox 1208 2217 1341 2254; x_wconf 87' lang='lat' dir='ltr'>uterque</span> <span class='ocrx_word' id='word_1_546' title='bbox 1360 2214 1448 2246; x_wconf 87' lang='lat' dir='ltr'>dolor</span> <span class='ocrx_word' id='word_1_547' title='bbox 1473 2214 1616 2246; x_wconf 87' lang='lat' dir='ltr'>intensus</span> <span class='ocrx_word' id='word_1_548' title='bbox 1640 2215 1698 2246; x_wconf 84' lang='lat' dir='ltr'>fuit</span> <span class='ocrx_word' id='word_1_549' title='bbox 1711 2217 1742 2246; x_wconf 88' lang='lat' dir='ltr'>et</span> <span class='ocrx_word' id='word_1_550' title='bbox 1755 2225 1844 2247; x_wconf 86' lang='lat' dir='ltr'>acer-</span> 
     </span>
     <span class='ocr_line' id='line_1_86' title="bbox 1072 2268 1844 2305; baseline 0.001 -6"><span class='ocrx_word' id='word_1_551' title='bbox 1072 2269 1134 2299; x_wconf 91' lang='lat' dir='ltr'>bus</span> <span class='ocrx_word' id='word_1_552' title='bbox 1149 2278 1155 2298; x_wconf 84' lang='lat' dir='ltr'>z</span> <span class='ocrx_word' id='word_1_553' title='bbox 1174 2268 1311 2298; x_wconf 88' lang='lat' dir='ltr'>multum</span> <span class='ocrx_word' id='word_1_554' title='bbox 1335 2268 1420 2298; x_wconf 89' lang='lat' dir='ltr'>enim</span> <span class='ocrx_word' id='word_1_555' title='bbox 1442 2268 1475 2299; x_wconf 92' lang='lat' dir='ltr'>in</span> <span class='ocrx_word' id='word_1_556' title='bbox 1489 2277 1522 2299; x_wconf 90' lang='lat' dir='ltr'>se</span> <span class='ocrx_word' id='word_1_557' title='bbox 1536 2268 1646 2305; x_wconf 85' lang='lat' dir='ltr'>doluit,</span> <span class='ocrx_word' id='word_1_558' title='bbox 1661 2270 1692 2299; x_wconf 88' lang='lat' dir='ltr'>et</span> <span class='ocrx_word' id='word_1_559' title='bbox 1707 2269 1844 2300; x_wconf 89' lang='lat' dir='ltr'>multum</span> 
     </span>
     <span class='ocr_line' id='line_1_87' title="bbox 1072 2320 1844 2360; baseline 0 -7"><span class='ocrx_word' id='word_1_560' title='bbox 1072 2322 1163 2353; x_wconf 90' lang='lat' dir='ltr'>nobis</span> <span class='ocrx_word' id='word_1_561' title='bbox 1178 2321 1339 2352; x_wconf 84' lang='lat' dir='ltr'>condoluit</span> <span class='ocrx_word' id='word_1_562' title='bbox 1351 2329 1358 2351; x_wconf 79' lang='grc' dir='ltr'><strong>ε</strong></span> <span class='ocrx_word' id='word_1_563' title='bbox 1371 2322 1402 2352; x_wconf 86' lang='lat' dir='ltr'>et</span> <span class='ocrx_word' id='word_1_564' title='bbox 1410 2323 1543 2360; x_wconf 88' lang='lat' dir='ltr'>uterque</span> <span class='ocrx_word' id='word_1_565' title='bbox 1557 2320 1689 2351; x_wconf 88' lang='lat' dir='ltr'>istorum</span> <span class='ocrx_word' id='word_1_566' title='bbox 1699 2321 1844 2353; x_wconf 89' lang='lat' dir='ltr'>dolorum</span> 
     </span>
     <span class='ocr_line' id='line_1_88' title="bbox 1071 2373 1845 2412; baseline 0.001 -7"><span class='ocrx_word' id='word_1_567' title='bbox 1071 2374 1106 2405; x_wconf 93' lang='lat' dir='ltr'>in</span> <span class='ocrx_word' id='word_1_568' title='bbox 1120 2373 1323 2405; x_wconf 87' lang='lat' dir='ltr'>sensualitate</span> <span class='ocrx_word' id='word_1_569' title='bbox 1337 2373 1406 2412; x_wconf 84' lang='lat' dir='ltr'>fuit,</span> <span class='ocrx_word' id='word_1_570' title='bbox 1423 2374 1501 2404; x_wconf 79' lang='lat' dir='ltr'>etin</span> <span class='ocrx_word' id='word_1_571' title='bbox 1515 2373 1652 2411; x_wconf 84' lang='lat' dir='ltr'>ratione,</span> <span class='ocrx_word' id='word_1_572' title='bbox 1667 2374 1720 2405; x_wconf 90' lang='lat' dir='ltr'>sed</span> <span class='ocrx_word' id='word_1_573' title='bbox 1735 2375 1845 2407; x_wconf 88' lang='lat' dir='ltr'>ordine</span> 
     </span>
     <span class='ocr_line' id='line_1_89' title="bbox 1071 2426 1845 2468; baseline 0.003 -10"><span class='ocrx_word' id='word_1_574' title='bbox 1071 2428 1261 2468; x_wconf 86' lang='lat' dir='ltr'>permutato.</span> <span class='ocrx_word' id='word_1_575' title='bbox 1288 2426 1368 2458; x_wconf 89' lang='lat' dir='ltr'>Nam</span> <span class='ocrx_word' id='word_1_576' title='bbox 1393 2426 1481 2457; x_wconf 87' lang='lat' dir='ltr'>dolor</span> <span class='ocrx_word' id='word_1_577' title='bbox 1503 2426 1655 2465; x_wconf 90' lang='lat' dir='ltr'>passionis</span> <span class='ocrx_word' id='word_1_578' title='bbox 1683 2429 1715 2458; x_wconf 87' lang='lat' dir='ltr'>et</span> <span class='ocrx_word' id='word_1_579' title='bbox 1741 2429 1845 2460; x_wconf 83' lang='lat' dir='ltr'>carnis</span> 
     </span>
     <span class='ocr_line' id='line_1_90' title="bbox 1071 2479 1841 2520; baseline 0.001 -9"><span class='ocrx_word' id='word_1_580' title='bbox 1071 2480 1174 2520; x_wconf 88' lang='lat' dir='ltr'>primo</span> <span class='ocrx_word' id='word_1_581' title='bbox 1202 2479 1378 2519; x_wconf 85' lang='lat' dir='ltr'>attingebat</span> <span class='ocrx_word' id='word_1_582' title='bbox 1399 2479 1540 2510; x_wconf 86' lang='lat' dir='ltr'>animam</span> <span class='ocrx_word' id='word_1_583' title='bbox 1562 2479 1740 2511; x_wconf 84' lang='lat' dir='ltr'>seeundum</span> <span class='ocrx_word' id='word_1_584' title='bbox 1767 2490 1841 2512; x_wconf 89' lang='lat' dir='ltr'>sen-</span> 
     </span>
     <span class='ocr_line' id='line_1_91' title="bbox 1071 2531 1840 2573; baseline 0.001 -9"><span class='ocrx_word' id='word_1_585' title='bbox 1071 2533 1263 2569; x_wconf 78' lang='lat' dir='ltr'>sualitatem,</span> <span class='ocrx_word' id='word_1_586' title='bbox 1283 2535 1313 2564; x_wconf 84' lang='lat' dir='ltr'>et</span> <span class='ocrx_word' id='word_1_587' title='bbox 1330 2532 1441 2563; x_wconf 81' lang='lat' dir='ltr'>deinde</span> <span class='ocrx_word' id='word_1_588' title='bbox 1455 2531 1630 2562; x_wconf 87' lang='lat' dir='ltr'>secundum</span> <span class='ocrx_word' id='word_1_589' title='bbox 1650 2532 1727 2564; x_wconf 87' lang='lat' dir='ltr'>alias</span> <span class='ocrx_word' id='word_1_590' title='bbox 1740 2534 1840 2573; x_wconf 86' lang='lat' dir='ltr'>vires;</span> 
     </span>
    </p>
   </div>
   <div class='ocr_carea' id='block_1_10' title="bbox 1070 2612 1842 2677">
    <p class='ocr_par' dir='ltr' id='par_1_17' title="bbox 1070 2612 1842 2677">
     <span class='ocr_line' id='line_1_92' title="bbox 1070 2612 1842 2643; baseline 0.003 -7"><span class='ocrx_word' id='word_1_591' title='bbox 1070 2622 1091 2637; x_wconf 68' lang='lat' dir='ltr'>v.</span> <span class='ocrx_word' id='word_1_592' title='bbox 1110 2619 1172 2643; x_wconf 55' lang='grc' dir='ltr'>λιιι,</span> <span class='ocrx_word' id='word_1_593' title='bbox 1189 2620 1212 2637; x_wconf 93' lang='lat' dir='ltr'>n.</span> <span class='ocrx_word' id='word_1_594' title='bbox 1230 2615 1256 2641; x_wconf 84' lang='lat'>2,</span> <span class='ocrx_word' id='word_1_595' title='bbox 1276 2613 1310 2636; x_wconf 70' lang='lat' dir='ltr'>sic</span> <span class='ocrx_word' id='word_1_596' title='bbox 1327 2612 1398 2635; x_wconf 65' lang='lat' dir='ltr'>naim«</span> <span class='ocrx_word' id='word_1_597' title='bbox 1413 2620 1417 2635; x_wconf 92' lang='lat'>:</span> <span class='ocrx_word' id='word_1_598' title='bbox 1434 2621 1446 2633; x_wconf 91' lang='lat'>«</span> <span class='ocrx_word' id='word_1_599' title='bbox 1458 2612 1536 2635; x_wconf 75' lang='lat' dir='ltr'>Dolor</span> <span class='ocrx_word' id='word_1_600' title='bbox 1549 2615 1586 2636; x_wconf 82' lang='lat' dir='ltr'>est</span> <span class='ocrx_word' id='word_1_601' title='bbox 1599 2613 1842 2638; x_wconf 79' lang='lat' dir='ltr'>testimoniumboui</span> 
     </span>
     <span class='ocr_line' id='line_1_93' title="bbox 1070 2647 1686 2677; baseline 0 -5"><span class='ocrx_word' id='word_1_602' title='bbox 1070 2648 1169 2675; x_wconf 69' lang='lat' dir='ltr'>vunissi,</span> <span class='ocrx_word' id='word_1_603' title='bbox 1187 2650 1208 2671; x_wconf 66' lang='lat' dir='ltr'>ot</span> <span class='ocrx_word' id='word_1_604' title='bbox 1226 2648 1283 2671; x_wconf 74' lang='lat' dir='ltr'>boin</span> <span class='ocrx_word' id='word_1_605' title='bbox 1299 2647 1384 2671; x_wconf 69' lang='lat' dir='ltr'>rein-ti.</span> <span class='ocrx_word' id='word_1_606' title='bbox 1397 2656 1409 2669; x_wconf 71' lang='lat' dir='ltr'><em>n</em></span> <span class='ocrx_word' id='word_1_607' title='bbox 1440 2661 1454 2664; x_wconf 41' lang='grc' dir='ltr'><strong><em>Δ</em></strong></span> <span class='ocrx_word' id='word_1_608' title='bbox 1469 2650 1501 2677; x_wconf 73' lang='grc' dir='ltr'>(ιι)</span> <span class='ocrx_word' id='word_1_609' title='bbox 1516 2647 1556 2673; x_wconf 79' lang='grc' dir='ltr'>Αἰ.</span> <span class='ocrx_word' id='word_1_610' title='bbox 1568 2648 1637 2672; x_wconf 83' lang='lat' dir='ltr'>deest</span> <span class='ocrx_word' id='word_1_611' title='bbox 1653 2650 1686 2672; x_wconf 86' lang='lat' dir='ltr'>et.</span> 
     </span>
    </p>
   </div>
  </div>
 </body>
</html>
