2017 2960
218 208 275 239 518

218 283 282 306 non
296 277 397 315 potest
407 275 535 306 subesse
549 275 663 306 falsum
677 282 685 304 τ
701 281 779 312 ergo
792 281 851 304 nec
866 272 940 303 fidei
951 272 983 303 in

216 327 280 359 via.

257 380 350 416 Item,
369 381 447 411 sicut
463 389 495 410 se
513 378 607 409 habet
620 378 755 409 charitas
778 377 815 408 ad
841 377 982 416 bonum,

217 434 261 464 ita
287 443 319 464 se
341 433 434 464 habet
455 433 531 463 fides
553 432 592 462 ad
607 440 745 463 verum:
774 431 827 462 sed
848 430 984 461 charitas

217 494 384 525 nunquam
407 485 523 524 appetit
537 484 597 514 nisi
622 485 743 515 bonum
767 495 773 514 :
800 492 878 523 ergo
908 483 985 514 fides

217 546 384 577 nunquam
410 537 482 567 facit
504 537 632 568 credere
655 537 716 568 nisi
741 545 879 568 verum:
907 545 984 575 crgo

217 590 289 620 fidei
303 598 367 620 non
381 589 487 620 subest
500 589 625 620 salsum.

257 641 334 671 Item
348 640 426 671 fides
440 640 568 671 assentit
583 639 696 679 primae
710 640 834 672 veritati
858 640 985 680 propter

215 702 246 723 sc
268 695 298 723 et
319 701 415 732 super
437 692 544 723 omnia
558 692 591 722 in
610 692 765 723 credendo
784 704 790 723 :
808 693 861 723 sed
882 692 986 731 prima

216 746 332 776 veritas
358 755 423 777 non
448 747 549 785 potest
568 745 598 776 ei
626 746 741 776 dictare
763 745 822 776 nisi
846 753 984 776 verum:

216 807 294 838 ergo
318 799 385 838 ipsa
405 807 469 829 non
492 799 594 838 potest
622 798 772 829 assentire
799 799 861 829 nisi
882 806 957 829 vero
977 808 983 828 :

216 860 293 890 ergo
309 851 365 891 ipsi
381 860 444 882 non
460 853 559 891 potest
573 851 701 882 subesse
715 851 776 882 nisi
790 860 916 883 verum.

257 904 335 935 Item
351 904 542 944 cuicumque
555 904 729 944 cognitioni
742 905 849 935 subest
858 904 985 942 falsum,

216 956 269 987 illa
283 957 421 996 cognitio
436 957 540 997 potius
555 959 600 988 est
614 957 809 997 principium
829 957 984 995 deceptio-

216 1010 275 1047 nis,
289 1019 385 1050 quam
399 1010 638 1041 illuminationis
654 1019 662 1040 ε
679 1010 733 1042 sed
747 1010 824 1041 fides
845 1012 892 1040 est
912 1009 986 1040 illu-

216 1063 348 1094 minatio
360 1064 486 1102 mentis,
499 1064 580 1095 sicut
588 1064 663 1094 dicit
675 1063 895 1103 Augustinus:
908 1071 986 1102 ergo

216 1116 289 1147 fidei
305 1116 419 1147 salsum
432 1126 497 1147 non
510 1118 611 1156 potest
626 1116 764 1147 subesse.

257 1168 335 1200 Item
358 1170 462 1200 virtus
488 1172 534 1200 est
556 1170 670 1200 certior
696 1169 784 1200 omni
803 1171 869 1200 arte
891 1170 986 1209 atque

216 1222 345 1253 scientia
362 1231 368 1252 :
385 1223 439 1253 sed
453 1223 590 1253 scientiae
598 1231 663 1253 non
675 1224 776 1262 potest
790 1222 917 1253 subesse
926 1222 982 1253 fal-

217 1283 289 1305 sum
307 1286 313 1305 :
331 1275 356 1305 si
371 1284 450 1314 ergo
464 1275 541 1306 fides
551 1275 654 1306 virtus
667 1277 724 1314 est,
740 1275 878 1311 videtur,
894 1276 953 1305 etc.

256 1327 334 1358 Item
346 1327 424 1358 fides
436 1337 509 1368 quas
524 1328 670 1359 innititur
685 1327 846 1368 principiis
881 1327 985 1357 scieu-

216 1381 352 1418 tiarum,
369 1389 432 1411 non
455 1383 557 1420 potest
578 1380 759 1411 falsificari:
783 1389 861 1419 ergo
884 1380 985 1410 multo

216 1433 319 1472 magis
334 1433 387 1464 illa
399 1456 407 1470 ‚
422 1442 495 1473 quae
520 1433 667 1464 innititur
685 1433 840 1473 principio
865 1432 983 1472 princi-

217 1486 365 1525 piorum:
386 1488 418 1516 01
440 1486 509 1517 haec
530 1487 578 1517 est
597 1485 675 1516 fides
698 1485 850 1516 catholica
871 1496 878 1516 ι
908 1494 985 1525 ergo

215 1537 304 1569 nullo
319 1538 413 1569 modo
428 1540 529 1578 potest
543 1538 572 1569 ei
587 1538 714 1569 subesse
729 1538 854 1569 salsum.

486 1657 710 1689 CONCLUSIO.

215 1745 291 1771 Fidei
309 1751 360 1770 non
375 1745 461 1778 potest
475 1742 575 1769 subesse
593 1743 707 1776 falsum,
724 1744 789 1776 qum
810 1750 863 1769 non
875 1746 986 1777 possunt

249 1789 329 1815 simul
343 1790 413 1813 stare
429 1787 538 1820 falsitas
553 1788 582 1813 in
598 1787 710 1821 credito,
727 1789 750 1814 et
766 1788 867 1814 veritas
882 1789 911 1813 in
930 1795 985 1814 cre-

250 1833 338 1864 dente,
354 1833 409 1859 sive
422 1833 452 1858 in
464 1831 524 1865 fide.

255 1913 347 1952 Resp.
364 1912 403 1942 ad
418 1920 491 1950 arg.
516 1910 687 1941 Dicendum
703 1910 787 1949 quod
801 1919 874 1941 cum
896 1910 986 1941 habi-

214 1969 266 1997 tus
280 1965 353 1995 fidei
366 1965 467 2004 ipsam
482 1966 621 1994 mentem
641 1963 799 1994 illuminet
819 1964 857 1994 ad
880 1973 986 1995 assen-

215 2018 359 2049 tiendum
374 2016 499 2048 veritati
514 2016 639 2047 creditae
654 2016 831 2046 secundum
846 2016 985 2047 illustra-

216 2072 335 2102 tionem
351 2070 469 2102 divinae
482 2069 692 2110 praescientiae
707 2093 714 2107 ‚
731 2071 760 2100 et
775 2069 891 2100 divinae
905 2078 986 2109 prae-

215 2123 354 2156 scientiae
368 2132 433 2154 non
447 2123 543 2162 possit
553 2122 680 2153 subesse
692 2122 820 2160 salsum,
834 2123 908 2162 quia
919 2123 985 2162 ipsa

216 2186 280 2208 non
295 2178 395 2217 potest
403 2176 571 2213 falsificari,
580 2184 706 2206 neeesse
717 2177 763 2206 est
773 2184 889 2215 ponere
900 2176 984 2215 quod

217 2230 276 2270 ipsi
290 2229 413 2261 habitui
427 2229 499 2260 fidei
512 2238 569 2259 nec
582 2228 697 2260 falsum
713 2229 824 2267 subsit,
840 2238 897 2260 nec
911 2229 986 2260 sub-

217 2292 284 2314 esse
320 2283 426 2323 possit.
463 2281 736 2319 Quemadmodum
769 2282 855 2312 enim
878 2282 986 2313 divina

217 2336 426 2377 praescientia‚
442 2344 514 2376 quae
529 2345 570 2366 ex
583 2335 678 2367 rebus
693 2345 757 2366 non
773 2335 901 2376 pendet,
917 2344 985 2366 eer-

217 2390 336 2421 tissime
350 2389 512 2428 cognoscit
525 2397 591 2419 non
603 2389 706 2419 solum
720 2397 757 2419 ea
765 2398 838 2428 quae
850 2390 986 2420 ventura

217 2444 293 2474 sunt
305 2442 497 2480 necessario,
511 2441 565 2473 sed
579 2442 676 2473 etiam
691 2442 907 2482 contingentia
919 2467 927 2481 ,
943 2443 987 2473 ita

218 2495 303 2535 quod
324 2495 407 2526 circa
426 2503 463 2526 ea
485 2494 587 2534 decipi
612 2503 678 2525 non
700 2496 818 2534 potest,
847 2495 929 2526 sicut
952 2495 986 2525 in

218 2548 323 2587 primo
340 2548 421 2579 libro
438 2549 602 2578 ostensum
616 2547 676 2578 fuit
686 2558 693 2585 ;
709 2547 753 2578 sic
767 2550 797 2579 et
810 2548 899 2586 tides,
913 2557 985 2588 quae

219 2602 395 2642 cognitioni
417 2602 534 2634 divinae
555 2602 762 2642 praescientiae
785 2603 944 2642 innititur,
967 2612 986 2634 a

220 2664 283 2694 qua
302 2655 397 2686 etiam
423 2655 620 2687 illuminatur
634 2658 664 2687 et
678 2656 841 2695 dirigitur,
868 2659 985 2688 certam

762 205 1076 238 SENTENTIARUM
1098 205 1172 237 LIB.
1196 206 1247 236 llI.

1037 272 1254 304 credulitatem
1267 276 1298 304 et
1309 274 1573 308 illuminationem
1588 277 1681 308 habet
1697 277 1736 308 de
1749 277 1803 308 fu-

1038 325 1117 356 turis
1139 326 1234 357 etiam
1258 326 1532 367 contingentibus3
1554 330 1598 361 ita
1620 329 1704 370 quod
1728 329 1802 367 illa,

1037 380 1193 418 quantum
1221 380 1268 410 est
1292 379 1331 410 de
1345 388 1394 418 se,
1418 383 1550 420 possunt
1571 391 1636 413 non
1658 381 1800 418 evenire3

1038 430 1115 461 fides
1129 432 1234 462 tamen
1246 440 1304 462 nec
1316 434 1418 472 potest
1428 433 1530 474 decipi
1543 457 1551 472 ‚
1567 443 1625 465 nec
1638 436 1738 474 potest
1752 443 1802 465 er·-

1039 492 1118 514 rare.
1136 483 1224 514 Sicut
1238 484 1324 515 enim
1337 484 1376 516 de
1390 494 1427 516 eo
1438 509 1447 524 ‚
1466 486 1551 526 quod
1566 487 1746 526 praescitum
1760 488 1805 518 est

1039 536 1167 567 evenire
1186 545 1205 567 a
1227 536 1308 575 Dco,
1332 538 1460 569 concedi
1482 540 1583 578 potest
1596 540 1681 579 quod
1700 540 1806 580 ipsum

1039 589 1230 629 impossibile
1243 589 1362 620 sitnon
1376 590 1504 621 evenire
1518 591 1553 621 in
1566 600 1598 622 se
1611 593 1642 622 et
1655 591 1805 631 absolute;

1039 651 1103 673 non
1118 643 1164 673 est
1176 643 1283 673 tamen
1298 643 1517 682 compossibile
1532 652 1606 674 cum
1618 644 1807 684 praevisione

1040 695 1089 725 sui
1111 694 1256 734 oppositi,
1272 695 1347 735 quia
1360 695 1430 727 haec
1444 696 1508 727 duo
1522 705 1588 727 non
1611 699 1742 736 possunt
1763 697 1806 728 si-

1040 747 1108 777 mul
1124 749 1223 785 stare,
1239 748 1327 787 quod
1346 747 1427 779 Deus
1438 748 1619 788 praeviderit
1639 758 1763 788 unum,
1779 751 1810 780 et

1040 800 1123 839 quod
1138 800 1262 831 eveniat
1278 801 1458 840 oppositum
1468 825 1477 840 ,
1493 803 1568 833 tunc
1584 802 1669 833 enim
1688 802 1810 833 fallere-

1040 856 1093 883 tur
1107 853 1213 885 divina
1240 854 1460 893 praescientia:
1483 863 1540 895 per
1566 855 1653 886 hunc
1677 854 1808 886 modum

1040 905 1285 944 intelligendum
1299 907 1393 937 estin
1406 916 1535 938 assensu
1548 907 1620 938 fidei
1632 930 1641 945 ‚
1657 907 1742 947 quod
1756 907 1808 938 in-

1040 957 1152 988 nititur
1181 958 1297 989 divinae
1325 960 1520 999 praevisioni.
1543 959 1632 991 Unde
1661 960 1810 999 quamvis

1040 1011 1194 1042 creditum
1208 1012 1397 1052 contingens
1415 1012 1450 1043 in
1469 1021 1502 1042 se
1523 1012 1620 1052 possit
1643 1021 1708 1042 non
1735 1020 1811 1042 eve-

1040 1063 1129 1102 nire,
1152 1063 1222 1094 haec
1242 1066 1349 1096 tamen
1372 1065 1437 1096 duo
1464 1074 1530 1096 non
1556 1066 1688 1105 possunt
1714 1063 1811 1095 simul

1040 1118 1122 1147 stare
1137 1140 1145 1154 ,
1161 1117 1245 1156 quod
1258 1126 1324 1148 non
1337 1118 1480 1155 eveniat,
1498 1120 1529 1149 et
1551 1117 1637 1158 quod
1656 1117 1696 1148 sit
1710 1116 1809 1148 credi-

1040 1171 1121 1200 tum.
1145 1169 1183 1200 Et
1205 1172 1370 1210 propterea
1394 1171 1631 1202 concedendum
1655 1172 1703 1201 est
1726 1170 1811 1210 quod

1040 1222 1112 1252 fidei
1136 1232 1200 1252 non
1220 1224 1319 1262 potest
1340 1223 1468 1254 subesse
1490 1223 1625 1260 falsum,
1647 1223 1722 1262 quia
1746 1231 1811 1253 non

1040 1276 1171 1314 possunt
1196 1275 1290 1306 simul
1313 1277 1395 1306 stare
1417 1275 1533 1306 falsitas
1557 1275 1591 1306 in
1616 1275 1752 1313 credito,
1780 1277 1810 1306 et

1040 1328 1156 1358 veritas
1176 1328 1209 1358 iu
1223 1328 1385 1366 credente,
1401 1328 1516 1359 sivein
1538 1328 1609 1359 fide.
1635 1327 1674 1358 Et
1694 1336 1809 1359 conce-

1040 1381 1150 1412 dendae
1164 1383 1239 1412 sunt
1253 1381 1389 1411 rationes
1400 1389 1473 1420 quae
1488 1380 1614 1411 suntad
1629 1380 1722 1410 istam
1737 1389 1810 1420 par-

1040 1436 1116 1466 tem.

1081 1491 1094 1518 <1
1103 1511 1110 1518 .
1126 1487 1174 1518 Ad
1188 1487 1266 1518 illud
1280 1495 1359 1526 ergo
1374 1486 1460 1526 quod
1473 1485 1624 1526 objicitur
1637 1485 1671 1516 in
1683 1487 1808 1516 contra-

1040 1538 1144 1576 rium,
1164 1537 1250 1578 quod
1267 1537 1461 1577 quicumque
1479 1536 1586 1567 subest
1602 1536 1807 1576 contingens,

1040 1593 1141 1632 potest
1155 1591 1280 1622 subesse
1292 1590 1419 1628 salsum,
1428 1589 1505 1630 quia
1518 1598 1613 1621 omne
1622 1589 1810 1629 contingens

1041 1646 1141 1685 potest
1161 1654 1227 1675 esse
1248 1644 1382 1682 falsum,
1406 1643 1661 1683 respondendum
1684 1645 1731 1676 est
1754 1652 1810 1683 per

1041 1697 1328 1736 interemptionem,
1343 1696 1418 1736 quia
1432 1696 1549 1727 divinae
1563 1695 1745 1736 praevisioni
1753 1705 1809 1727 su-

1041 1753 1129 1784 besse
1151 1753 1251 1791 potest
1269 1760 1384 1782 verum
1400 1750 1605 1789 contingens,
1630 1749 1808 1780 1015110110-

1041 1814 1117 1836 men
1142 1805 1269 1836 subesse
1291 1813 1356 1834 non
1388 1805 1489 1843 potest
1508 1814 1515 1832 :
1542 1802 1695 1842 praevidet
1722 1802 1809 1833 enim

1041 1857 1122 1888 Deus
1134 1865 1210 1888 vera
1222 1856 1439 1895 contingentia
1450 1866 1457 1893 ;
1475 1854 1529 1886 sed
1542 1857 1650 1885 tamen
1662 1854 1716 1885 illa
1734 1862 1808 1894 quae

1041 1910 1204 1950 praevidet,
1219 1918 1387 1948 nunquam
1399 1910 1474 1939 sunt
1487 1907 1565 1938 falsa
1581 1917 1588 1938 ε
1604 1909 1635 1938 01
1655 1907 1807 1938 5101111100

1041 1963 1136 1994 habet
1155 1961 1336 1992 instantiam
1353 1961 1386 1992 in
1403 1961 1511 1992 divina
1534 1959 1784 2000 praecognitione
1799 1983 1807 1996 ,

1041 2017 1085 2048 510
1099 2016 1176 2047 01111
1191 2014 1422 2046 illuminatione
1435 2022 1508 2054 quae
1527 2013 1567 2044 ab
1590 2022 1627 2043 ea
1648 2011 1807 2052 procedit,

1042 2069 1143 2109 qualis
1155 2070 1201 2099 est
1215 2068 1340 2098 habitus
1354 2067 1441 2105 fidei,
1457 2067 1537 2098 sicut
1551 2065 1738 2106 praedictum
1750 2067 1807 2096 est.

1081 2125 1111 2153 2.
1128 2122 1175 2152 Ad
1190 2121 1267 2152 illud
1283 2121 1367 2160 quod
1380 2120 1527 2160 objicitur
1538 2143 1547 2158 ‚
1570 2119 1656 2160 quod
1681 2119 1809 2150 habitus

1042 2175 1253 2214 cognoscendi
1271 2174 1362 2204 debet
1375 2173 1564 2204 conformari
1577 2173 1635 2213 ipsi
1650 2171 1812 2212 cognosci-

1041 2228 1107 2266 bili,
1123 2227 1292 2258 dicendum
1305 2226 1391 2266 quod
1405 2226 1489 2257 istud
1502 2226 1597 2257 habet
1618 2225 1785 2256 veritatem
1796 2248 1805 2262 ,

1041 2281 1168 2322 quando
1183 2280 1310 2310 habitus
1324 2278 1535 2319 cognoscendi
1549 2278 1664 2318 pendet
1676 2277 1716 2308 ab
1740 2277 1809 2316 ipso

1041 2333 1245 2373 cognoscibili
1256 2333 1431 2363 secundum
1437 2331 1630 2371 exigentiam
1640 2330 1674 2360 in
1682 2328 1810 2369 proprio

1041 2396 1170 2428 genere,
1186 2387 1266 2417 510111
1275 2387 1321 2417 est
1333 2385 1463 2417 scientia
1474 2383 1624 2424 acquisita
1634 2382 1809 2414 secundum

1042 2452 1151 2475 causas
1164 2444 1195 2473 et
1208 2442 1344 2473 rationes
1357 2440 1541 2477 inferiores;
1566 2438 1619 2469 sed
1636 2438 1675 2469 de
1699 2446 1737 2469 eo
1755 2446 1810 2477 ge-

1042 2506 1117 2528 nere
1131 2495 1338 2535 cognitionis,
1354 2493 1440 2534 quod
1460 2502 1527 2524 non
1540 2491 1654 2532 pendet
1678 2491 1718 2522 ab
1742 2491 1809 2532 ipsa

1042 2559 1077 2581 re
1091 2549 1229 2588 cognita,
1247 2556 1312 2579 non
1325 2548 1373 2578 est
1386 2554 1510 2577 necesse
1524 2545 1610 2585 quod
1628 2544 1807 2576 conforme-

1042 2604 1095 2634 tur
1112 2601 1172 2642 ipsi
1193 2599 1397 2641 cognoscibili
1417 2599 1592 2630 secundum
1612 2597 1807 2638 exigentiam

1043 2656 1091 2686 sui
1106 2655 1137 2686 111
1153 2664 1196 2693 se,
1210 2654 1263 2685 sed
1286 2652 1459 2685 secundum
1482 2651 1676 2690 exigentiam
1702 2651 1752 2681 sui
1770 2650 1804 2681 in
