2017 2960
175 1592 278 1612 maiam.

296 167 348 198 'AG

290 243 368 273 ergo
386 234 418 263 in
433 236 533 264 morti·
549 235 690 272 separata
707 231 765 260 suit
787 229 892 258 anima
919 237 937 256 a
956 233 1060 260 carne,

290 290 385 318 restat
399 287 484 326 quod
499 287 593 316 etiam
618 283 767 315 divinitas
791 282 933 320 separata
950 279 1005 309 suit
1023 278 1062 307 ab

290 341 410 371 eadem.

331 396 359 424 2.
393 394 481 428 Item,
512 393 671 421 destructo
695 389 805 429 priori7
832 387 1007 419 destruitur
1033 388 1064 415 et

291 447 446 487 posterius
465 456 472 475 ε
491 445 541 474 sed
558 445 635 474 nnio
654 443 756 473 carnis
766 442 805 472 ad
820 442 959 471 animam
977 439 1063 479 prior

290 503 334 530 est
351 498 547 535 naturaliter,
565 506 661 537 quain
687 497 726 526 sit
750 496 827 526 unio
843 494 945 524 earnis
960 492 997 523 ad
1015 492 1061 522 di-

290 553 467 589 vinitatem,
481 551 556 590 quia
574 551 676 590 prima
688 552 734 579 est
749 548 913 585 naturalis⁷
926 546 1064 577 secunda

291 606 440 644 gratuita,
459 607 488 635 et
503 607 616 634 natura
632 604 718 643 prior
738 604 785 633 est
810 610 907 641 quan]
933 600 1037 639 gratia
1055 610 1061 629 1

290 668 368 698 ergo
383 659 485 689 soluta
502 658 621 688 unione
649 657 764 687 animce
787 656 825 686 ad
854 663 993 691 carnem,
1013 662 1064 683 ne-

290 721 373 743 cesse
388 715 434 742 est
451 712 530 742 solvi
546 711 700 741 unitatem
716 709 819 740 carnis
842 708 881 738 ad
902 707 1061 737 deitatem.

331 768 359 796 3.
378 765 453 795 Item
471 764 619 794 divinitas·
635 773 698 793 non
722 765 768 793 est
791 761 921 792 unibitis
940 763 1063 791 naturze

287 819 462 849 insensibili
482 820 510 848 01
527 818 700 848 irrationali
719 828 725 847 z
744 816 796 847 sed
811 825 898 851 caro,
922 817 992 854 post
1013 823 1062 844 50-

290 872 485 912 parationem
513 871 647 907 animm,
679 872 725 900 est
738 870 818 899 sacta
846 868 1039 898 insensibilis
1056 876 1063 897 z

290 934 367 963 ergo
381 934 446 955 non
462 925 588 954 videtur
602 924 696 954 fnisse
712 923 824 953 idonea
839 924 917 952 tune
940 923 976 951 nt
990 921 1064 952 uni-

290 982 378 1009 retur
392 978 551 1009 divinitati
565 977 710 1007 :videtur
723 985 801 1015 ergo
817 975 902 1014 quod
919 975 949 1004 in
964 976 1064 1005 morte

290 1032 367 1062 nnio
383 1032 435 1061 illa
458 1031 553 1061 fuerit
574 1030 687 1068 soluta,
705 1038 777 1069 quae
802 1031 867 1059 erat
890 1027 1063 1059 divinitatis

291 1085 329 1115 ad
345 1093 471 1116 earnem
489 1083 672 1123 assumptio.

331 1140 360 1168 4.
379 1138 456 1168 Item
472 1137 576 1168 omnis
590 1136 666 1167 unio
682 1136 871 1166 terminatur
887 1134 925 1165 ad
939 1134 1064 1174 aliquod

290 1200 404 1222 unum.
421 1191 454 1222 Si
473 1200 552 1229 ergo
568 1199 640 1220 caro
657 1191 724 1220 erat
746 1189 835 1219 unita
858 1187 979 1225 deitati,
1010 1189 1065 1217 aut

292 1254 371 1284 ergo
386 1245 445 1275 ista
459 1245 536 1275 unio
552 1244 683 1274 faciebat
698 1251 799 1272 unum
816 1242 849 1271 in
868 1243 993 1277 natura,
1011 1242 1066 1270 aut

293 1308 395 1329 unum
431 1299 464 1328 in
489 1307 623 1338 persona
656 1308 661 1327 t
696 1297 727 1327 in
757 1299 873 1326 natura
901 1304 976 1333 non,
1006 1294 1066 1324 hoc

293 1354 432 1389 constat3
457 1352 490 1381 in
514 1360 648 1391 persona
672 1359 753 1387 non,
779 1352 815 1379 ut
829 1349 966 1386 videtur,
992 1348 1067 1387 quia

293 1415 357 1436 0011
372 1408 418 1436 est
432 1404 535 1435 dicere
555 1404 639 1443 quod
662 1403 761 1433 Filius
780 1404 826 1433 est
845 1410 980 1441 persona
995 1410 1066 1430 car-

294 1459 343 1488 nis
362 1470 368 1488 z
388 1467 466 1496 ergo
489 1466 553 1487 non
576 1457 701 1487 videtur
715 1455 798 1496 quod
818 1455 924 1495 aliquo
950 1463 1067 1493 genere

293 1512 420 1543 unionis
432 1512 465 1541 in
481 1513 581 1542 morte
597 1510 746 1541 divinitas
758 1509 852 1540 fuerit
864 1508 953 1539 unita
968 1508 1064 1538 carni.

335 1566 393 1596 Sed
409 1568 518 1596 contra
535 1576 541 1595 z
563 1565 624 1595 Leo
641 1564 724 1604 Papa
741 1575 747 1594 ε
770 1576 783 1591 α
799 1562 899 1593 Tanta
924 1564 968 1592 est
991 1561 1068 1591 unio

294 1619 347 1649 Dei
363 1622 393 1650 et
405 1619 554 1656 hominis,
580 1621 616 1648 ut
638 1627 696 1648 1100
717 1616 871 1656 supplicio
893 1617 997 1655 posset
1022 1614 1067 1644 di-

294 1673 378 1710 rimi⁷
396 1682 454 1703 nec
468 1674 569 1702 morte
584 1671 739 1710 distingui
764 1681 770 1700 :
797 1670 850 1700 sed
875 1669 912 1700 de
936 1668 1070 1707 integri-

295 1729 357 1756 tate
374 1726 523 1756 liumanae
539 1727 662 1756 natura}
672 1726 718 1754 est
729 1733 793 1754 non
808 1724 933 1753 tantum
950 1721 1069 1757 anima,

297 1789 410 1811 verum
426 1780 521 1810 etiam
536 1788 608 1809 caro
627 1790 633 1809 ι
651 1787 729 1817 ergo
748 1778 781 1808 in
798 1778 898 1807 morte
926 1785 990 1806 non
1012 1774 1071 1805 suit

297 1835 440 1873 separata
454 1842 526 1863 caro
541 1842 559 1862 a
573 1831 687 1862 Verbo.
708 1831 773 1861 Hoc
789 1830 896 1870 ipsum
917 1829 989 1859 dicit
1004 1828 1071 1859 Au-

298 1887 447 1925 gustinus
464 1889 471 1904 ¹
487 1888 596 1916 contra
611 1884 819 1921 Felicianuin,
842 1883 935 1922 cujus
961 1884 1070 1912 aucto-

298 1940 374 1970 ritas
389 1939 524 1969 habetur
537 1939 570 1968 in
584 1938 697 1967 littera.

340 1992 417 2023 Item
439 1992 560 2023 ratione
576 1991 701 2021 videtur
717 2001 724 2020 ·.
740 1989 880 2020 Christus
908 1989 940 2018 in
966 1988 1072 2019 triduo

300 2046 414 2077 dicitur
424 2045 559 2085 ι10001550
574 2045 606 2074 111
623 2043 791 2083 sepulchro
817 2052 824 2072 :
845 2042 898 2073 sed
924 2042 983 2072 hoc
1009 2051 1072 2071 11011

301 2100 415 2130 (1101101
430 2099 489 2129 11151
508 2098 629 2128 ratione
645 2097 748 2127 carnis
763 2097 941 2135 conjunctae
962 2106 968 2126 z
995 2104 1073 2134 ergo

301 2153 334 2183 in
348 2153 452 2183 triduo
468 2161 539 2182 caro
554 2151 612 2181 suit
627 2151 796 2189 conjuncta
808 2148 976 2179 divinitati.

343 2205 431 2243 Item,
459 2205 724 2245 quandocumque
756 2203 863 2241 aliqua
897 2202 960 2232 duo
985 2202 1075 2231 unita

302 2262 501 2300 separantur,
518 2261 572 2289 aut
584 2258 775 2296 elongantur
789 2255 965 2286 secundum
981 2255 1074 2286 dissi-

304 2313 527 2349 militudinem,
545 2310 783 2342 autsccundnm
795 2309 981 2348 positionem
998 2320 1005 2339 ·.
1022 2309 1075 2339 sed

304 2376 376 2398 caro
391 2366 504 2398 Christi
520 2374 584 2395 non
605 2364 666 2394 suit
688 2364 837 2402 elongata
860 2372 879 2392 a
904 2362 1006 2393 Verbo
1025 2372 1075 2393 se-

304 2420 446 2451 cundum
461 2418 712 2454 similitudinem,
733 2416 802 2446 talis
814 2416 898 2446 enim
916 2415 1075 2454 elongatio

304 2477 349 2505 051
375 2473 512 2513 peccati;
543 2480 601 2502 nec
627 2470 687 2501 suit
715 2469 875 2508 elongatio
898 2469 1075 2499 secundum

304 2528 505 2568 positionem,
528 2525 604 2566 quia
629 2523 768 2555 Verbum
786 2523 838 2554 Dei
863 2526 910 2554 est
928 2524 1048 2564 ubique
1065 2534 1072 2554 ι

305 2591 382 2620 ergo
395 2591 460 2612 non
474 2580 533 2611 fuit
549 2579 651 2611 soluta
667 2578 744 2609 unio
758 2577 931 2609 divinitatis
945 2578 983 2609 ad
1003 2587 1076 2608 car-

305 2644 390 2668 nem,

860 154 1169 191 SEN'I‘FNTIARUM
1189 157 1262 188 LlB.
1290 158 1342 189 lll.

1160 224 1236 254 Item
1257 225 1336 255 nihil
1361 225 1488 256 unitum
1514 225 1600 256 carni
1628 235 1683 266 per
1712 227 1892 266 passionem

1118 278 1322 316 separabatur
1347 287 1366 308 a
1389 287 1497 316 carne,
1528 279 1612 318 quod
1641 289 1704 310 non
1732 283 1892 320 pateretur

1118 340 1212 362 carne
1227 332 1383 371 patiente3
1405 332 1458 362 sed
1472 332 1621 363 divinitas
1640 333 1778 372 patiente
1799 343 1893 365 carne

1120 393 1185 415 non
1212 385 1391 424 patiebatur
1426 395 1432 415 z
1462 394 1539 424 ergo
1567 395 1623 424 per
1654 387 1834 426 passionem
1862 389 1894 418 et

1118 439 1254 468 mortem
1267 438 1306 468 ab
1322 448 1359 468 ea
1375 447 1439 469 non
1454 438 1669 478 separabatur.

1379 569 1640 607 CONCRLUSIO.

1119 647 1150 672 In
1158 648 1242 672 morte
1251 645 1493 673 Clu'z'stidt'rz'm'tas
1504 654 1521 672 α
1536 653 1614 672 carne
1624 653 1676 672 ‘non
1685 647 1740 679 fuit
1749 650 1891 681 separata:

1156 692 1180 716 ec
1190 690 1235 716 1100
1245 691 1399 716 couveniens
1408 691 1464 723 fuit
1476 698 1508 716 (ω
1518 691 1674 717 assumentis
1685 691 1859 723 liberalitate,
1871 694 1894 719 et

1155 735 1352 769 assumptibilz's
1366 735 1515 768 disputate,
1527 737 1551 761 et
1561 736 1752 770 assumptionis
1761 736 1891 763 utilitate.

1161 815 1251 855 Hesp.
1273 815 1310 845 ad
1327 824 1397 854 arg.
1429 815 1600 845 Dicendum
1625 815 1709 855 quod
1737 815 1770 846 in
1794 818 1894 847 morte

1120 867 1234 899 Christi
1249 877 1313 898 non
1334 869 1393 898 t'uit
1414 868 1564 898 divinitas
1584 870 1728 908 separata
1743 878 1762 898 a
1787 877 1892 899 carne.

1120 921 1158 952 Et
1170 921 1267 960 hujiis
1282 921 1360 951 ratio
1373 921 1487 960 triplex
1512 924 1569 957 est,
1586 921 1730 952 videlicet
1755 921 1895 952 liberali-

1120 979 1166 1005 tas
1191 984 1209 1005 a
1234 977 1322 1014 parte
1350 974 1559 1012 assumentis,
1589 974 1727 1013 dignitas
1756 984 1774 1004 a
1807 977 1895 1014 parte

1123 1028 1363 1067 assumptibilis,
1400 1027 1520 1058 utilitas
1550 1036 1588 1057 ex
1621 1029 1708 1067 parte
1750 1036 1894 1067 assump-

1122 1081 1225 1112 tionis.
1270 1081 1454 1112 Liberalitas
1471 1106 1478 1120 ‚
1523 1081 1655 1121 inquam
1672 1105 1681 1119 ,
1726 1090 1767 1112 ex
1808 1083 1897 1121 parte

1121 1135 1310 1166 assumentis
1340 1144 1347 1165 ε
1378 1135 1454 1174 quia
1482 1144 1556 1165 cum
1585 1135 1666 1166 Deus
1690 1135 1743 1165 dat
1769 1134 1897 1174 aliquod

1121 1189 1252 1226 donum,
1279 1198 1343 1219 non
1359 1188 1516 1219 subtrahit
1534 1188 1613 1218 illud
1635 1188 1702 1218 sine
1722 1187 1814 1227 culpa
1836 1196 1844 1218 ι
1869 1187 1897 1217 51

1121 1251 1200 1281 ergo
1215 1243 1301 1272 nulla
1316 1243 1409 1282 culpa
1426 1242 1606 1279 intervenit,
1623 1250 1687 1271 non
1702 1241 1806 1271 decuit
1814 1240 1894 1271 divi-

1122 1304 1197 1325 nam
1211 1295 1430 1326 liberalitatem
1445 1304 1585 1331 carnem,
1609 1303 1707 1334 quam
1734 1294 1793 1324 sibi
1821 1293 1898 1325 libe-

1122 1349 1229 1379 raliter
1244 1350 1378 1387 unierat,
1395 1349 1534 1388 separari
1548 1358 1565 1378 a
1582 1357 1625 1378 se.
1643 1347 1786 1386 Dignitas
1800 1348 1897 1378 etiam

1123 1411 1162 1432 ex
1177 1404 1265 1441 parte
1280 1401 1507 1441 assumptibilis
1535 1401 1593 1431 suit
1613 1400 1647 1430 in
1672 1409 1782 1438 causa,
1799 1409 1899 1440 quare

1122 1455 1182 1486 ista
1202 1456 1278 1486 unio
1305 1465 1371 1486 non
1399 1455 1507 1485 debuit
1529 1454 1677 1494 separari.
1708 1454 1786 1484 Caro
1813 1454 1898 1484 enim

1124 1510 1176 1540 illa
1187 1518 1251 1540 non
1266 1509 1375 1539 debuit
1389 1508 1497 1539 videre
1513 1507 1761 1547 corruptionem,
1782 1516 1898 1538 secun-

1125 1563 1202 1593 dum
1223 1562 1302 1593 itlud
1323 1562 1408 1601 quod
1432 1561 1549 1592 dicitur
1570 1560 1603 1590 in
1631 1559 1755 1591 Psalmo
1772 1561 1782 1578 ³
1800 1570 1808 1591 ε
1828 1560 1899 1592 Non

1125 1615 1218 1647 (labis
1224 1618 1371 1647 sanctum
1383 1618 1473 1647 ticum
1486 1613 1594 1646 videre
1603 1614 1834 1653 corruptionem
1843 1613 1900 1644 :si-

1125 1671 1179 1699 cut
1201 1678 1278 1708 ergo
1293 1677 1460 1708 nunquam
1478 1668 1582 1698 decuit
1598 1667 1700 1707 ipsam
1717 1666 1898 1703 incinerari,

1126 1723 1171 1752 sic
1184 1731 1351 1761 nunquam
1364 1722 1469 1752 decuit
1482 1721 1582 1760 ipsam
1595 1729 1613 1750 a
1630 1720 1732 1750 Verbo
1748 1719 1898 1759 separari.

1127 1774 1248 1805 Utilitas
1260 1776 1367 1804 autem
1383 1783 1423 1803 ex
1438 1775 1526 1813 parte
1541 1772 1767 1812 assumptionis
1787 1772 1826 1802 ad
1841 1771 1901 1802 hoc

1126 1828 1230 1868 ipsum
1247 1827 1377 1857 faciebat
1393 1837 1399 1857 z
1415 1826 1453 1857 ad
1468 1827 1529 1857 hoc
1543 1826 1627 1856 enim
1643 1826 1738 1856 fiebat
1751 1825 1805 1856 illa
1822 1825 1900 1856 unio

1127 1881 1300 1912 divinitatis
1316 1881 1355 1911 ad
1370 1881 1546 1911 humanam
1562 1881 1726 1916 naturam,
1746 1881 1778 1910 et
1798 1879 1902 1910 carnis

1128 1936 1167 1966 ad
1182 1935 1335 1972 animam,
1355 1936 1392 1965 ut
1415 1935 1642 1974 procuraretur
1655 1934 1763 1964 nostra
1784 1933 1869 1963 salus
1891 1941 1900 1964 :

1129 1991 1159 2018 et
1175 1988 1326 2027 quoniam
1349 1987 1505 2027 separatio
1529 1987 1631 2017 carnis
1649 1996 1668 2017 a
1686 1986 1850 2017 divinitate
1866 1985 1902 2015 in

1129 2041 1218 2072 nullo
1245 2041 1361 2072 faceret
1388 2046 1427 2071 ad
1453 2043 1594 2071 nostram
1622 2040 1768 2079 salutem,
1793 2049 1850 2080 pro
1865 2048 1902 2070 eo

1130 2095 1215 2136 quod
1233 2104 1297 2126 non
1322 2097 1423 2135 potest
1449 2104 1504 2135 per
1526 2103 1596 2125 eam
1624 2094 1693 2125 fieri
1721 2093 1900 2132 satisfactio,

1131 2158 1203 2179 cum
1220 2148 1372 2179 Divinitas
1387 2157 1450 2179 non
1467 2148 1563 2188 possit
1584 2147 1700 2178 sentire
1719 2146 1859 2178 dolorem
1872 2148 1903 2176 et

1131 2211 1257 2242 poenam
1272 2202 1304 2232 in
1318 2201 1515 2241 separatione
1539 2200 1637 2241 ipsius
1660 2210 1679 2231 a
1699 2198 1903 2237 carne3hinc

1132 2258 1177 2286 est
1192 2255 1275 2295 quod
1290 2264 1353 2285 non
1369 2257 1435 2285 erat
1456 2254 1648 2285 conveniens
1667 2261 1793 2283 carnem
1816 2260 1904 2291 sepa-

1132 2309 1195 2339 rari
1219 2318 1237 2339 a
1259 2308 1436 2339 Divinitate.
1460 2307 1548 2338 Unde
1570 2307 1608 2337 ad
1633 2306 1692 2336 hoc
1713 2305 1815 2345 passio
1838 2313 1904 2335 non

1133 2362 1268 2393 habebat
1279 2362 1418 2401 aliquem
1432 2361 1588 2391 ordinem.
1605 2358 1817 2390 concedendae
1830 2359 1905 2389 sunt

1133 2424 1211 2455 ergo
1226 2415 1364 2445 rationes
1381 2415 1516 2445 inductae
1538 2413 1576 2443 ad
1593 2413 1686 2443 istam
1700 2413 1833 2452 partem.

1174 2472 1202 2500 1.
1231 2469 1279 2500 Ad
1304 2468 1383 2499 illud
1408 2467 1492 2507 quod
1513 2465 1675 2505 objicitur,
1697 2464 1782 2505 quod
1802 2464 1905 2495 soluto

1134 2522 1238 2553 medio
1253 2522 1421 2553 solvuntur
1440 2521 1593 2556 extrema,
1616 2518 1788 2550 dicendum
1818 2516 1904 2557 quod

1133 2575 1210 2606 illud
1225 2575 1319 2606 habet
1333 2574 1498 2607 veritatem
1512 2573 1549 2604 de
1570 2572 1675 2604 medio
1696 2570 1901 2608 necessitatis,

1165 2640 1172 2656 ¹
1188 2641 1262 2670 Aug„
1277 2639 1340 2662 cont.
1357 2636 1486 2668 Felz'cian.‚
1502 2644 1524 2661 0.
1540 2642 1610 2661 xmv.
1623 2648 1654 2654 -
1664 2635 1675 2652 ¹
1691 2634 1757 2660 Psal.
1772 2640 1815 2666 xv,
1831 2634 1870 2658 ¹0.
