<?xml version="1.0" encoding="UTF-8"?>
<!DOCTYPE html PUBLIC "-//W3C//DTD XHTML 1.0 Transitional//EN"
    "http://www.w3.org/TR/xhtml1/DTD/xhtml1-transitional.dtd">
<html xmlns="http://www.w3.org/1999/xhtml" xml:lang="en" lang="en">
 <head>
  <title>
</title>
<meta http-equiv="Content-Type" content="text/html;charset=utf-8" />
  <meta name='ocr-system' content='tesseract 3.04.00' />
  <meta name='ocr-capabilities' content='ocr_page ocr_carea ocr_par ocr_line ocrx_word'/>
</head>
<body>
  <div class='ocr_page' id='page_1' title='image "./operaomniasixtiv04bonauoft/operaomniasixtiv04bonauoft_0046.png"; bbox 0 0 1997 2986; ppageno 0'>
   <div class='ocr_carea' id='block_1_1' title="bbox 74 409 133 429">
    <p class='ocr_par' dir='ltr' id='par_1_1' title="bbox 74 409 133 429">
     <span class='ocr_line' id='line_1_1' title="bbox 74 409 133 429; baseline -0.017 0"><span class='ocrx_word' id='word_1_1' title='bbox 74 409 133 429; x_wconf 55' lang='lat' dir='ltr'>Raro</span> 
     </span>
    </p>
   </div>
   <div class='ocr_carea' id='block_1_2' title="bbox 182 218 1218 260">
    <p class='ocr_par' dir='ltr' id='par_1_2' title="bbox 182 218 1218 260">
     <span class='ocr_line' id='line_1_2' title="bbox 182 218 1218 260; baseline -0.013 0"><span class='ocrx_word' id='word_1_2' title='bbox 182 233 220 260; x_wconf 62' lang='grc' dir='ltr'>ΞΑ</span> <span class='ocrx_word' id='word_1_3' title='bbox 739 220 1047 254; x_wconf 65' lang='lat' dir='ltr'><strong>SENTENTIARUM</strong></span> <span class='ocrx_word' id='word_1_4' title='bbox 1069 219 1142 250; x_wconf 86' lang='lat' dir='ltr'>LlB.</span> <span class='ocrx_word' id='word_1_5' title='bbox 1169 218 1218 248; x_wconf 93' lang='lat' dir='ltr'>lll.</span> 
     </span>
    </p>
   </div>
   <div class='ocr_carea' id='block_1_3' title="bbox 183 290 954 389">
    <p class='ocr_par' dir='ltr' id='par_1_3' title="bbox 183 290 954 389">
     <span class='ocr_line' id='line_1_3' title="bbox 183 290 950 335; baseline -0.012 -8"><span class='ocrx_word' id='word_1_6' title='bbox 183 300 251 327; x_wconf 89' lang='lat' dir='ltr'>tum</span> <span class='ocrx_word' id='word_1_7' title='bbox 277 295 462 335; x_wconf 67' lang='lat' dir='ltr'>mysterium</span> <span class='ocrx_word' id='word_1_8' title='bbox 492 303 556 323; x_wconf 79' lang='lat' dir='ltr'>non</span> <span class='ocrx_word' id='word_1_9' title='bbox 584 292 688 322; x_wconf 70' lang='lat' dir='ltr'>fuisset</span> <span class='ocrx_word' id='word_1_10' title='bbox 718 290 950 324; x_wconf 74' lang='lat' dir='ltr'>introductum,</span> 
     </span>
     <span class='ocr_line' id='line_1_4' title="bbox 184 344 954 389; baseline -0.013 -9"><span class='ocrx_word' id='word_1_11' title='bbox 184 350 242 380; x_wconf 83' lang='lat' dir='ltr'>nisi</span> <span class='ocrx_word' id='word_1_12' title='bbox 259 348 465 389; x_wconf 74' lang='lat' dir='ltr'>prfecessisset</span> <span class='ocrx_word' id='word_1_13' title='bbox 485 347 590 386; x_wconf 84' lang='lat' dir='ltr'>lapsus</span> <span class='ocrx_word' id='word_1_14' title='bbox 609 345 811 375; x_wconf 60' lang='lat' dir='ltr'>noliilissiimn</span> <span class='ocrx_word' id='word_1_15' title='bbox 828 344 954 372; x_wconf 80' lang='lat' dir='ltr'>creatu-</span> 
     </span>
    </p>
   </div>
   <div class='ocr_carea' id='block_1_4' title="bbox 151 395 954 441">
    <p class='ocr_par' dir='ltr' id='par_1_4' title="bbox 151 395 954 441">
     <span class='ocr_line' id='line_1_5' title="bbox 151 395 954 441; baseline -0.012 -7"><span class='ocrx_word' id='word_1_16' title='bbox 151 412 168 428; x_wconf 55' lang='grc' dir='ltr'>ἑ.</span> <span class='ocrx_word' id='word_1_17' title='bbox 184 413 245 441; x_wconf 73' lang='lat' dir='ltr'>rae,</span> <span class='ocrx_word' id='word_1_18' title='bbox 269 405 297 433; x_wconf 85' lang='lat' dir='ltr'>et</span> <span class='ocrx_word' id='word_1_19' title='bbox 326 401 457 432; x_wconf 64' lang='lat' dir='ltr'>offensio</span> <span class='ocrx_word' id='word_1_20' title='bbox 483 399 653 439; x_wconf 67' lang='lat' dir='ltr'>maj‹=statis</span> <span class='ocrx_word' id='word_1_21' title='bbox 679 397 807 426; x_wconf 72' lang='lat' dir='ltr'>divince.</span> <span class='ocrx_word' id='word_1_22' title='bbox 836 395 954 432; x_wconf 75' lang='lat' dir='ltr'>Quarto</span> 
     </span>
    </p>
   </div>
   <div class='ocr_carea' id='block_1_5' title="bbox 184 449 974 2678">
    <p class='ocr_par' dir='ltr' id='par_1_5' title="bbox 184 449 965 1338">
     <span class='ocr_line' id='line_1_6' title="bbox 184 449 952 488; baseline -0.014 -1"><span class='ocrx_word' id='word_1_23' title='bbox 184 457 278 488; x_wconf 86' lang='lat' dir='ltr'>etiam</span> <span class='ocrx_word' id='word_1_24' title='bbox 304 454 428 485; x_wconf 68' lang='lat' dir='ltr'>fidelem</span> <span class='ocrx_word' id='word_1_25' title='bbox 457 453 603 483; x_wconf 77' lang='lat' dir='ltr'>atl&#39;ectnm</span> <span class='ocrx_word' id='word_1_26' title='bbox 634 450 736 488; x_wconf 71' lang='lat' dir='ltr'>magis</span> <span class='ocrx_word' id='word_1_27' title='bbox 766 449 952 478; x_wconf 82' lang='lat' dir='ltr'>inssannnat.</span> 
     </span>
     <span class='ocr_line' id='line_1_7' title="bbox 188 501 953 541; baseline -0.014 -1"><span class='ocrx_word' id='word_1_28' title='bbox 188 510 259 541; x_wconf 82' lang='lat' dir='ltr'>Plus</span> <span class='ocrx_word' id='word_1_29' title='bbox 274 509 361 539; x_wconf 79' lang='lat' dir='ltr'>enim</span> <span class='ocrx_word' id='word_1_30' title='bbox 374 507 485 537; x_wconf 76' lang='lat' dir='ltr'>excitat</span> <span class='ocrx_word' id='word_1_31' title='bbox 502 505 700 535; x_wconf 71' lang='lat' dir='ltr'>devotionem</span> <span class='ocrx_word' id='word_1_32' title='bbox 715 503 830 532; x_wconf 64' lang='lat' dir='ltr'>animal</span> <span class='ocrx_word' id='word_1_33' title='bbox 845 501 953 537; x_wconf 72' lang='lat' dir='ltr'>fidelis,</span> 
     </span>
     <span class='ocr_line' id='line_1_8' title="bbox 185 555 957 603; baseline -0.013 -9"><span class='ocrx_word' id='word_1_34' title='bbox 185 563 268 603; x_wconf 82' lang='lat' dir='ltr'>quod</span> <span class='ocrx_word' id='word_1_35' title='bbox 291 562 369 592; x_wconf 72' lang='lat' dir='ltr'>neus</span> <span class='ocrx_word' id='word_1_36' title='bbox 383 560 420 590; x_wconf 81' lang='lat' dir='ltr'>sit</span> <span class='ocrx_word' id='word_1_37' title='bbox 437 560 619 589; x_wconf 81' lang='lat' dir='ltr'>incarnatus</span> <span class='ocrx_word' id='word_1_38' title='bbox 634 557 670 586; x_wconf 82' lang='lat' dir='ltr'>ad</span> <span class='ocrx_word' id='word_1_39' title='bbox 691 555 822 586; x_wconf 69' lang='lat' dir='ltr'>delenda</span> <span class='ocrx_word' id='word_1_40' title='bbox 842 555 957 585; x_wconf 76' lang='lat' dir='ltr'>scelera</span> 
     </span>
     <span class='ocr_line' id='line_1_9' title="bbox 186 608 956 654; baseline -0.012 -8"><span class='ocrx_word' id='word_1_41' title='bbox 186 619 310 652; x_wconf 83' lang='lat' dir='ltr'>nostra,</span> <span class='ocrx_word' id='word_1_42' title='bbox 340 623 438 654; x_wconf 85' lang='lat' dir='ltr'>quam</span> <span class='ocrx_word' id='word_1_43' title='bbox 469 614 596 652; x_wconf 81' lang='lat' dir='ltr'>propter</span> <span class='ocrx_word' id='word_1_44' title='bbox 623 608 871 640; x_wconf 68' lang='lat' dir='ltr'>consummanda</span> <span class='ocrx_word' id='word_1_45' title='bbox 905 609 956 637; x_wconf 92' lang='lat' dir='ltr'>in-</span> 
     </span>
     <span class='ocr_line' id='line_1_10' title="bbox 186 661 958 707; baseline -0.013 -7"><span class='ocrx_word' id='word_1_46' title='bbox 186 669 296 699; x_wconf 58' lang='lat' dir='ltr'>ehoata</span> <span class='ocrx_word' id='word_1_47' title='bbox 314 676 408 707; x_wconf 88' lang='lat' dir='ltr'>opera</span> <span class='ocrx_word' id='word_1_48' title='bbox 424 675 492 696; x_wconf 82' lang='lat' dir='ltr'>sua.</span> <span class='ocrx_word' id='word_1_49' title='bbox 509 664 666 702; x_wconf 80' lang='lat' dir='ltr'>Quoniam</span> <span class='ocrx_word' id='word_1_50' title='bbox 682 672 759 702; x_wconf 68' lang='lat' dir='ltr'>ergo</span> <span class='ocrx_word' id='word_1_51' title='bbox 774 662 824 692; x_wconf 74' lang='lat' dir='ltr'>hi&lt;-</span> <span class='ocrx_word' id='word_1_52' title='bbox 845 661 958 692; x_wconf 87' lang='lat' dir='ltr'>modus</span> 
     </span>
     <span class='ocr_line' id='line_1_11' title="bbox 187 715 959 759; baseline -0.01 -8"><span class='ocrx_word' id='word_1_53' title='bbox 187 722 324 759; x_wconf 77' lang='lat' dir='ltr'>dicendi,</span> <span class='ocrx_word' id='word_1_54' title='bbox 347 720 404 751; x_wconf 75' lang='lat' dir='ltr'>etsi</span> <span class='ocrx_word' id='word_1_55' title='bbox 427 729 490 749; x_wconf 89' lang='lat' dir='ltr'>non</span> <span class='ocrx_word' id='word_1_56' title='bbox 515 718 658 748; x_wconf 74' lang='lat' dir='ltr'>videatur</span> <span class='ocrx_word' id='word_1_57' title='bbox 681 726 747 746; x_wconf 70' lang='lat' dir='ltr'>esse</span> <span class='ocrx_word' id='word_1_58' title='bbox 770 716 814 745; x_wconf 83' lang='lat' dir='ltr'>ita</span> <span class='ocrx_word' id='word_1_59' title='bbox 836 715 959 744; x_wconf 76' lang='lat' dir='ltr'>subtilis</span> 
     </span>
     <span class='ocr_line' id='line_1_12' title="bbox 188 768 957 814; baseline -0.009 -10"><span class='ocrx_word' id='word_1_60' title='bbox 188 776 210 805; x_wconf 63' lang='lat' dir='ltr'>si</span> <span class='ocrx_word' id='word_1_61' title='bbox 223 777 264 805; x_wconf 85' lang='lat' dir='ltr'>·ut</span> <span class='ocrx_word' id='word_1_62' title='bbox 279 773 470 814; x_wconf 54' lang='lat' dir='ltr'>praec-Jdens,</span> <span class='ocrx_word' id='word_1_63' title='bbox 484 771 555 811; x_wconf 87' lang='lat' dir='ltr'>plus</span> <span class='ocrx_word' id='word_1_64' title='bbox 568 774 671 800; x_wconf 83' lang='lat' dir='ltr'>tamen</span> <span class='ocrx_word' id='word_1_65' title='bbox 686 771 835 799; x_wconf 76' lang='lat' dir='ltr'>consonat</span> <span class='ocrx_word' id='word_1_66' title='bbox 852 768 957 807; x_wconf 67' lang='lat' dir='ltr'>pietati</span> 
     </span>
     <span class='ocr_line' id='line_1_13' title="bbox 189 823 959 865; baseline -0.01 -7"><span class='ocrx_word' id='word_1_67' title='bbox 189 828 269 865; x_wconf 73' lang='lat' dir='ltr'>fidei,</span> <span class='ocrx_word' id='word_1_68' title='bbox 290 828 321 857; x_wconf 91' lang='lat' dir='ltr'>in</span> <span class='ocrx_word' id='word_1_69' title='bbox 340 826 398 857; x_wconf 80' lang='lat' dir='ltr'>hoc</span> <span class='ocrx_word' id='word_1_70' title='bbox 415 825 498 865; x_wconf 86' lang='lat' dir='ltr'>qnod</span> <span class='ocrx_word' id='word_1_71' title='bbox 517 823 757 855; x_wconf 64' lang='lat' dir='ltr'>auctoritatibus</span> <span class='ocrx_word' id='word_1_72' title='bbox 777 824 959 851; x_wconf 65' lang='lat' dir='ltr'>sanctorum</span> 
     </span>
     <span class='ocr_line' id='line_1_14' title="bbox 188 875 959 921; baseline -0.012 -9"><span class='ocrx_word' id='word_1_73' title='bbox 188 882 291 921; x_wconf 78' lang='lat' dir='ltr'>magis</span> <span class='ocrx_word' id='word_1_74' title='bbox 312 880 489 916; x_wconf 82' lang='lat' dir='ltr'>concordat,</span> <span class='ocrx_word' id='word_1_75' title='bbox 507 881 537 909; x_wconf 78' lang='lat' dir='ltr'>ct</span> <span class='ocrx_word' id='word_1_76' title='bbox 560 878 657 908; x_wconf 85' lang='lat' dir='ltr'>Deum</span> <span class='ocrx_word' id='word_1_77' title='bbox 679 876 783 915; x_wconf 78' lang='lat' dir='ltr'>magis</span> <span class='ocrx_word' id='word_1_78' title='bbox 805 875 959 905; x_wconf 70' lang='lat' dir='ltr'>lwnoriss-</span> 
     </span>
     <span class='ocr_line' id='line_1_15' title="bbox 188 928 961 973; baseline -0.012 -7"><span class='ocrx_word' id='word_1_79' title='bbox 188 938 253 973; x_wconf 80' lang='lat' dir='ltr'>cat,</span> <span class='ocrx_word' id='word_1_80' title='bbox 278 935 373 965; x_wconf 88' lang='lat' dir='ltr'>etiam</span> <span class='ocrx_word' id='word_1_81' title='bbox 396 931 622 963; x_wconf 80' lang='lat' dir='ltr'>incarnationis</span> <span class='ocrx_word' id='word_1_82' title='bbox 644 930 832 970; x_wconf 80' lang='lat' dir='ltr'>mysterium</span> <span class='ocrx_word' id='word_1_83' title='bbox 859 928 961 966; x_wconf 65' lang='lat' dir='ltr'>magis</span> 
     </span>
     <span class='ocr_line' id='line_1_16' title="bbox 188 982 961 1025; baseline -0.01 -6"><span class='ocrx_word' id='word_1_84' title='bbox 188 987 398 1025; x_wconf 84' lang='lat' dir='ltr'>commendat,</span> <span class='ocrx_word' id='word_1_85' title='bbox 421 989 451 1017; x_wconf 85' lang='lat' dir='ltr'>et.</span> <span class='ocrx_word' id='word_1_86' title='bbox 470 985 617 1016; x_wconf 80' lang='lat' dir='ltr'>affectum</span> <span class='ocrx_word' id='word_1_87' title='bbox 638 986 781 1013; x_wconf 85' lang='lat' dir='ltr'>nostrum</span> <span class='ocrx_word' id='word_1_88' title='bbox 799 982 961 1012; x_wconf 71' lang='lat' dir='ltr'>ardentius</span> 
     </span>
     <span class='ocr_line' id='line_1_17' title="bbox 188 1037 962 1074; baseline -0.012 -2"><span class='ocrx_word' id='word_1_89' title='bbox 188 1042 367 1072; x_wconf 86' lang='lat' dir='ltr'>inflammat</span> <span class='ocrx_word' id='word_1_90' title='bbox 382 1049 389 1070; x_wconf 90' lang='lat'><strong>:</strong></span> <span class='ocrx_word' id='word_1_91' title='bbox 405 1039 475 1069; x_wconf 76' lang='lat' dir='ltr'>idco</span> <span class='ocrx_word' id='word_1_92' title='bbox 491 1037 728 1068; x_wconf 85' lang='lat' dir='ltr'>concedendum</span> <span class='ocrx_word' id='word_1_93' title='bbox 745 1038 802 1072; x_wconf 83' lang='lat' dir='ltr'>est,</span> <span class='ocrx_word' id='word_1_94' title='bbox 825 1038 859 1065; x_wconf 90' lang='lat' dir='ltr'>ut</span> <span class='ocrx_word' id='word_1_95' title='bbox 880 1044 962 1074; x_wconf 72' lang='lat' dir='ltr'>prae-</span> 
     </span>
     <span class='ocr_line' id='line_1_18' title="bbox 188 1088 960 1125; baseline -0.01 0"><span class='ocrx_word' id='word_1_96' title='bbox 188 1095 280 1125; x_wconf 84' lang='lat' dir='ltr'>dictae</span> <span class='ocrx_word' id='word_1_97' title='bbox 315 1092 517 1123; x_wconf 74' lang='lat' dir='ltr'>auctoritates</span> <span class='ocrx_word' id='word_1_98' title='bbox 545 1092 576 1121; x_wconf 84' lang='lat' dir='ltr'>et</span> <span class='ocrx_word' id='word_1_99' title='bbox 606 1090 742 1120; x_wconf 86' lang='lat' dir='ltr'>rationes</span> <span class='ocrx_word' id='word_1_100' title='bbox 774 1088 960 1123; x_wconf 73' lang='lat' dir='ltr'>ostendunt,</span> 
     </span>
     <span class='ocr_line' id='line_1_19' title="bbox 189 1141 964 1188; baseline -0.012 -9"><span class='ocrx_word' id='word_1_101' title='bbox 189 1147 272 1188; x_wconf 88' lang='lat' dir='ltr'>quod</span> <span class='ocrx_word' id='word_1_102' title='bbox 295 1146 454 1186; x_wconf 84' lang='lat' dir='ltr'>praecipua</span> <span class='ocrx_word' id='word_1_103' title='bbox 476 1144 556 1174; x_wconf 84' lang='lat' dir='ltr'>ratio</span> <span class='ocrx_word' id='word_1_104' title='bbox 583 1141 808 1173; x_wconf 72' lang='lat' dir='ltr'>incarnationis</span> <span class='ocrx_word' id='word_1_105' title='bbox 829 1142 887 1171; x_wconf 86' lang='lat' dir='ltr'>fuit</span> <span class='ocrx_word' id='word_1_106' title='bbox 912 1150 964 1170; x_wconf 88' lang='lat' dir='ltr'>re-</span> 
     </span>
     <span class='ocr_line' id='line_1_20' title="bbox 189 1194 963 1240; baseline -0.01 -9"><span class='ocrx_word' id='word_1_107' title='bbox 189 1200 326 1240; x_wconf 81' lang='lat' dir='ltr'>demptio</span> <span class='ocrx_word' id='word_1_108' title='bbox 351 1198 478 1238; x_wconf 79' lang='lat' dir='ltr'>generis</span> <span class='ocrx_word' id='word_1_109' title='bbox 500 1196 652 1233; x_wconf 82' lang='lat' dir='ltr'>hnmani,</span> <span class='ocrx_word' id='word_1_110' title='bbox 679 1194 827 1235; x_wconf 83' lang='lat' dir='ltr'>quamvis</span> <span class='ocrx_word' id='word_1_111' title='bbox 856 1194 963 1224; x_wconf 79' lang='lat' dir='ltr'>mnltae</span> 
     </span>
     <span class='ocr_line' id='line_1_21' title="bbox 189 1247 965 1289; baseline -0.01 -5"><span class='ocrx_word' id='word_1_112' title='bbox 189 1254 258 1285; x_wconf 79' lang='lat' dir='ltr'>aliae</span> <span class='ocrx_word' id='word_1_113' title='bbox 274 1253 412 1283; x_wconf 85' lang='lat' dir='ltr'>rationes</span> <span class='ocrx_word' id='word_1_114' title='bbox 431 1249 651 1289; x_wconf 74' lang='lat' dir='ltr'>congruentiae</span> <span class='ocrx_word' id='word_1_115' title='bbox 672 1249 745 1278; x_wconf 88' lang='lat' dir='ltr'>huic</span> <span class='ocrx_word' id='word_1_116' title='bbox 767 1247 879 1278; x_wconf 88' lang='lat' dir='ltr'>rationi</span> <span class='ocrx_word' id='word_1_117' title='bbox 902 1247 965 1277; x_wconf 89' lang='lat' dir='ltr'>sint</span> 
     </span>
     <span class='ocr_line' id='line_1_22' title="bbox 191 1316 336 1338; baseline -0.014 0"><span class='ocrx_word' id='word_1_118' title='bbox 191 1316 336 1338; x_wconf 74' lang='lat' dir='ltr'>annexae.</span> 
     </span>
    </p>

    <p class='ocr_par' dir='ltr' id='par_1_6' title="bbox 192 1355 974 2678">
     <span class='ocr_line' id='line_1_23' title="bbox 234 1355 965 1399; baseline -0.01 -7"><span class='ocrx_word' id='word_1_119' title='bbox 234 1364 261 1391; x_wconf 77' lang='lat'>¹.</span> <span class='ocrx_word' id='word_1_120' title='bbox 279 1361 325 1391; x_wconf 82' lang='lat' dir='ltr'>Ad</span> <span class='ocrx_word' id='word_1_121' title='bbox 342 1360 418 1390; x_wconf 90' lang='lat' dir='ltr'>illud</span> <span class='ocrx_word' id='word_1_122' title='bbox 433 1358 517 1399; x_wconf 83' lang='lat' dir='ltr'>quod</span> <span class='ocrx_word' id='word_1_123' title='bbox 532 1358 634 1398; x_wconf 89' lang='lat' dir='ltr'>primo</span> <span class='ocrx_word' id='word_1_124' title='bbox 651 1356 825 1396; x_wconf 84' lang='lat' dir='ltr'>opponitur</span> <span class='ocrx_word' id='word_1_125' title='bbox 841 1355 871 1385; x_wconf 83' lang='lat' dir='ltr'>ln</span> <span class='ocrx_word' id='word_1_126' title='bbox 891 1364 965 1385; x_wconf 83' lang='lat' dir='ltr'>con-</span> 
     </span>
     <span class='ocr_line' id='line_1_24' title="bbox 192 1408 964 1453; baseline -0.009 -8"><span class='ocrx_word' id='word_1_127' title='bbox 192 1415 337 1451; x_wconf 87' lang='lat' dir='ltr'>trarium,</span> <span class='ocrx_word' id='word_1_128' title='bbox 363 1412 447 1453; x_wconf 88' lang='lat' dir='ltr'>quod</span> <span class='ocrx_word' id='word_1_129' title='bbox 470 1411 633 1442; x_wconf 88' lang='lat' dir='ltr'>hominem</span> <span class='ocrx_word' id='word_1_130' title='bbox 656 1412 759 1439; x_wconf 85' lang='lat' dir='ltr'>totum</span> <span class='ocrx_word' id='word_1_131' title='bbox 783 1408 964 1448; x_wconf 77' lang='lat' dir='ltr'>assumpsit,</span> 
     </span>
     <span class='ocr_line' id='line_1_25' title="bbox 192 1461 967 1501; baseline -0.009 -3"><span class='ocrx_word' id='word_1_132' title='bbox 192 1470 227 1498; x_wconf 88' lang='lat' dir='ltr'>ut</span> <span class='ocrx_word' id='word_1_133' title='bbox 251 1469 353 1497; x_wconf 86' lang='lat' dir='ltr'>totum</span> <span class='ocrx_word' id='word_1_134' title='bbox 378 1465 583 1501; x_wconf 67' lang='lat' dir='ltr'>beatificaret,</span> <span class='ocrx_word' id='word_1_135' title='bbox 607 1462 775 1492; x_wconf 88' lang='lat' dir='ltr'>dicendum</span> <span class='ocrx_word' id='word_1_136' title='bbox 799 1461 884 1501; x_wconf 90' lang='lat' dir='ltr'>quod</span> <span class='ocrx_word' id='word_1_137' title='bbox 910 1461 967 1491; x_wconf 85' lang='lat' dir='ltr'>ista</span> 
     </span>
     <span class='ocr_line' id='line_1_26' title="bbox 193 1515 967 1557; baseline -0.009 -7"><span class='ocrx_word' id='word_1_138' title='bbox 193 1529 256 1550; x_wconf 90' lang='lat' dir='ltr'>non</span> <span class='ocrx_word' id='word_1_139' title='bbox 273 1522 318 1549; x_wconf 77' lang='lat' dir='ltr'>est.</span> <span class='ocrx_word' id='word_1_140' title='bbox 339 1518 417 1549; x_wconf 88' lang='lat' dir='ltr'>ratio</span> <span class='ocrx_word' id='word_1_141' title='bbox 436 1517 612 1557; x_wconf 55' lang='lat' dir='ltr'>praecipua,</span> <span class='ocrx_word' id='word_1_142' title='bbox 635 1515 686 1546; x_wconf 86' lang='lat' dir='ltr'>sed</span> <span class='ocrx_word' id='word_1_143' title='bbox 707 1524 832 1545; x_wconf 79' lang='lat' dir='ltr'>annexa</span> <span class='ocrx_word' id='word_1_144' title='bbox 849 1515 967 1554; x_wconf 79' lang='lat' dir='ltr'>princi-</span> 
     </span>
     <span class='ocr_line' id='line_1_27' title="bbox 194 1569 968 1613; baseline -0.009 -9"><span class='ocrx_word' id='word_1_145' title='bbox 194 1573 266 1613; x_wconf 87' lang='lat' dir='ltr'>pali,</span> <span class='ocrx_word' id='word_1_146' title='bbox 284 1582 341 1613; x_wconf 83' lang='lat' dir='ltr'>pro</span> <span class='ocrx_word' id='word_1_147' title='bbox 356 1582 393 1603; x_wconf 86' lang='lat' dir='ltr'>eo</span> <span class='ocrx_word' id='word_1_148' title='bbox 407 1572 491 1611; x_wconf 88' lang='lat' dir='ltr'>quod</span> <span class='ocrx_word' id='word_1_149' title='bbox 506 1571 531 1601; x_wconf 81' lang='lat' dir='ltr'>si</span> <span class='ocrx_word' id='word_1_150' title='bbox 551 1571 629 1600; x_wconf 79' lang='lat' dir='ltr'>[leus</span> <span class='ocrx_word' id='word_1_151' title='bbox 644 1578 810 1608; x_wconf 80' lang='lat' dir='ltr'>nunquam</span> <span class='ocrx_word' id='word_1_152' title='bbox 826 1569 968 1598; x_wconf 85' lang='lat' dir='ltr'>incarna-</span> 
     </span>
     <span class='ocr_line' id='line_1_28' title="bbox 194 1622 964 1663; baseline -0.008 -6"><span class='ocrx_word' id='word_1_153' title='bbox 194 1629 245 1657; x_wconf 88' lang='lat' dir='ltr'>tus</span> <span class='ocrx_word' id='word_1_154' title='bbox 264 1629 355 1663; x_wconf 80' lang='lat' dir='ltr'>esset,</span> <span class='ocrx_word' id='word_1_155' title='bbox 377 1625 473 1655; x_wconf 80' lang='lat' dir='ltr'>homo</span> <span class='ocrx_word' id='word_1_156' title='bbox 494 1623 723 1663; x_wconf 71' lang='lat' dir='ltr'>glorificatione</span> <span class='ocrx_word' id='word_1_157' title='bbox 744 1622 882 1661; x_wconf 83' lang='lat' dir='ltr'>corporis</span> <span class='ocrx_word' id='word_1_158' title='bbox 904 1622 964 1659; x_wconf 86' lang='lat' dir='ltr'>sni,</span> 
     </span>
     <span class='ocr_line' id='line_1_29' title="bbox 194 1675 967 1717; baseline -0.008 -7"><span class='ocrx_word' id='word_1_159' title='bbox 194 1683 223 1710; x_wconf 85' lang='lat' dir='ltr'>et</span> <span class='ocrx_word' id='word_1_160' title='bbox 241 1679 360 1709; x_wconf 75' lang='lat' dir='ltr'>visione</span> <span class='ocrx_word' id='word_1_161' title='bbox 375 1678 438 1716; x_wconf 82' lang='lat' dir='ltr'>Dei,</span> <span class='ocrx_word' id='word_1_162' title='bbox 456 1678 589 1717; x_wconf 57' lang='lat' dir='ltr'>perfecte</span> <span class='ocrx_word' id='word_1_163' title='bbox 606 1679 637 1707; x_wconf 82' lang='lat' dir='ltr'>et</span> <span class='ocrx_word' id='word_1_164' title='bbox 650 1676 785 1705; x_wconf 69' lang='lat' dir='ltr'>totaliter</span> <span class='ocrx_word' id='word_1_165' title='bbox 799 1677 877 1705; x_wconf 79' lang='lat' dir='ltr'>esset</span> <span class='ocrx_word' id='word_1_166' title='bbox 893 1675 967 1705; x_wconf 81' lang='lat' dir='ltr'>bea-</span> 
     </span>
     <span class='ocr_line' id='line_1_30' title="bbox 195 1728 969 1768; baseline -0.01 -4"><span class='ocrx_word' id='word_1_167' title='bbox 195 1736 270 1764; x_wconf 82' lang='lat' dir='ltr'>tus:</span> <span class='ocrx_word' id='word_1_168' title='bbox 292 1733 372 1762; x_wconf 88' lang='lat' dir='ltr'>visio</span> <span class='ocrx_word' id='word_1_169' title='bbox 396 1732 481 1762; x_wconf 84' lang='lat' dir='ltr'>enim</span> <span class='ocrx_word' id='word_1_170' title='bbox 510 1729 622 1760; x_wconf 72' lang='lat' dir='ltr'>(lliristi</span> <span class='ocrx_word' id='word_1_171' title='bbox 651 1728 823 1768; x_wconf 79' lang='lat' dir='ltr'>corporalis</span> <span class='ocrx_word' id='word_1_172' title='bbox 851 1729 969 1766; x_wconf 79' lang='lat' dir='ltr'>spectat</span> 
     </span>
     <span class='ocr_line' id='line_1_31' title="bbox 196 1781 968 1822; baseline -0.01 -5"><span class='ocrx_word' id='word_1_173' title='bbox 196 1796 259 1817; x_wconf 87' lang='lat' dir='ltr'>non</span> <span class='ocrx_word' id='word_1_174' title='bbox 284 1786 321 1816; x_wconf 69' lang='lat' dir='ltr'>ad</span> <span class='ocrx_word' id='word_1_175' title='bbox 345 1785 541 1815; x_wconf 70' lang='lat' dir='ltr'>essentialem</span> <span class='ocrx_word' id='word_1_176' title='bbox 567 1782 809 1822; x_wconf 63' lang='lat' dir='ltr'>completionem]</span> <span class='ocrx_word' id='word_1_177' title='bbox 834 1781 968 1810; x_wconf 70' lang='lat' dir='ltr'>heatitu-</span> 
     </span>
     <span class='ocr_line' id='line_1_32' title="bbox 196 1834 966 1877; baseline -0.004 -10"><span class='ocrx_word' id='word_1_178' title='bbox 196 1840 289 1877; x_wconf 77' lang='lat' dir='ltr'>‹linis,</span> <span class='ocrx_word' id='word_1_179' title='bbox 303 1839 354 1869; x_wconf 71' lang='lat' dir='ltr'>sed</span> <span class='ocrx_word' id='word_1_180' title='bbox 368 1839 404 1868; x_wconf 86' lang='lat' dir='ltr'>ad</span> <span class='ocrx_word' id='word_1_181' title='bbox 419 1837 577 1877; x_wconf 78' lang='lat' dir='ltr'>quoddam</span> <span class='ocrx_word' id='word_1_182' title='bbox 591 1835 779 1865; x_wconf 82' lang='lat' dir='ltr'>accidentale</span> <span class='ocrx_word' id='word_1_183' title='bbox 793 1834 947 1873; x_wconf 75' lang='lat' dir='ltr'>gandium</span> <span class='ocrx_word' id='word_1_184' title='bbox 961 1845 966 1864; x_wconf 73' lang='grc' dir='ltr'><em>τ</em></span> 
     </span>
     <span class='ocr_line' id='line_1_33' title="bbox 196 1888 969 1932; baseline -0.009 -9"><span class='ocrx_word' id='word_1_185' title='bbox 196 1896 226 1923; x_wconf 81' lang='lat' dir='ltr'>et</span> <span class='ocrx_word' id='word_1_186' title='bbox 242 1893 301 1923; x_wconf 85' lang='lat' dir='ltr'>hoc</span> <span class='ocrx_word' id='word_1_187' title='bbox 321 1894 413 1932; x_wconf 83' lang='lat' dir='ltr'>patet,</span> <span class='ocrx_word' id='word_1_188' title='bbox 434 1890 518 1930; x_wconf 89' lang='lat' dir='ltr'>qnod</span> <span class='ocrx_word' id='word_1_189' title='bbox 539 1889 591 1920; x_wconf 88' lang='lat' dir='ltr'>alii</span> <span class='ocrx_word' id='word_1_190' title='bbox 610 1898 720 1918; x_wconf 74' lang='lat' dir='ltr'>sensns</span> <span class='ocrx_word' id='word_1_191' title='bbox 740 1888 969 1917; x_wconf 58' lang='lat' dir='ltr'>beatificabun-</span> 
     </span>
     <span class='ocr_line' id='line_1_34' title="bbox 196 1941 969 1985; baseline -0.009 -8"><span class='ocrx_word' id='word_1_192' title='bbox 196 1949 248 1978; x_wconf 89' lang='lat' dir='ltr'>tur</span> <span class='ocrx_word' id='word_1_193' title='bbox 267 1948 304 1985; x_wconf 57' lang='lat' dir='ltr'>[a]</span> <span class='ocrx_word' id='word_1_194' title='bbox 326 1948 359 1975; x_wconf 91' lang='lat' dir='ltr'>ut</span> <span class='ocrx_word' id='word_1_195' title='bbox 383 1945 481 1979; x_wconf 75' lang='lat' dir='ltr'>visus,</span> <span class='ocrx_word' id='word_1_196' title='bbox 502 1946 532 1974; x_wconf 78' lang='lat' dir='ltr'>et</span> <span class='ocrx_word' id='word_1_197' title='bbox 551 1946 656 1973; x_wconf 87' lang='lat' dir='ltr'>tamen</span> <span class='ocrx_word' id='word_1_198' title='bbox 678 1942 800 1980; x_wconf 67' lang='lat' dir='ltr'>objecta</span> <span class='ocrx_word' id='word_1_199' title='bbox 821 1941 879 1970; x_wconf 63' lang='lat' dir='ltr'>silvi</span> <span class='ocrx_word' id='word_1_200' title='bbox 901 1950 969 1971; x_wconf 68' lang='lat' dir='ltr'>cor-</span> 
     </span>
     <span class='ocr_line' id='line_1_35' title="bbox 198 1996 969 2039; baseline -0.009 -9"><span class='ocrx_word' id='word_1_201' title='bbox 198 1999 416 2039; x_wconf 86' lang='lat' dir='ltr'>respondentia</span> <span class='ocrx_word' id='word_1_202' title='bbox 446 2007 507 2027; x_wconf 81' lang='lat' dir='ltr'>non</span> <span class='ocrx_word' id='word_1_203' title='bbox 537 1996 715 2032; x_wconf 75' lang='lat' dir='ltr'>habelnint,</span> <span class='ocrx_word' id='word_1_204' title='bbox 747 1997 781 2024; x_wconf 89' lang='lat' dir='ltr'>ut</span> <span class='ocrx_word' id='word_1_205' title='bbox 811 1997 912 2024; x_wconf 88' lang='lat' dir='ltr'>tactus</span> <span class='ocrx_word' id='word_1_206' title='bbox 941 1997 969 2024; x_wconf 83' lang='lat' dir='ltr'>et</span> 
     </span>
     <span class='ocr_line' id='line_1_36' title="bbox 198 2048 970 2093; baseline -0.009 -9"><span class='ocrx_word' id='word_1_207' title='bbox 198 2056 322 2093; x_wconf 67' lang='lat' dir='ltr'>gustus.</span> <span class='ocrx_word' id='word_1_208' title='bbox 349 2052 504 2082; x_wconf 72' lang='lat' dir='ltr'>Praeterea</span> <span class='ocrx_word' id='word_1_209' title='bbox 527 2052 671 2089; x_wconf 78' lang='lat' dir='ltr'>aspectus</span> <span class='ocrx_word' id='word_1_210' title='bbox 694 2048 806 2078; x_wconf 79' lang='lat' dir='ltr'>Christi</span> <span class='ocrx_word' id='word_1_211' title='bbox 828 2057 893 2078; x_wconf 79' lang='lat' dir='ltr'>non</span> <span class='ocrx_word' id='word_1_212' title='bbox 913 2048 970 2078; x_wconf 82' lang='lat' dir='ltr'>erit</span> 
     </span>
     <span class='ocr_line' id='line_1_37' title="bbox 199 2101 970 2141; baseline -0.009 -4"><span class='ocrx_word' id='word_1_213' title='bbox 199 2108 306 2137; x_wconf 80' lang='lat' dir='ltr'>minus</span> <span class='ocrx_word' id='word_1_214' title='bbox 322 2107 432 2136; x_wconf 83' lang='lat' dir='ltr'>heatus</span> <span class='ocrx_word' id='word_1_215' title='bbox 451 2113 622 2134; x_wconf 79' lang='lat' dir='ltr'>conversus</span> <span class='ocrx_word' id='word_1_216' title='bbox 637 2103 674 2133; x_wconf 86' lang='lat' dir='ltr'>ad</span> <span class='ocrx_word' id='word_1_217' title='bbox 690 2102 750 2132; x_wconf 82' lang='lat' dir='ltr'>alia</span> <span class='ocrx_word' id='word_1_218' title='bbox 771 2111 901 2141; x_wconf 82' lang='lat' dir='ltr'>corpora</span> <span class='ocrx_word' id='word_1_219' title='bbox 924 2101 970 2130; x_wconf 95' lang='lat' dir='ltr'>vi-</span> 
     </span>
     <span class='ocr_line' id='line_1_38' title="bbox 198 2154 971 2198; baseline -0.006 -8"><span class='ocrx_word' id='word_1_220' title='bbox 198 2160 310 2197; x_wconf 86' lang='lat' dir='ltr'>denda,</span> <span class='ocrx_word' id='word_1_221' title='bbox 331 2168 428 2198; x_wconf 87' lang='lat' dir='ltr'>quam</span> <span class='ocrx_word' id='word_1_222' title='bbox 446 2160 589 2197; x_wconf 79' lang='lat' dir='ltr'>aspectus</span> <span class='ocrx_word' id='word_1_223' title='bbox 611 2156 746 2186; x_wconf 82' lang='lat' dir='ltr'>aliorum</span> <span class='ocrx_word' id='word_1_224' title='bbox 770 2155 913 2185; x_wconf 86' lang='lat' dir='ltr'>conversi</span> <span class='ocrx_word' id='word_1_225' title='bbox 933 2154 971 2185; x_wconf 86' lang='lat' dir='ltr'>ad</span> 
     </span>
     <span class='ocr_line' id='line_1_39' title="bbox 198 2208 970 2251; baseline -0.008 -8"><span class='ocrx_word' id='word_1_226' title='bbox 198 2212 372 2243; x_wconf 86' lang='lat' dir='ltr'>videndum</span> <span class='ocrx_word' id='word_1_227' title='bbox 397 2221 511 2251; x_wconf 77' lang='lat' dir='ltr'>corpus</span> <span class='ocrx_word' id='word_1_228' title='bbox 535 2210 642 2250; x_wconf 79' lang='lat' dir='ltr'>ipsius,</span> <span class='ocrx_word' id='word_1_229' title='bbox 667 2209 771 2239; x_wconf 80' lang='lat' dir='ltr'>Gloria</span> <span class='ocrx_word' id='word_1_230' title='bbox 793 2208 879 2238; x_wconf 86' lang='lat' dir='ltr'>enim</span> <span class='ocrx_word' id='word_1_231' title='bbox 901 2218 970 2238; x_wconf 83' lang='lat' dir='ltr'>sen—</span> 
     </span>
     <span class='ocr_line' id='line_1_40' title="bbox 199 2262 971 2303; baseline -0.006 -7"><span class='ocrx_word' id='word_1_232' title='bbox 199 2276 293 2296; x_wconf 85' lang='lat' dir='ltr'>suum</span> <span class='ocrx_word' id='word_1_233' title='bbox 312 2266 506 2296; x_wconf 77' lang='lat' dir='ltr'>exteriorum</span> <span class='ocrx_word' id='word_1_234' title='bbox 522 2264 580 2295; x_wconf 87' lang='lat' dir='ltr'>erit</span> <span class='ocrx_word' id='word_1_235' title='bbox 596 2273 650 2303; x_wconf 83' lang='lat' dir='ltr'>per</span> <span class='ocrx_word' id='word_1_236' title='bbox 665 2262 909 2293; x_wconf 75' lang='lat' dir='ltr'>redundantiam</span> <span class='ocrx_word' id='word_1_237' title='bbox 922 2262 971 2292; x_wconf 79' lang='lat' dir='ltr'>de-</span> 
     </span>
     <span class='ocr_line' id='line_1_41' title="bbox 199 2316 971 2357; baseline -0.006 -7"><span class='ocrx_word' id='word_1_238' title='bbox 199 2319 374 2350; x_wconf 87' lang='lat' dir='ltr'>lectationis</span> <span class='ocrx_word' id='word_1_239' title='bbox 404 2318 559 2349; x_wconf 67' lang='lat' dir='ltr'>venientis</span> <span class='ocrx_word' id='word_1_240' title='bbox 587 2328 605 2348; x_wconf 86' lang='lat' dir='ltr'>a</span> <span class='ocrx_word' id='word_1_241' title='bbox 633 2319 720 2357; x_wconf 80' lang='lat' dir='ltr'>parte</span> <span class='ocrx_word' id='word_1_242' title='bbox 750 2316 903 2355; x_wconf 84' lang='lat' dir='ltr'>superiori</span> <span class='ocrx_word' id='word_1_243' title='bbox 933 2326 971 2346; x_wconf 81' lang='lat' dir='ltr'>ex</span> 
     </span>
     <span class='ocr_line' id='line_1_42' title="bbox 200 2370 972 2411; baseline -0.006 -8"><span class='ocrx_word' id='word_1_244' title='bbox 200 2372 321 2403; x_wconf 78' lang='lat' dir='ltr'>visione</span> <span class='ocrx_word' id='word_1_245' title='bbox 343 2372 413 2407; x_wconf 83' lang='lat' dir='ltr'>Dei,</span> <span class='ocrx_word' id='word_1_246' title='bbox 439 2372 532 2411; x_wconf 83' lang='lat' dir='ltr'>cujus</span> <span class='ocrx_word' id='word_1_247' title='bbox 557 2371 634 2400; x_wconf 85' lang='lat' dir='ltr'>visio</span> <span class='ocrx_word' id='word_1_248' title='bbox 658 2370 735 2400; x_wconf 84' lang='lat' dir='ltr'>adeo</span> <span class='ocrx_word' id='word_1_249' title='bbox 759 2370 872 2406; x_wconf 78' lang='lat' dir='ltr'>reficit,</span> <span class='ocrx_word' id='word_1_250' title='bbox 900 2378 972 2399; x_wconf 65' lang='lat' dir='ltr'>cum</span> 
     </span>
     <span class='ocr_line' id='line_1_43' title="bbox 200 2424 973 2465; baseline -0.005 -9"><span class='ocrx_word' id='word_1_251' title='bbox 200 2426 335 2465; x_wconf 77' lang='lat' dir='ltr'>perfecte</span> <span class='ocrx_word' id='word_1_252' title='bbox 351 2428 491 2465; x_wconf 82' lang='lat' dir='ltr'>apparet,</span> <span class='ocrx_word' id='word_1_253' title='bbox 516 2427 552 2455; x_wconf 92' lang='lat' dir='ltr'>ut</span> <span class='ocrx_word' id='word_1_254' title='bbox 573 2425 651 2454; x_wconf 83' lang='lat' dir='ltr'>nihil</span> <span class='ocrx_word' id='word_1_255' title='bbox 670 2424 752 2455; x_wconf 85' lang='lat' dir='ltr'>ultra</span> <span class='ocrx_word' id='word_1_256' title='bbox 774 2424 812 2453; x_wconf 78' lang='lat' dir='ltr'>sit</span> <span class='ocrx_word' id='word_1_257' title='bbox 832 2433 973 2453; x_wconf 58' lang='lat' dir='ltr'>necess:-</span> 
     </span>
     <span class='ocr_line' id='line_1_44' title="bbox 201 2477 972 2517; baseline -0.004 -8"><span class='ocrx_word' id='word_1_258' title='bbox 201 2480 284 2510; x_wconf 88' lang='lat' dir='ltr'>rium</span> <span class='ocrx_word' id='word_1_259' title='bbox 299 2480 415 2509; x_wconf 68' lang='lat' dir='ltr'>animae</span> <span class='ocrx_word' id='word_1_260' title='bbox 429 2479 466 2509; x_wconf 88' lang='lat' dir='ltr'>ad</span> <span class='ocrx_word' id='word_1_261' title='bbox 480 2480 548 2517; x_wconf 84' lang='lat' dir='ltr'>ejus</span> <span class='ocrx_word' id='word_1_262' title='bbox 562 2477 789 2509; x_wconf 71' lang='lat' dir='ltr'>beatitudinem</span> <span class='ocrx_word' id='word_1_263' title='bbox 802 2486 809 2506; x_wconf 91' lang='lat'>:</span> <span class='ocrx_word' id='word_1_264' title='bbox 822 2477 972 2516; x_wconf 84' lang='lat' dir='ltr'>qnoniam</span> 
     </span>
     <span class='ocr_line' id='line_1_45' title="bbox 202 2530 972 2570; baseline -0.005 -7"><span class='ocrx_word' id='word_1_265' title='bbox 202 2542 296 2563; x_wconf 85' lang='lat' dir='ltr'>omne</span> <span class='ocrx_word' id='word_1_266' title='bbox 318 2533 402 2563; x_wconf 88' lang='lat' dir='ltr'>alind</span> <span class='ocrx_word' id='word_1_267' title='bbox 427 2533 547 2563; x_wconf 89' lang='lat' dir='ltr'>bonum</span> <span class='ocrx_word' id='word_1_268' title='bbox 571 2533 602 2562; x_wconf 87' lang='lat' dir='ltr'>et</span> <span class='ocrx_word' id='word_1_269' title='bbox 627 2531 812 2570; x_wconf 82' lang='lat' dir='ltr'>pulchrum,</span> <span class='ocrx_word' id='word_1_270' title='bbox 836 2530 873 2560; x_wconf 89' lang='lat' dir='ltr'>ad</span> <span class='ocrx_word' id='word_1_271' title='bbox 896 2530 972 2559; x_wconf 88' lang='lat' dir='ltr'>illud</span> 
     </span>
     <span class='ocr_line' id='line_1_46' title="bbox 202 2584 974 2626; baseline -0.003 -11"><span class='ocrx_word' id='word_1_272' title='bbox 202 2589 431 2625; x_wconf 83' lang='lat' dir='ltr'>comparatum,</span> <span class='ocrx_word' id='word_1_273' title='bbox 455 2586 543 2626; x_wconf 84' lang='lat' dir='ltr'>qnasi</span> <span class='ocrx_word' id='word_1_274' title='bbox 564 2585 642 2615; x_wconf 84' lang='lat' dir='ltr'>nihil</span> <span class='ocrx_word' id='word_1_275' title='bbox 662 2586 717 2621; x_wconf 80' lang='lat' dir='ltr'>est,</span> <span class='ocrx_word' id='word_1_276' title='bbox 736 2593 793 2613; x_wconf 86' lang='lat' dir='ltr'>nec</span> <span class='ocrx_word' id='word_1_277' title='bbox 813 2584 974 2613; x_wconf 71' lang='lat' dir='ltr'>intendere</span> 
     </span>
     <span class='ocr_line' id='line_1_47' title="bbox 204 2637 973 2678; baseline -0.004 -10"><span class='ocrx_word' id='word_1_278' title='bbox 204 2640 301 2678; x_wconf 77' lang='lat' dir='ltr'>potest</span> <span class='ocrx_word' id='word_1_279' title='bbox 331 2639 494 2670; x_wconf 69' lang='lat' dir='ltr'>essentiale</span> <span class='ocrx_word' id='word_1_280' title='bbox 520 2638 687 2678; x_wconf 82' lang='lat' dir='ltr'>gaudium.</span> <span class='ocrx_word' id='word_1_281' title='bbox 719 2637 806 2667; x_wconf 81' lang='lat' dir='ltr'>Unde</span> <span class='ocrx_word' id='word_1_282' title='bbox 836 2637 973 2666; x_wconf 89' lang='lat' dir='ltr'>multum</span> 
     </span>
    </p>
   </div>
   <div class='ocr_carea' id='block_1_6' title="bbox 238 2701 972 2735">
    <p class='ocr_par' dir='ltr' id='par_1_7' title="bbox 238 2701 972 2735">
     <span class='ocr_line' id='line_1_48' title="bbox 238 2701 972 2735; baseline -0.003 -9"><span class='ocrx_word' id='word_1_283' title='bbox 238 2703 268 2735; x_wconf 63' lang='lat' dir='ltr'>[al</span> <span class='ocrx_word' id='word_1_284' title='bbox 279 2703 339 2727; x_wconf 66' lang='lat' dir='ltr'>Col,</span> <span class='ocrx_word' id='word_1_285' title='bbox 351 2703 408 2726; x_wconf 61' lang='lat' dir='ltr'>odit,</span> <span class='ocrx_word' id='word_1_286' title='bbox 423 2704 627 2728; x_wconf 61' lang='lat' dir='ltr'>beatificantur—</span> <span class='ocrx_word' id='word_1_287' title='bbox 641 2703 673 2729; x_wconf 55' lang='lat' dir='ltr'>(hi</span> <span class='ocrx_word' id='word_1_288' title='bbox 687 2703 747 2727; x_wconf 65' lang='lat' dir='ltr'><em>Grpe.</em></span> <span class='ocrx_word' id='word_1_289' title='bbox 762 2703 822 2725; x_wconf 30' lang='lat' dir='ltr'>aditi</span> <span class='ocrx_word' id='word_1_290' title='bbox 833 2701 893 2731; x_wconf 78' lang='lat' dir='ltr'>odd,</span> <span class='ocrx_word' id='word_1_291' title='bbox 904 2702 972 2724; x_wconf 75' lang='lat' dir='ltr'>satis.</span> 
     </span>
    </p>
   </div>
   <div class='ocr_carea' id='block_1_7' title="bbox 1008 281 1805 2725">
    <p class='ocr_par' dir='ltr' id='par_1_8' title="bbox 1008 281 1792 1117">
     <span class='ocr_line' id='line_1_49' title="bbox 1008 281 1782 325; baseline -0.009 -7"><span class='ocrx_word' id='word_1_292' title='bbox 1008 288 1161 325; x_wconf 75' lang='lat' dir='ltr'>derogare</span> <span class='ocrx_word' id='word_1_293' title='bbox 1188 286 1312 315; x_wconf 87' lang='lat' dir='ltr'>videtur</span> <span class='ocrx_word' id='word_1_294' title='bbox 1341 293 1468 314; x_wconf 83' lang='lat' dir='ltr'>summo</span> <span class='ocrx_word' id='word_1_295' title='bbox 1497 283 1597 320; x_wconf 88' lang='lat' dir='ltr'>bono,</span> <span class='ocrx_word' id='word_1_296' title='bbox 1627 282 1681 321; x_wconf 87' lang='lat' dir='ltr'>qui</span> <span class='ocrx_word' id='word_1_297' title='bbox 1708 281 1782 311; x_wconf 86' lang='lat' dir='ltr'>dicit</span> 
     </span>
     <span class='ocr_line' id='line_1_50' title="bbox 1009 334 1780 380; baseline -0.008 -10"><span class='ocrx_word' id='word_1_298' title='bbox 1009 341 1113 380; x_wconf 82' lang='lat' dir='ltr'>ipsum</span> <span class='ocrx_word' id='word_1_299' title='bbox 1129 349 1191 369; x_wconf 85' lang='lat' dir='ltr'>non</span> <span class='ocrx_word' id='word_1_300' title='bbox 1209 339 1353 368; x_wconf 71' lang='lat' dir='ltr'>sufficere</span> <span class='ocrx_word' id='word_1_301' title='bbox 1368 338 1487 376; x_wconf 81' lang='lat' dir='ltr'>absque</span> <span class='ocrx_word' id='word_1_302' title='bbox 1502 337 1587 367; x_wconf 83' lang='lat' dir='ltr'>bono</span> <span class='ocrx_word' id='word_1_303' title='bbox 1602 337 1705 366; x_wconf 87' lang='lat' dir='ltr'>creato</span> <span class='ocrx_word' id='word_1_304' title='bbox 1722 334 1780 365; x_wconf 82' lang='lat' dir='ltr'>sibi</span> 
     </span>
     <span class='ocr_line' id='line_1_51' title="bbox 1009 388 1781 431; baseline -0.008 -8"><span class='ocrx_word' id='word_1_305' title='bbox 1009 394 1158 431; x_wconf 72' lang='lat' dir='ltr'>adjuncto</span> <span class='ocrx_word' id='word_1_306' title='bbox 1183 392 1220 422; x_wconf 89' lang='lat' dir='ltr'>ad</span> <span class='ocrx_word' id='word_1_307' title='bbox 1244 390 1408 421; x_wconf 90' lang='lat' dir='ltr'>hominem</span> <span class='ocrx_word' id='word_1_308' title='bbox 1435 390 1569 429; x_wconf 83' lang='lat' dir='ltr'>perfecte</span> <span class='ocrx_word' id='word_1_309' title='bbox 1598 388 1781 419; x_wconf 82' lang='lat' dir='ltr'>beatifican-</span> 
     </span>
     <span class='ocr_line' id='line_1_52' title="bbox 1010 443 1783 483; baseline -0.006 -6"><span class='ocrx_word' id='word_1_310' title='bbox 1010 448 1098 483; x_wconf 74' lang='lat' dir='ltr'>«lum,</span> <span class='ocrx_word' id='word_1_311' title='bbox 1121 446 1181 476; x_wconf 74' lang='lat' dir='ltr'>nisi</span> <span class='ocrx_word' id='word_1_312' title='bbox 1204 446 1263 475; x_wconf 87' lang='lat' dir='ltr'>hoc</span> <span class='ocrx_word' id='word_1_313' title='bbox 1282 444 1364 474; x_wconf 79' lang='lat' dir='ltr'>dicat</span> <span class='ocrx_word' id='word_1_314' title='bbox 1383 444 1493 473; x_wconf 89' lang='lat' dir='ltr'>venire</span> <span class='ocrx_word' id='word_1_315' title='bbox 1513 445 1640 483; x_wconf 86' lang='lat' dir='ltr'>propter</span> <span class='ocrx_word' id='word_1_316' title='bbox 1661 443 1783 481; x_wconf 87' lang='lat' dir='ltr'>imper-</span> 
     </span>
     <span class='ocr_line' id='line_1_53' title="bbox 1011 496 1784 537; baseline -0.008 -7"><span class='ocrx_word' id='word_1_317' title='bbox 1011 501 1176 531; x_wconf 73' lang='lat' dir='ltr'>fectionem</span> <span class='ocrx_word' id='word_1_318' title='bbox 1198 508 1319 536; x_wconf 75' lang='lat' dir='ltr'>sensus,</span> <span class='ocrx_word' id='word_1_319' title='bbox 1337 497 1390 537; x_wconf 84' lang='lat' dir='ltr'>qni</span> <span class='ocrx_word' id='word_1_320' title='bbox 1412 497 1451 527; x_wconf 89' lang='lat' dir='ltr'>ad</span> <span class='ocrx_word' id='word_1_321' title='bbox 1470 497 1575 536; x_wconf 84' lang='lat' dir='ltr'>ipsum</span> <span class='ocrx_word' id='word_1_322' title='bbox 1596 505 1661 526; x_wconf 89' lang='lat' dir='ltr'>non</span> <span class='ocrx_word' id='word_1_323' title='bbox 1683 496 1784 535; x_wconf 83' lang='lat' dir='ltr'>potest</span> 
     </span>
     <span class='ocr_line' id='line_1_54' title="bbox 1011 548 1784 593; baseline -0.008 -10"><span class='ocrx_word' id='word_1_324' title='bbox 1011 553 1191 593; x_wconf 75' lang='lat' dir='ltr'>pertingere</span> <span class='ocrx_word' id='word_1_325' title='bbox 1211 563 1217 582; x_wconf 75' lang='lat' dir='ltr'>t</span> <span class='ocrx_word' id='word_1_326' title='bbox 1240 552 1290 582; x_wconf 86' lang='lat' dir='ltr'>sed</span> <span class='ocrx_word' id='word_1_327' title='bbox 1307 553 1384 581; x_wconf 87' lang='lat' dir='ltr'>tunc</span> <span class='ocrx_word' id='word_1_328' title='bbox 1403 550 1494 589; x_wconf 85' lang='lat' dir='ltr'>plura</span> <span class='ocrx_word' id='word_1_329' title='bbox 1510 549 1696 583; x_wconf 82' lang='lat' dir='ltr'>obviabunt,</span> <span class='ocrx_word' id='word_1_330' title='bbox 1718 548 1784 578; x_wconf 84' lang='lat' dir='ltr'>sive</span> 
     </span>
     <span class='ocr_line' id='line_1_55' title="bbox 1012 602 1786 642; baseline -0.009 -5"><span class='ocrx_word' id='word_1_331' title='bbox 1012 607 1133 637; x_wconf 80' lang='lat' dir='ltr'>ratione</span> <span class='ocrx_word' id='word_1_332' title='bbox 1154 614 1306 636; x_wconf 84' lang='lat' dir='ltr'>sensuum</span> <span class='ocrx_word' id='word_1_333' title='bbox 1328 605 1482 640; x_wconf 85' lang='lat' dir='ltr'>aliorum,</span> <span class='ocrx_word' id='word_1_334' title='bbox 1505 603 1561 642; x_wconf 88' lang='lat' dir='ltr'>qui</span> <span class='ocrx_word' id='word_1_335' title='bbox 1583 611 1645 632; x_wconf 91' lang='lat' dir='ltr'>non</span> <span class='ocrx_word' id='word_1_336' title='bbox 1668 602 1786 631; x_wconf 85' lang='lat' dir='ltr'>habent</span> 
     </span>
     <span class='ocr_line' id='line_1_56' title="bbox 1013 654 1786 699; baseline -0.009 -9"><span class='ocrx_word' id='word_1_337' title='bbox 1013 660 1134 699; x_wconf 64' lang='lat' dir='ltr'>objecta</span> <span class='ocrx_word' id='word_1_338' title='bbox 1159 668 1216 688; x_wconf 81' lang='lat' dir='ltr'>sua</span> <span class='ocrx_word' id='word_1_339' title='bbox 1237 658 1315 688; x_wconf 88' lang='lat' dir='ltr'>sicut</span> <span class='ocrx_word' id='word_1_340' title='bbox 1341 658 1443 694; x_wconf 78' lang='lat' dir='ltr'>visus,</span> <span class='ocrx_word' id='word_1_341' title='bbox 1469 659 1498 686; x_wconf 85' lang='lat' dir='ltr'>et</span> <span class='ocrx_word' id='word_1_342' title='bbox 1522 658 1628 686; x_wconf 88' lang='lat' dir='ltr'>tamen</span> <span class='ocrx_word' id='word_1_343' title='bbox 1650 654 1786 694; x_wconf 85' lang='lat' dir='ltr'>perfecte</span> 
     </span>
     <span class='ocr_line' id='line_1_57' title="bbox 1016 707 1785 749; baseline -0.009 -6"><span class='ocrx_word' id='word_1_344' title='bbox 1016 712 1181 743; x_wconf 74' lang='lat' dir='ltr'>beatificati</span> <span class='ocrx_word' id='word_1_345' title='bbox 1193 713 1284 748; x_wconf 44' lang='lat' dir='ltr'>sunt,</span> <span class='ocrx_word' id='word_1_346' title='bbox 1299 711 1365 741; x_wconf 87' lang='lat' dir='ltr'>sive</span> <span class='ocrx_word' id='word_1_347' title='bbox 1376 710 1496 740; x_wconf 81' lang='lat' dir='ltr'>ratione</span> <span class='ocrx_word' id='word_1_348' title='bbox 1507 712 1652 749; x_wconf 84' lang='lat' dir='ltr'>aspectus</span> <span class='ocrx_word' id='word_1_349' title='bbox 1661 707 1785 744; x_wconf 83' lang='lat' dir='ltr'>Christi,</span> 
     </span>
     <span class='ocr_line' id='line_1_58' title="bbox 1014 761 1788 806; baseline -0.009 -9"><span class='ocrx_word' id='word_1_350' title='bbox 1014 767 1069 806; x_wconf 83' lang='lat' dir='ltr'>qui</span> <span class='ocrx_word' id='word_1_351' title='bbox 1083 767 1120 796; x_wconf 86' lang='lat' dir='ltr'>ad</span> <span class='ocrx_word' id='word_1_352' title='bbox 1134 766 1212 796; x_wconf 83' lang='lat' dir='ltr'>alios</span> <span class='ocrx_word' id='word_1_353' title='bbox 1225 766 1349 795; x_wconf 83' lang='lat' dir='ltr'>sanctos</span> <span class='ocrx_word' id='word_1_354' title='bbox 1361 763 1486 803; x_wconf 85' lang='lat' dir='ltr'>aspicit;</span> <span class='ocrx_word' id='word_1_355' title='bbox 1503 763 1570 792; x_wconf 87' lang='lat' dir='ltr'>sive</span> <span class='ocrx_word' id='word_1_356' title='bbox 1583 761 1704 792; x_wconf 87' lang='lat' dir='ltr'>ratione</span> <span class='ocrx_word' id='word_1_357' title='bbox 1718 769 1788 800; x_wconf 91' lang='lat' dir='ltr'>per-</span> 
     </span>
     <span class='ocr_line' id='line_1_59' title="bbox 1016 815 1786 857; baseline -0.008 -7"><span class='ocrx_word' id='word_1_358' title='bbox 1016 820 1156 851; x_wconf 78' lang='lat' dir='ltr'>fectionis</span> <span class='ocrx_word' id='word_1_359' title='bbox 1176 818 1388 854; x_wconf 72' lang='lat' dir='ltr'>beatitudinis,</span> <span class='ocrx_word' id='word_1_360' title='bbox 1412 825 1484 857; x_wconf 84' lang='lat' dir='ltr'>quae</span> <span class='ocrx_word' id='word_1_361' title='bbox 1504 825 1569 846; x_wconf 90' lang='lat' dir='ltr'>non</span> <span class='ocrx_word' id='word_1_362' title='bbox 1591 816 1662 845; x_wconf 81' lang='lat' dir='ltr'>facit</span> <span class='ocrx_word' id='word_1_363' title='bbox 1682 815 1786 845; x_wconf 90' lang='lat' dir='ltr'>homi-</span> 
     </span>
     <span class='ocr_line' id='line_1_60' title="bbox 1017 868 1790 913; baseline -0.009 -8"><span class='ocrx_word' id='word_1_364' title='bbox 1017 884 1090 905; x_wconf 86' lang='lat' dir='ltr'>nem</span> <span class='ocrx_word' id='word_1_365' title='bbox 1118 873 1245 913; x_wconf 80' lang='lat' dir='ltr'>aliquod</span> <span class='ocrx_word' id='word_1_366' title='bbox 1272 872 1467 903; x_wconf 75' lang='lat' dir='ltr'>extrinsecus</span> <span class='ocrx_word' id='word_1_367' title='bbox 1494 869 1692 906; x_wconf 57' lang='lat' dir='ltr'>mendicare,</span> <span class='ocrx_word' id='word_1_368' title='bbox 1723 868 1790 898; x_wconf 90' lang='lat' dir='ltr'>sive</span> 
     </span>
     <span class='ocr_line' id='line_1_61' title="bbox 1016 920 1788 967; baseline -0.01 -9"><span class='ocrx_word' id='word_1_369' title='bbox 1016 928 1110 958; x_wconf 84' lang='lat' dir='ltr'>ctiam</span> <span class='ocrx_word' id='word_1_370' title='bbox 1131 927 1206 967; x_wconf 87' lang='lat' dir='ltr'>quia</span> <span class='ocrx_word' id='word_1_371' title='bbox 1229 925 1409 966; x_wconf 85' lang='lat' dir='ltr'>oppositum</span> <span class='ocrx_word' id='word_1_372' title='bbox 1433 933 1496 954; x_wconf 91' lang='lat' dir='ltr'>non</span> <span class='ocrx_word' id='word_1_373' title='bbox 1518 924 1621 963; x_wconf 86' lang='lat' dir='ltr'>posset</span> <span class='ocrx_word' id='word_1_374' title='bbox 1641 920 1788 960; x_wconf 80' lang='lat' dir='ltr'>intelligi,</span> 
     </span>
     <span class='ocr_line' id='line_1_62' title="bbox 1017 975 1792 1020; baseline -0.009 -9"><span class='ocrx_word' id='word_1_375' title='bbox 1017 981 1100 1020; x_wconf 85' lang='lat' dir='ltr'>quod</span> <span class='ocrx_word' id='word_1_376' title='bbox 1120 979 1278 1019; x_wconf 79' lang='lat' dir='ltr'>gloriosus</span> <span class='ocrx_word' id='word_1_377' title='bbox 1297 978 1393 1008; x_wconf 87' lang='lat' dir='ltr'>homo</span> <span class='ocrx_word' id='word_1_378' title='bbox 1416 979 1517 1017; x_wconf 85' lang='lat' dir='ltr'>posset</span> <span class='ocrx_word' id='word_1_379' title='bbox 1535 986 1554 1006; x_wconf 88' lang='lat' dir='ltr'>a</span> <span class='ocrx_word' id='word_1_380' title='bbox 1577 975 1688 1006; x_wconf 83' lang='lat' dir='ltr'>Christi</span> <span class='ocrx_word' id='word_1_381' title='bbox 1709 983 1792 1014; x_wconf 85' lang='lat' dir='ltr'>prae-</span> 
     </span>
     <span class='ocr_line' id='line_1_63' title="bbox 1017 1028 1792 1069; baseline -0.006 -6"><span class='ocrx_word' id='word_1_382' title='bbox 1017 1034 1116 1063; x_wconf 80' lang='lat' dir='ltr'>sentia</span> <span class='ocrx_word' id='word_1_383' title='bbox 1140 1032 1300 1062; x_wconf 79' lang='lat' dir='ltr'>absentari</span> <span class='ocrx_word' id='word_1_384' title='bbox 1323 1031 1442 1069; x_wconf 81' lang='lat' dir='ltr'>absque</span> <span class='ocrx_word' id='word_1_385' title='bbox 1466 1029 1579 1069; x_wconf 60' lang='lat' dir='ltr'>gloriae</span> <span class='ocrx_word' id='word_1_386' title='bbox 1603 1037 1670 1059; x_wconf 82' lang='lat' dir='ltr'>suae</span> <span class='ocrx_word' id='word_1_387' title='bbox 1697 1028 1792 1058; x_wconf 86' lang='lat' dir='ltr'>detri-</span> 
     </span>
     <span class='ocr_line' id='line_1_64' title="bbox 1018 1088 1136 1117; baseline -0.008 0"><span class='ocrx_word' id='word_1_388' title='bbox 1018 1088 1136 1117; x_wconf 83' lang='lat' dir='ltr'>mento.</span> 
     </span>
    </p>

    <p class='ocr_par' dir='ltr' id='par_1_9' title="bbox 1019 1135 1802 2087">
     <span class='ocr_line' id='line_1_65' title="bbox 1059 1135 1793 1178; baseline -0.007 -8"><span class='ocrx_word' id='word_1_389' title='bbox 1059 1143 1088 1170; x_wconf 71' lang='lat'>2.</span> <span class='ocrx_word' id='word_1_390' title='bbox 1111 1139 1157 1170; x_wconf 86' lang='lat' dir='ltr'>Ad</span> <span class='ocrx_word' id='word_1_391' title='bbox 1178 1138 1255 1169; x_wconf 87' lang='lat' dir='ltr'>illud</span> <span class='ocrx_word' id='word_1_392' title='bbox 1271 1137 1354 1178; x_wconf 88' lang='lat' dir='ltr'>quod</span> <span class='ocrx_word' id='word_1_393' title='bbox 1372 1137 1556 1176; x_wconf 84' lang='lat' dir='ltr'>opponitur,</span> <span class='ocrx_word' id='word_1_394' title='bbox 1577 1135 1660 1175; x_wconf 86' lang='lat' dir='ltr'>qnod</span> <span class='ocrx_word' id='word_1_395' title='bbox 1679 1135 1712 1165; x_wconf 87' lang='lat' dir='ltr'>in</span> <span class='ocrx_word' id='word_1_396' title='bbox 1731 1135 1793 1166; x_wconf 88' lang='lat' dir='ltr'>hu—</span> 
     </span>
     <span class='ocr_line' id='line_1_66' title="bbox 1019 1188 1793 1228; baseline -0.006 -5"><span class='ocrx_word' id='word_1_397' title='bbox 1019 1202 1115 1223; x_wconf 86' lang='lat' dir='ltr'>mana</span> <span class='ocrx_word' id='word_1_398' title='bbox 1130 1194 1243 1222; x_wconf 83' lang='lat' dir='ltr'>natura</span> <span class='ocrx_word' id='word_1_399' title='bbox 1258 1191 1328 1221; x_wconf 87' lang='lat' dir='ltr'>data</span> <span class='ocrx_word' id='word_1_400' title='bbox 1343 1192 1390 1220; x_wconf 85' lang='lat' dir='ltr'>est</span> <span class='ocrx_word' id='word_1_401' title='bbox 1404 1189 1589 1228; x_wconf 81' lang='lat' dir='ltr'>congruitas</span> <span class='ocrx_word' id='word_1_402' title='bbox 1609 1189 1656 1219; x_wconf 84' lang='lat' dir='ltr'>vel</span> <span class='ocrx_word' id='word_1_403' title='bbox 1672 1188 1793 1219; x_wconf 89' lang='lat' dir='ltr'>idonei-</span> 
     </span>
     <span class='ocr_line' id='line_1_67' title="bbox 1021 1242 1794 1282; baseline -0.006 -5"><span class='ocrx_word' id='word_1_404' title='bbox 1021 1250 1066 1277; x_wconf 82' lang='lat' dir='ltr'>tas</span> <span class='ocrx_word' id='word_1_405' title='bbox 1087 1246 1125 1277; x_wconf 89' lang='lat' dir='ltr'>ad</span> <span class='ocrx_word' id='word_1_406' title='bbox 1150 1245 1417 1281; x_wconf 83' lang='lat' dir='ltr'>incarnationem,</span> <span class='ocrx_word' id='word_1_407' title='bbox 1438 1242 1606 1274; x_wconf 71' lang='lat' dir='ltr'>dicendum</span> <span class='ocrx_word' id='word_1_408' title='bbox 1632 1242 1716 1282; x_wconf 84' lang='lat' dir='ltr'>quod</span> <span class='ocrx_word' id='word_1_409' title='bbox 1741 1242 1794 1272; x_wconf 87' lang='lat' dir='ltr'>illa</span> 
     </span>
     <span class='ocr_line' id='line_1_68' title="bbox 1022 1295 1795 1336; baseline -0.006 -6"><span class='ocrx_word' id='word_1_410' title='bbox 1022 1300 1174 1330; x_wconf 83' lang='lat' dir='ltr'>idoneitas</span> <span class='ocrx_word' id='word_1_411' title='bbox 1195 1298 1366 1329; x_wconf 84' lang='lat' dir='ltr'>attenditur</span> <span class='ocrx_word' id='word_1_412' title='bbox 1386 1307 1425 1327; x_wconf 80' lang='lat' dir='ltr'>ex</span> <span class='ocrx_word' id='word_1_413' title='bbox 1447 1299 1533 1336; x_wconf 80' lang='lat' dir='ltr'>parte</span> <span class='ocrx_word' id='word_1_414' title='bbox 1554 1295 1795 1335; x_wconf 85' lang='lat' dir='ltr'>reparabilitatis</span> 
     </span>
     <span class='ocr_line' id='line_1_69' title="bbox 1022 1349 1793 1392; baseline -0.006 -8"><span class='ocrx_word' id='word_1_415' title='bbox 1022 1353 1160 1384; x_wconf 89' lang='lat' dir='ltr'>hominis</span> <span class='ocrx_word' id='word_1_416' title='bbox 1185 1351 1408 1392; x_wconf 60' lang='lat' dir='ltr'>principaliter,</span> <span class='ocrx_word' id='word_1_417' title='bbox 1431 1350 1579 1389; x_wconf 87' lang='lat' dir='ltr'>quamvis</span> <span class='ocrx_word' id='word_1_418' title='bbox 1603 1349 1724 1380; x_wconf 80' lang='lat' dir='ltr'>ratione</span> <span class='ocrx_word' id='word_1_419' title='bbox 1747 1349 1793 1379; x_wconf 90' lang='lat' dir='ltr'>di-</span> 
     </span>
     <span class='ocr_line' id='line_1_70' title="bbox 1022 1403 1795 1446; baseline -0.005 -9"><span class='ocrx_word' id='word_1_420' title='bbox 1022 1407 1152 1446; x_wconf 73' lang='lat' dir='ltr'>gnitatis</span> <span class='ocrx_word' id='word_1_421' title='bbox 1164 1408 1192 1436; x_wconf 86' lang='lat' dir='ltr'>et</span> <span class='ocrx_word' id='word_1_422' title='bbox 1203 1405 1339 1435; x_wconf 82' lang='lat' dir='ltr'>aliarum</span> <span class='ocrx_word' id='word_1_423' title='bbox 1352 1404 1569 1435; x_wconf 83' lang='lat' dir='ltr'>conditionum</span> <span class='ocrx_word' id='word_1_424' title='bbox 1582 1403 1689 1443; x_wconf 88' lang='lat' dir='ltr'>aliquo</span> <span class='ocrx_word' id='word_1_425' title='bbox 1702 1403 1795 1433; x_wconf 87' lang='lat' dir='ltr'>modo</span> 
     </span>
     <span class='ocr_line' id='line_1_71' title="bbox 1022 1455 1797 1490; baseline -0.006 0"><span class='ocrx_word' id='word_1_426' title='bbox 1022 1460 1194 1490; x_wconf 71' lang='lat' dir='ltr'>attenditur</span> <span class='ocrx_word' id='word_1_427' title='bbox 1212 1469 1218 1489; x_wconf 77' lang='lat' dir='ltr'>z</span> <span class='ocrx_word' id='word_1_428' title='bbox 1241 1460 1272 1488; x_wconf 85' lang='lat' dir='ltr'>et</span> <span class='ocrx_word' id='word_1_429' title='bbox 1293 1458 1363 1488; x_wconf 79' lang='lat' dir='ltr'>ideo</span> <span class='ocrx_word' id='word_1_430' title='bbox 1385 1458 1465 1487; x_wconf 80' lang='lat' dir='ltr'>sicut</span> <span class='ocrx_word' id='word_1_431' title='bbox 1487 1457 1581 1487; x_wconf 88' lang='lat' dir='ltr'>homo</span> <span class='ocrx_word' id='word_1_432' title='bbox 1603 1465 1668 1486; x_wconf 91' lang='lat' dir='ltr'>non</span> <span class='ocrx_word' id='word_1_433' title='bbox 1687 1455 1797 1486; x_wconf 78' lang='lat' dir='ltr'>suisset</span> 
     </span>
     <span class='ocr_line' id='line_1_72' title="bbox 1022 1510 1797 1552; baseline -0.006 -8"><span class='ocrx_word' id='word_1_434' title='bbox 1022 1515 1198 1552; x_wconf 78' lang='lat' dir='ltr'>reparatus,</span> <span class='ocrx_word' id='word_1_435' title='bbox 1224 1512 1249 1541; x_wconf 85' lang='lat' dir='ltr'>si</span> <span class='ocrx_word' id='word_1_436' title='bbox 1270 1521 1334 1541; x_wconf 87' lang='lat' dir='ltr'>non</span> <span class='ocrx_word' id='word_1_437' title='bbox 1355 1511 1529 1547; x_wconf 77' lang='lat' dir='ltr'>cecidisset,</span> <span class='ocrx_word' id='word_1_438' title='bbox 1549 1510 1696 1550; x_wconf 87' lang='lat' dir='ltr'>quamvis</span> <span class='ocrx_word' id='word_1_439' title='bbox 1717 1511 1797 1540; x_wconf 87' lang='lat' dir='ltr'>esset</span> 
     </span>
     <span class='ocr_line' id='line_1_73' title="bbox 1024 1564 1795 1606; baseline -0.004 -9"><span class='ocrx_word' id='word_1_440' title='bbox 1024 1567 1227 1606; x_wconf 80' lang='lat' dir='ltr'>reparabilis3</span> <span class='ocrx_word' id='word_1_441' title='bbox 1250 1566 1293 1595; x_wconf 89' lang='lat' dir='ltr'>sic</span> <span class='ocrx_word' id='word_1_442' title='bbox 1312 1565 1469 1595; x_wconf 84' lang='lat' dir='ltr'>divinitati</span> <span class='ocrx_word' id='word_1_443' title='bbox 1491 1574 1552 1595; x_wconf 90' lang='lat' dir='ltr'>non</span> <span class='ocrx_word' id='word_1_444' title='bbox 1574 1567 1655 1595; x_wconf 84' lang='lat' dir='ltr'>esset</span> <span class='ocrx_word' id='word_1_445' title='bbox 1674 1564 1795 1601; x_wconf 90' lang='lat' dir='ltr'>unitus,</span> 
     </span>
     <span class='ocr_line' id='line_1_74' title="bbox 1024 1617 1798 1660; baseline -0.003 -10"><span class='ocrx_word' id='word_1_446' title='bbox 1024 1619 1173 1660; x_wconf 86' lang='lat' dir='ltr'>quamvis</span> <span class='ocrx_word' id='word_1_447' title='bbox 1193 1621 1273 1650; x_wconf 82' lang='lat' dir='ltr'>esset</span> <span class='ocrx_word' id='word_1_448' title='bbox 1294 1619 1433 1649; x_wconf 87' lang='lat' dir='ltr'>unibilis.</span> <span class='ocrx_word' id='word_1_449' title='bbox 1459 1617 1527 1649; x_wconf 90' lang='lat' dir='ltr'>Non</span> <span class='ocrx_word' id='word_1_450' title='bbox 1550 1620 1657 1649; x_wconf 84' lang='lat' dir='ltr'>tamen</span> <span class='ocrx_word' id='word_1_451' title='bbox 1681 1619 1798 1649; x_wconf 82' lang='lat' dir='ltr'>frustra</span> 
     </span>
     <span class='ocr_line' id='line_1_75' title="bbox 1026 1672 1799 1713; baseline -0.003 -9"><span class='ocrx_word' id='word_1_452' title='bbox 1026 1674 1078 1704; x_wconf 88' lang='lat' dir='ltr'>illa</span> <span class='ocrx_word' id='word_1_453' title='bbox 1095 1673 1233 1713; x_wconf 87' lang='lat' dir='ltr'>potentia</span> <span class='ocrx_word' id='word_1_454' title='bbox 1249 1673 1368 1709; x_wconf 82' lang='lat' dir='ltr'>suisset,</span> <span class='ocrx_word' id='word_1_455' title='bbox 1384 1673 1459 1712; x_wconf 88' lang='lat' dir='ltr'>quia</span> <span class='ocrx_word' id='word_1_456' title='bbox 1474 1672 1585 1702; x_wconf 85' lang='lat' dir='ltr'>multae</span> <span class='ocrx_word' id='word_1_457' title='bbox 1599 1674 1675 1702; x_wconf 82' lang='lat' dir='ltr'>sunt</span> <span class='ocrx_word' id='word_1_458' title='bbox 1693 1674 1799 1712; x_wconf 86' lang='lat' dir='ltr'>poten-</span> 
     </span>
     <span class='ocr_line' id='line_1_76' title="bbox 1026 1725 1799 1765; baseline -0.001 -9"><span class='ocrx_word' id='word_1_459' title='bbox 1026 1727 1079 1757; x_wconf 77' lang='lat' dir='ltr'>tiae</span> <span class='ocrx_word' id='word_1_460' title='bbox 1095 1729 1124 1757; x_wconf 85' lang='lat' dir='ltr'>et</span> <span class='ocrx_word' id='word_1_461' title='bbox 1138 1726 1333 1762; x_wconf 42' lang='lat' dir='ltr'>idoneitate&amp;</span> <span class='ocrx_word' id='word_1_462' title='bbox 1348 1735 1421 1765; x_wconf 73' lang='lat' dir='ltr'>quae</span> <span class='ocrx_word' id='word_1_463' title='bbox 1434 1726 1471 1755; x_wconf 90' lang='lat' dir='ltr'>ad</span> <span class='ocrx_word' id='word_1_464' title='bbox 1486 1728 1593 1755; x_wconf 81' lang='lat' dir='ltr'>actum</span> <span class='ocrx_word' id='word_1_465' title='bbox 1609 1735 1672 1755; x_wconf 91' lang='lat' dir='ltr'>non</span> <span class='ocrx_word' id='word_1_466' title='bbox 1687 1725 1799 1765; x_wconf 89' lang='lat' dir='ltr'>perdu-</span> 
     </span>
     <span class='ocr_line' id='line_1_77' title="bbox 1027 1779 1798 1818; baseline -0.001 -8"><span class='ocrx_word' id='word_1_467' title='bbox 1027 1782 1153 1817; x_wconf 85' lang='lat' dir='ltr'>cuntur,</span> <span class='ocrx_word' id='word_1_468' title='bbox 1176 1789 1233 1810; x_wconf 91' lang='lat' dir='ltr'>nec</span> <span class='ocrx_word' id='word_1_469' title='bbox 1252 1782 1356 1810; x_wconf 77' lang='lat' dir='ltr'>tamen</span> <span class='ocrx_word' id='word_1_470' title='bbox 1377 1780 1491 1809; x_wconf 82' lang='lat' dir='ltr'>frustra</span> <span class='ocrx_word' id='word_1_471' title='bbox 1513 1781 1597 1816; x_wconf 82' lang='lat' dir='ltr'>sunt,</span> <span class='ocrx_word' id='word_1_472' title='bbox 1614 1779 1689 1818; x_wconf 87' lang='lat' dir='ltr'>quia</span> <span class='ocrx_word' id='word_1_473' title='bbox 1709 1779 1798 1810; x_wconf 91' lang='lat' dir='ltr'>nobi-</span> 
     </span>
     <span class='ocr_line' id='line_1_78' title="bbox 1026 1832 1800 1871; baseline 0 -8"><span class='ocrx_word' id='word_1_474' title='bbox 1026 1834 1104 1864; x_wconf 88' lang='lat' dir='ltr'>litati</span> <span class='ocrx_word' id='word_1_475' title='bbox 1131 1836 1161 1863; x_wconf 88' lang='lat' dir='ltr'>et</span> <span class='ocrx_word' id='word_1_476' title='bbox 1191 1833 1336 1871; x_wconf 70' lang='lat' dir='ltr'>dignitati</span> <span class='ocrx_word' id='word_1_477' title='bbox 1364 1835 1487 1863; x_wconf 80' lang='lat' dir='ltr'>naturae</span> <span class='ocrx_word' id='word_1_478' title='bbox 1511 1835 1708 1863; x_wconf 81' lang='lat' dir='ltr'>attestantur.</span> <span class='ocrx_word' id='word_1_479' title='bbox 1738 1832 1800 1863; x_wconf 90' lang='lat' dir='ltr'>Nec</span> 
     </span>
     <span class='ocr_line' id='line_1_79' title="bbox 1026 1886 1799 1927; baseline 0 -10"><span class='ocrx_word' id='word_1_480' title='bbox 1026 1888 1139 1917; x_wconf 78' lang='lat' dir='ltr'>dicitur</span> <span class='ocrx_word' id='word_1_481' title='bbox 1155 1887 1293 1927; x_wconf 84' lang='lat' dir='ltr'>potentia</span> <span class='ocrx_word' id='word_1_482' title='bbox 1311 1887 1437 1924; x_wconf 78' lang='lat' dir='ltr'>frustra,</span> <span class='ocrx_word' id='word_1_483' title='bbox 1456 1886 1481 1916; x_wconf 84' lang='lat' dir='ltr'>si</span> <span class='ocrx_word' id='word_1_484' title='bbox 1497 1895 1561 1916; x_wconf 85' lang='lat' dir='ltr'>non</span> <span class='ocrx_word' id='word_1_485' title='bbox 1581 1886 1743 1917; x_wconf 85' lang='lat' dir='ltr'>reducitur</span> <span class='ocrx_word' id='word_1_486' title='bbox 1761 1886 1799 1917; x_wconf 84' lang='lat' dir='ltr'>ad</span> 
     </span>
     <span class='ocr_line' id='line_1_80' title="bbox 1027 1940 1800 1978; baseline -0.001 -7"><span class='ocrx_word' id='word_1_487' title='bbox 1027 1944 1150 1978; x_wconf 82' lang='lat' dir='ltr'>actum3</span> <span class='ocrx_word' id='word_1_488' title='bbox 1169 1941 1222 1971; x_wconf 87' lang='lat' dir='ltr'>sed</span> <span class='ocrx_word' id='word_1_489' title='bbox 1242 1943 1318 1971; x_wconf 86' lang='lat' dir='ltr'>tunc</span> <span class='ocrx_word' id='word_1_490' title='bbox 1335 1941 1451 1971; x_wconf 80' lang='lat' dir='ltr'>frustra</span> <span class='ocrx_word' id='word_1_491' title='bbox 1467 1942 1523 1976; x_wconf 85' lang='lat' dir='ltr'>est,</span> <span class='ocrx_word' id='word_1_492' title='bbox 1544 1940 1619 1970; x_wconf 88' lang='lat' dir='ltr'>dum</span> <span class='ocrx_word' id='word_1_493' title='bbox 1640 1940 1677 1970; x_wconf 84' lang='lat' dir='ltr'>ad</span> <span class='ocrx_word' id='word_1_494' title='bbox 1694 1942 1800 1970; x_wconf 87' lang='lat' dir='ltr'>actum</span> 
     </span>
     <span class='ocr_line' id='line_1_81' title="bbox 1028 1993 1802 2032; baseline -0.001 -8"><span class='ocrx_word' id='word_1_495' title='bbox 1028 2004 1091 2025; x_wconf 89' lang='lat' dir='ltr'>non</span> <span class='ocrx_word' id='word_1_496' title='bbox 1116 1994 1289 2031; x_wconf 82' lang='lat' dir='ltr'>reducitur,</span> <span class='ocrx_word' id='word_1_497' title='bbox 1318 1996 1348 2024; x_wconf 85' lang='lat' dir='ltr'>et</span> <span class='ocrx_word' id='word_1_498' title='bbox 1371 1995 1478 2023; x_wconf 81' lang='lat' dir='ltr'>tamen</span> <span class='ocrx_word' id='word_1_499' title='bbox 1505 1993 1542 2023; x_wconf 88' lang='lat' dir='ltr'>ad</span> <span class='ocrx_word' id='word_1_500' title='bbox 1568 1995 1674 2023; x_wconf 87' lang='lat' dir='ltr'>actum</span> <span class='ocrx_word' id='word_1_501' title='bbox 1701 1993 1802 2032; x_wconf 79' lang='lat' dir='ltr'>exigit</span> 
     </span>
     <span class='ocr_line' id='line_1_82' title="bbox 1028 2047 1514 2087; baseline -0.004 -9"><span class='ocrx_word' id='word_1_502' title='bbox 1028 2058 1098 2078; x_wconf 86' lang='lat' dir='ltr'>eam</span> <span class='ocrx_word' id='word_1_503' title='bbox 1112 2048 1220 2078; x_wconf 83' lang='lat' dir='ltr'>reduci</span> <span class='ocrx_word' id='word_1_504' title='bbox 1235 2050 1361 2087; x_wconf 80' lang='lat' dir='ltr'>tempus</span> <span class='ocrx_word' id='word_1_505' title='bbox 1375 2049 1406 2077; x_wconf 84' lang='lat' dir='ltr'>et</span> <span class='ocrx_word' id='word_1_506' title='bbox 1418 2047 1514 2077; x_wconf 88' lang='lat' dir='ltr'>locus.</span> 
     </span>
    </p>

    <p class='ocr_par' dir='ltr' id='par_1_10' title="bbox 1029 2100 1805 2725">
     <span class='ocr_line' id='line_1_83' title="bbox 1069 2100 1802 2140; baseline 0 -10"><span class='ocrx_word' id='word_1_507' title='bbox 1069 2105 1097 2132; x_wconf 78' lang='lat'>3.</span> <span class='ocrx_word' id='word_1_508' title='bbox 1123 2102 1168 2132; x_wconf 81' lang='lat' dir='ltr'>Ad</span> <span class='ocrx_word' id='word_1_509' title='bbox 1193 2101 1271 2131; x_wconf 88' lang='lat' dir='ltr'>illud</span> <span class='ocrx_word' id='word_1_510' title='bbox 1291 2100 1375 2140; x_wconf 89' lang='lat' dir='ltr'>quod</span> <span class='ocrx_word' id='word_1_511' title='bbox 1399 2100 1580 2140; x_wconf 82' lang='lat' dir='ltr'>opponitur,</span> <span class='ocrx_word' id='word_1_512' title='bbox 1606 2100 1691 2140; x_wconf 84' lang='lat' dir='ltr'>quod</span> <span class='ocrx_word' id='word_1_513' title='bbox 1717 2100 1802 2131; x_wconf 82' lang='lat' dir='ltr'>decet</span> 
     </span>
     <span class='ocr_line' id='line_1_84' title="bbox 1029 2154 1802 2195; baseline -0.003 -9"><span class='ocrx_word' id='word_1_514' title='bbox 1029 2156 1081 2186; x_wconf 69' lang='lat' dir='ltr'>Dei</span> <span class='ocrx_word' id='word_1_515' title='bbox 1102 2155 1307 2195; x_wconf 81' lang='lat' dir='ltr'>sapientiam,</span> <span class='ocrx_word' id='word_1_516' title='bbox 1333 2155 1552 2194; x_wconf 85' lang='lat' dir='ltr'>prudentiam,</span> <span class='ocrx_word' id='word_1_517' title='bbox 1577 2156 1608 2184; x_wconf 82' lang='lat' dir='ltr'>et</span> <span class='ocrx_word' id='word_1_518' title='bbox 1628 2154 1802 2193; x_wconf 87' lang='lat' dir='ltr'>potentiam</span> 
     </span>
     <span class='ocr_line' id='line_1_85' title="bbox 1030 2208 1803 2246; baseline -0.003 -6"><span class='ocrx_word' id='word_1_519' title='bbox 1030 2210 1064 2240; x_wconf 92' lang='lat' dir='ltr'>in</span> <span class='ocrx_word' id='word_1_520' title='bbox 1086 2212 1169 2240; x_wconf 83' lang='lat' dir='ltr'>statu</span> <span class='ocrx_word' id='word_1_521' title='bbox 1192 2209 1382 2239; x_wconf 85' lang='lat' dir='ltr'>innocentiae</span> <span class='ocrx_word' id='word_1_522' title='bbox 1404 2209 1607 2246; x_wconf 85' lang='lat' dir='ltr'>manifestari,</span> <span class='ocrx_word' id='word_1_523' title='bbox 1633 2208 1803 2239; x_wconf 88' lang='lat' dir='ltr'>dicendum</span> 
     </span>
     <span class='ocr_line' id='line_1_86' title="bbox 1029 2261 1804 2303; baseline -0.001 -10"><span class='ocrx_word' id='word_1_524' title='bbox 1029 2263 1112 2303; x_wconf 75' lang='lat' dir='ltr'>quod</span> <span class='ocrx_word' id='word_1_525' title='bbox 1124 2263 1159 2303; x_wconf 75' lang='lat' dir='ltr'>(b)</span> <span class='ocrx_word' id='word_1_526' title='bbox 1170 2272 1202 2293; x_wconf 86' lang='lat' dir='ltr'>se</span> <span class='ocrx_word' id='word_1_527' title='bbox 1218 2262 1436 2292; x_wconf 81' lang='lat' dir='ltr'>manifestabat</span> <span class='ocrx_word' id='word_1_528' title='bbox 1452 2261 1642 2292; x_wconf 84' lang='lat' dir='ltr'>sufficienter</span> <span class='ocrx_word' id='word_1_529' title='bbox 1656 2271 1711 2301; x_wconf 90' lang='lat' dir='ltr'>per</span> <span class='ocrx_word' id='word_1_530' title='bbox 1723 2271 1804 2302; x_wconf 87' lang='lat' dir='ltr'>opus</span> 
     </span>
     <span class='ocr_line' id='line_1_87' title="bbox 1030 2315 1804 2353; baseline 0 -8"><span class='ocrx_word' id='word_1_531' title='bbox 1030 2316 1207 2353; x_wconf 83' lang='lat' dir='ltr'>creationis,</span> <span class='ocrx_word' id='word_1_532' title='bbox 1225 2318 1255 2345; x_wconf 79' lang='lat' dir='ltr'>et</span> <span class='ocrx_word' id='word_1_533' title='bbox 1271 2315 1491 2353; x_wconf 83' lang='lat' dir='ltr'>distinctionis,</span> <span class='ocrx_word' id='word_1_534' title='bbox 1512 2318 1543 2345; x_wconf 84' lang='lat' dir='ltr'>et</span> <span class='ocrx_word' id='word_1_535' title='bbox 1561 2317 1691 2346; x_wconf 85' lang='lat' dir='ltr'>ornatus</span> <span class='ocrx_word' id='word_1_536' title='bbox 1708 2325 1715 2345; x_wconf 73' lang='grc' dir='ltr'>ι</span> <span class='ocrx_word' id='word_1_537' title='bbox 1734 2315 1804 2346; x_wconf 91' lang='lat' dir='ltr'>ideo</span> 
     </span>
     <span class='ocr_line' id='line_1_88' title="bbox 1029 2368 1802 2408; baseline -0.001 -9"><span class='ocrx_word' id='word_1_538' title='bbox 1029 2369 1055 2400; x_wconf 85' lang='lat' dir='ltr'>si</span> <span class='ocrx_word' id='word_1_539' title='bbox 1076 2369 1127 2399; x_wconf 88' lang='lat' dir='ltr'>illa</span> <span class='ocrx_word' id='word_1_540' title='bbox 1145 2368 1362 2408; x_wconf 86' lang='lat' dir='ltr'>perstitissent,</span> <span class='ocrx_word' id='word_1_541' title='bbox 1383 2377 1457 2399; x_wconf 87' lang='lat' dir='ltr'>cum</span> <span class='ocrx_word' id='word_1_542' title='bbox 1476 2368 1567 2399; x_wconf 88' lang='lat' dir='ltr'>valde</span> <span class='ocrx_word' id='word_1_543' title='bbox 1588 2369 1672 2399; x_wconf 85' lang='lat' dir='ltr'>hona</span> <span class='ocrx_word' id='word_1_544' title='bbox 1688 2370 1802 2404; x_wconf 86' lang='lat' dir='ltr'>essent,</span> 
     </span>
     <span class='ocr_line' id='line_1_89' title="bbox 1030 2420 1804 2462; baseline -0.001 -10"><span class='ocrx_word' id='word_1_545' title='bbox 1030 2431 1094 2453; x_wconf 89' lang='lat' dir='ltr'>non</span> <span class='ocrx_word' id='word_1_546' title='bbox 1113 2422 1302 2462; x_wconf 84' lang='lat' dir='ltr'>oportuisset</span> <span class='ocrx_word' id='word_1_547' title='bbox 1321 2431 1442 2452; x_wconf 90' lang='lat' dir='ltr'>novum</span> <span class='ocrx_word' id='word_1_548' title='bbox 1464 2421 1594 2452; x_wconf 89' lang='lat' dir='ltr'>modum</span> <span class='ocrx_word' id='word_1_549' title='bbox 1613 2420 1728 2460; x_wconf 83' lang='lat' dir='ltr'>agendi</span> <span class='ocrx_word' id='word_1_550' title='bbox 1749 2430 1804 2451; x_wconf 89' lang='lat' dir='ltr'>su—</span> 
     </span>
     <span class='ocr_line' id='line_1_90' title="bbox 1030 2474 1802 2516; baseline -0.001 -10"><span class='ocrx_word' id='word_1_551' title='bbox 1030 2476 1200 2516; x_wconf 70' lang='lat' dir='ltr'>peraddere</span> <span class='ocrx_word' id='word_1_552' title='bbox 1216 2476 1254 2506; x_wconf 86' lang='lat' dir='ltr'>ad</span> <span class='ocrx_word' id='word_1_553' title='bbox 1273 2475 1555 2506; x_wconf 80' lang='lat' dir='ltr'>manifestationem</span> <span class='ocrx_word' id='word_1_554' title='bbox 1567 2498 1575 2513; x_wconf 90' lang='lat'>,</span> <span class='ocrx_word' id='word_1_555' title='bbox 1595 2474 1802 2514; x_wconf 85' lang='lat' dir='ltr'>quemadmo-</span> 
     </span>
     <span class='ocr_line' id='line_1_91' title="bbox 1030 2528 1804 2568; baseline -0.001 -9"><span class='ocrx_word' id='word_1_556' title='bbox 1030 2529 1107 2559; x_wconf 90' lang='lat' dir='ltr'>dum</span> <span class='ocrx_word' id='word_1_557' title='bbox 1129 2538 1224 2568; x_wconf 89' lang='lat' dir='ltr'>opera</span> <span class='ocrx_word' id='word_1_558' title='bbox 1249 2529 1437 2559; x_wconf 89' lang='lat' dir='ltr'>miraculosa</span> <span class='ocrx_word' id='word_1_559' title='bbox 1459 2529 1538 2559; x_wconf 86' lang='lat' dir='ltr'>sacta</span> <span class='ocrx_word' id='word_1_560' title='bbox 1559 2530 1634 2558; x_wconf 84' lang='lat' dir='ltr'>sunt</span> <span class='ocrx_word' id='word_1_561' title='bbox 1656 2530 1725 2567; x_wconf 89' lang='lat' dir='ltr'>post</span> <span class='ocrx_word' id='word_1_562' title='bbox 1746 2528 1804 2559; x_wconf 88' lang='lat' dir='ltr'>ho-</span> 
     </span>
     <span class='ocr_line' id='line_1_92' title="bbox 1032 2582 1803 2623; baseline 0 -10"><span class='ocrx_word' id='word_1_563' title='bbox 1032 2583 1127 2613; x_wconf 84' lang='lat' dir='ltr'>minis</span> <span class='ocrx_word' id='word_1_564' title='bbox 1147 2583 1282 2623; x_wconf 84' lang='lat' dir='ltr'>lapsum,</span> <span class='ocrx_word' id='word_1_565' title='bbox 1303 2592 1377 2623; x_wconf 82' lang='lat' dir='ltr'>quae</span> <span class='ocrx_word' id='word_1_566' title='bbox 1396 2592 1460 2613; x_wconf 92' lang='lat' dir='ltr'>non</span> <span class='ocrx_word' id='word_1_567' title='bbox 1475 2582 1613 2622; x_wconf 83' lang='lat' dir='ltr'>oportuit</span> <span class='ocrx_word' id='word_1_568' title='bbox 1631 2582 1701 2613; x_wconf 87' lang='lat' dir='ltr'>fieri</span> <span class='ocrx_word' id='word_1_569' title='bbox 1718 2585 1803 2621; x_wconf 86' lang='lat' dir='ltr'>ante,</span> 
     </span>
     <span class='ocr_line' id='line_1_93' title="bbox 1031 2635 1805 2677; baseline -0.003 -10"><span class='ocrx_word' id='word_1_570' title='bbox 1031 2637 1109 2677; x_wconf 88' lang='lat' dir='ltr'>quia</span> <span class='ocrx_word' id='word_1_571' title='bbox 1129 2637 1183 2668; x_wconf 88' lang='lat' dir='ltr'>Dei</span> <span class='ocrx_word' id='word_1_572' title='bbox 1200 2637 1351 2677; x_wconf 73' lang='lat' dir='ltr'>potentia,</span> <span class='ocrx_word' id='word_1_573' title='bbox 1368 2636 1519 2676; x_wconf 83' lang='lat' dir='ltr'>sapientia</span> <span class='ocrx_word' id='word_1_574' title='bbox 1539 2637 1571 2666; x_wconf 85' lang='lat' dir='ltr'>et</span> <span class='ocrx_word' id='word_1_575' title='bbox 1589 2635 1712 2666; x_wconf 84' lang='lat' dir='ltr'>bonitas</span> <span class='ocrx_word' id='word_1_576' title='bbox 1730 2635 1805 2666; x_wconf 86' lang='lat' dir='ltr'>satis</span> 
     </span>
     <span class='ocr_line' id='line_1_94' title="bbox 1033 2688 1802 2725; baseline 0 -7"><span class='ocrx_word' id='word_1_577' title='bbox 1033 2693 1104 2720; x_wconf 79' lang='lat' dir='ltr'>nota</span> <span class='ocrx_word' id='word_1_578' title='bbox 1124 2693 1214 2725; x_wconf 73' lang='lat' dir='ltr'>esset,</span> <span class='ocrx_word' id='word_1_579' title='bbox 1237 2692 1267 2720; x_wconf 85' lang='lat' dir='ltr'>et</span> <span class='ocrx_word' id='word_1_580' title='bbox 1285 2690 1359 2719; x_wconf 80' lang='lat' dir='ltr'>satis</span> <span class='ocrx_word' id='word_1_581' title='bbox 1378 2690 1409 2719; x_wconf 85' lang='lat' dir='ltr'>in</span> <span class='ocrx_word' id='word_1_582' title='bbox 1426 2689 1491 2720; x_wconf 79' lang='lat' dir='ltr'>suis</span> <span class='ocrx_word' id='word_1_583' title='bbox 1506 2688 1667 2719; x_wconf 84' lang='lat' dir='ltr'>effectibus</span> <span class='ocrx_word' id='word_1_584' title='bbox 1683 2688 1802 2719; x_wconf 88' lang='lat' dir='ltr'>reluce-</span> 
     </span>
    </p>
   </div>
  </div>
 </body>
</html>
