2017 2960
137 1475 168 1494 Aa
180 1480 229 1499 opp.

260 173 318 207 410

260 246 307 270 ses
322 240 351 269 ¹:
367 239 498 270 Douans
518 240 607 271 nobis
628 239 743 270 delicta
759 262 765 275 ,
783 240 811 269 ec
828 236 934 269 delens
948 236 1032 277 quod

261 291 429 325 adversum
453 300 511 323 nos
536 294 602 323 crac
629 290 871 330 clu'roqraplunn
900 290 1029 328 decreti,

261 345 345 385 quod
361 350 429 377 erat
443 345 637 377 contrarium
656 344 756 375 nobis.

301 398 378 429 Item
401 399 459 429 hoc
482 399 586 438 ipsum
606 398 733 428 videtur
757 397 942 428 auctoritate
964 398 1031 427 Au-

259 453 379 493 gustini
395 454 405 469 ¹
419 476 427 489 ,
452 462 549 491 quam
574 451 724 491 Magister
741 452 830 492 ponit
853 451 883 481 in
904 451 1005 481 littera
1021 462 1027 481 ι

264 516 277 531 α
294 504 375 534 Fuso
393 503 549 542 sanguine
563 503 628 533 sinc
645 503 748 543 culpa,
767 502 914 533 omnium
926 502 1031 542 culpa-

259 567 331 588 rum
348 557 559 596 chirographa
575 556 674 587 deleta
690 559 773 587 sunt.
791 569 804 584 n

299 610 377 640 Item
388 634 397 647 ‚
413 609 521 640 onmia
541 610 651 640 merita
674 612 705 640 ct
719 610 871 640 demerita
885 610 1030 641 scribun-

258 667 310 696 tur
326 666 442 705 ajusto
456 665 568 695 ,Iudice
582 689 589 702 ,
616 667 708 705 Juxta
724 665 799 695 illud
815 666 898 705 quod
917 666 1031 696 scribi-

259 720 311 748 tur
322 719 351 748 ⁸:
367 718 528 749 Peccatum
543 719 561 749 J
565 718 634 749 mloe
648 720 801 757 scriplum
819 722 862 750 est
875 719 958 758 stylo
974 720 1031 757 fer-

260 779 310 803 reo
326 772 361 802 in
378 780 481 811 unque
503 771 724 803 αιίαηιαηῐὶηο.
742 772 800 802 Sed
819 772 921 811 passio
938 772 1030 802 Chri-

259 824 296 854 sti
315 833 372 854 nos
388 824 533 855 liberavit
549 825 588 854 ab
607 825 653 854 ira
670 828 805 855 ventura
822 836 827 855 z
846 834 924 864 ergo
945 825 1027 856 dele-

258 877 304 906 vit
320 879 499 907 nostrarum
515 878 680 918 culparum
703 878 926 918 chirographa.

298 929 393 967 Item,
417 933 489 960 ante
513 930 688 961 adventum
710 931 824 962 Christi
847 933 940 962 etiam
961 942 1031 962 san-

257 983 296 1012 cti
311 985 414 1022 patres
428 984 541 1022 etjusti
553 984 776 1015 detinebantur
789 985 821 1014 in
835 985 932 1016 limbo
948 996 953 1015 z
971 986 1030 1016 hoc

257 1038 364 1066 autem
380 1045 445 1066 non
460 1039 526 1067 erat
541 1037 601 1067 nisi
617 1040 745 1077 propter
761 1041 922 1078 peccatum
939 1039 1027 1076 Adae,

256 1089 339 1129 quod
356 1093 558 1129 praecesserat
576 1101 582 1120 :
600 1100 677 1129 ergo
700 1094 862 1130 peccatum
878 1092 956 1122 illud
974 1093 1030 1123 ad-

256 1142 319 1173 huc
355 1143 539 1174 remanebat
565 1144 598 1174 in
628 1144 781 1175 memoria
814 1147 965 1184 tanquam
996 1146 1028 1175 in

257 1196 412 1235 scriptura
430 1208 435 1226 :
456 1197 509 1227 sed
537 1200 605 1236 post
627 1197 805 1236 passionem
830 1198 943 1228 Christi
964 1207 1028 1229 non

257 1248 480 1280 detinebantur
496 1261 502 1280 z
521 1259 598 1289 ergo
622 1250 748 1280 videtur
770 1250 855 1290 quod
873 1251 1029 1290 scriptura

256 1301 308 1332 illa
320 1326 328 1339 ,
344 1312 399 1342 per
415 1313 512 1342 quam
534 1303 663 1342 obligati
682 1304 820 1341 suerunt,
838 1304 938 1334 deleta
955 1305 1023 1335 fuit.

258 1355 359 1385 Restat
381 1366 458 1395 ergo
481 1358 565 1396 quod
588 1357 730 1387 Christus
752 1358 783 1387 iu
810 1358 955 1397 passione
970 1368 1028 1388 sna

255 1407 370 1438 delevit
399 1409 566 1448 culparum
592 1413 772 1440 nostrarum
802 1411 1025 1451 chirographa.

295 1460 354 1491 Sed
369 1464 478 1492 contra
489 1473 495 1492 :
508 1465 535 1492 1.
551 1462 663 1492 Adhuc
679 1466 752 1493 sunt
765 1463 870 1503 aliqua
887 1467 1022 1504 peccata,

255 1523 309 1553 per
334 1524 407 1554 quae
433 1515 577 1545 diabolus
601 1516 717 1545 detinet
744 1516 890 1547 homines
916 1518 967 1547 hic
995 1521 1024 1548 et

255 1568 284 1597 in
311 1569 418 1599 futuro
441 1570 478 1599 ad
504 1570 620 1600 luenda
646 1571 798 1610 supplicia
818 1583 823 1601 :
843 1580 922 1610 ergo
936 1572 961 1601 si
978 1575 1025 1602 te—

255 1625 371 1653 nentur
395 1626 522 1663 propter
550 1623 685 1663 alicujus
708 1625 810 1663 culpae
826 1626 1025 1664 memoriam,

254 1675 381 1705 videtur
409 1677 494 1715 quod
522 1686 577 1716 per
602 1677 779 1717 passionem
814 1678 927 1709 Christi
964 1689 1027 1710 non

254 1731 328 1758 sunt
342 1729 443 1760 deleta
459 1730 604 1760 omnium
619 1731 786 1770 culparum
799 1732 1024 1772 chirographa.

295 1784 324 1812 2.
343 1782 419 1813 Item
431 1807 440 1821 ‚
456 1783 556 1814 deleta
571 1787 645 1814 sunt
661 1785 829 1824 culparum
846 1788 1025 1816 nostrarum

255 1835 469 1876 chirographa
484 1846 539 1876 per
552 1837 728 1876 passionem
745 1838 857 1868 Christi
878 1850 883 1868 :
902 1839 1027 1869 videtur

255 1898 332 1928 ergo
347 1890 428 1929 quod
445 1891 648 1929 superfluunt
662 1892 770 1921 omnia
783 1892 843 1921 alia
859 1892 1000 1922 remedia
1017 1904 1021 1922 :

255 1942 338 1981 quod
355 1943 379 1971 si
395 1943 454 1972 hoc
468 1945 512 1972 est
528 1943 652 1981 falsum,
673 1946 778 1982 restat,
795 1948 852 1975 etc.

295 1997 324 2025 3.
342 1994 419 2025 Item
431 2020 438 2032 ‚
455 1997 678 2035 crucifigentes
705 1998 862 2028 Christum
877 2022 885 2035 ‚
903 2000 933 2028 et
953 2007 1026 2038 pas-

255 2048 376 2078 sionem
397 2050 464 2087 ejus
485 2053 705 2089 procurantes,
734 2051 765 2080 in
791 2051 859 2090 ipsa
882 2051 1027 2091 passione

255 2102 397 2141 graviter
426 2106 635 2142 peccaverunt
657 2114 663 2133 ε
692 2113 769 2143 ergo
808 2114 871 2134 non
900 2105 1025 2135 videtur

255 2156 339 2196 quod
364 2166 419 2196 per
441 2158 617 2196 passionem
641 2160 710 2197 ejus
725 2159 826 2189 deleta
840 2160 900 2189 sInt
916 2160 1026 2199 culpa-

256 2219 328 2239 rum
347 2212 526 2240 nostrarum
545 2212 767 2251 chirographa,
790 2213 842 2243 sed
858 2213 962 2252 potius
977 2213 1027 2243 in-

255 2262 371 2302 scripta
392 2265 421 2292 et
441 2265 598 2294 roborata.
614 2265 646 2294 Si
662 2267 695 2295 tu
710 2265 810 2303 dit-as,
827 2266 911 2305 qnod
927 2266 1027 2296 deleta

257 2316 384 2346 fuerunt
407 2318 563 2355 quantum
586 2317 623 2347 ad
647 2318 796 2348 meritum
826 2328 881 2357 per
908 2320 1026 2358 passio-

256 2378 350 2406 nem;
377 2371 484 2399 contra
510 2380 516 2399 z
540 2372 663 2400 tantum
690 2371 810 2401 malum
835 2372 894 2401 suit
913 2373 1027 2403 occisio

256 2421 386 2459 Christi,
404 2425 561 2461 quantum
584 2423 703 2453 bonum
728 2424 787 2454 suit
809 2425 873 2454 vita
888 2425 1001 2456 Christi
1018 2434 1024 2454 :

254 2484 332 2514 crgo
348 2475 468 2505 malitia
489 2475 699 2506 occidentium
726 2478 915 2516 aequabatur
939 2478 1027 2509 solu-

256 2528 332 2559 tioni
362 2529 478 2568 pretii:
497 2538 576 2568 ergo
601 2538 665 2561 non
689 2530 834 2569 videtur,
861 2531 945 2570 quod
970 2540 1027 2572 per

256 2581 433 2619 passionem
467 2581 583 2612 Christi
617 2583 713 2622 possit
741 2583 898 2623 scriptura
924 2584 1027 2625 culpae

255 2633 397 2672 ipsorum
411 2634 518 2665 deleri.

822 168 1132 201 SENTENTIARUM
1152 169 1225 201 LIB.
1252 168 1301 200 III.

1127 237 1155 266 li.
1195 235 1272 266 Item
1306 236 1553 278 chirographum
1589 239 1704 270 decreti
1727 241 1782 270 aut
1810 241 1856 270 est

1087 289 1180 329 culpa
1194 313 1201 327 ,
1220 291 1274 319 aut
1299 298 1393 329 poena
1415 301 1422 320 ε
1441 291 1466 321 si
1481 292 1590 333 culpa,
1611 301 1689 331 ergo
1712 292 1795 323 idem
1810 294 1856 323 est

1086 343 1189 375 delere
1204 343 1466 383 chirographum,
1481 348 1510 376 et
1523 347 1647 386 culpam
1661 356 1668 377 t
1681 355 1758 385 ergo
1773 345 1855 377 male

1086 397 1253 436 distinguit
1269 398 1437 437 Apostolus
1452 398 1534 430 inter
1546 400 1613 431 haec
1628 401 1701 437 dno,
1714 400 1852 430 dicens‘:

1087 451 1219 482 Domms
1236 450 1326 482 nobis
1340 451 1466 490 delicta,
1484 455 1512 484 ct
1527 452 1632 485 delens
1645 454 1730 493 quod
1745 454 1855 486 adver-

1085 512 1155 535 sum
1177 512 1233 536 nos
1250 507 1317 536 erac
1332 505 1599 545 clziroqrapluun;
1613 510 1638 536 si
1655 516 1758 546 poena,
1779 517 1853 538 con-

1085 559 1133 588 tra
1150 567 1157 587 :
1174 558 1424 598 chirographum
1447 559 1567 599 obligat
1584 571 1590 590 z
1607 560 1661 590 sed
1681 569 1776 600 poena
1790 570 1854 592 non

1085 611 1227 651 obligat:
1245 621 1322 651 ergo
1346 612 1472 643 videtur
1496 613 1580 652 quod
1605 613 1854 653 chirographum

1086 674 1148 696 non
1173 665 1268 705 possit
1290 667 1372 697 stare
1396 676 1452 706 pro
1475 676 1588 706 poena,
1605 667 1655 698 vel
1678 676 1735 706 pro
1750 667 1853 707 culpa.

1086 719 1119 750 Si
1140 728 1219 758 ergo
1243 720 1346 758 passio
1370 720 1482 750 Christi
1506 729 1569 750 non
1596 722 1642 751 est
1663 720 1723 750 nisi
1746 721 1855 751 contra

1085 773 1211 813 culpam
1223 797 1230 811 ,
1247 774 1298 804 vel
1316 776 1424 804 contra
1447 783 1589 814 poenam,
1608 783 1663 814 per
1679 774 1854 814 passionem

1085 826 1197 857 Christi
1215 836 1279 857 non
1296 828 1413 858 habent
1428 827 1523 859 deleri
1547 828 1712 868 culparum
1729 830 1855 859 nostra-

1085 889 1157 910 rum
1171 880 1392 920 chirographa.

1125 934 1153 962 5.
1168 932 1257 968 Item,
1267 933 1517 973 chirographum
1528 934 1603 964 illud
1613 936 1668 965 aut
1676 934 1854 965 habebatur

1085 995 1103 1015 a
1120 985 1193 1023 Deo,
1210 988 1265 1016 aut
1279 995 1297 1016 a
1310 986 1414 1023 nobis,
1430 989 1485 1016 aut
1500 996 1519 1016 a
1533 986 1658 1017 diabolo
1677 997 1683 1017 z
1705 987 1731 1017 si
1746 996 1764 1017 a
1779 987 1851 1025 Deo,

1085 1039 1212 1070 videtur
1244 1040 1329 1079 quod
1367 1040 1465 1070 deleri
1502 1049 1566 1070 non
1605 1042 1726 1080 poterat
1746 1064 1753 1078 ,
1779 1041 1854 1080 quia

1084 1100 1102 1120 a
1118 1090 1206 1120 nullo
1220 1092 1321 1130 potest
1337 1091 1482 1130 superari
1502 1091 1614 1122 divina
1631 1091 1755 1131 justitia
1766 1115 1774 1128 ‚
1796 1101 1854 1122 nec

1084 1143 1217 1183 infringi
1227 1144 1335 1175 divina
1343 1145 1514 1182 sententia,
1531 1145 1556 1175 si
1573 1154 1592 1175 a
1606 1144 1697 1175 nobis
1711 1144 1853 1176 habeba-

1084 1200 1147 1235 tur,
1164 1207 1243 1236 ergo
1258 1198 1386 1228 videtur
1401 1198 1485 1238 quod
1501 1207 1566 1229 non
1581 1200 1661 1229 esset
1684 1198 1852 1230 adversum

1084 1260 1140 1280 nos
1147 1261 1154 1287 ;
1167 1250 1192 1279 si
1205 1259 1224 1280 a
1239 1250 1364 1281 diabolo
1376 1275 1383 1289 ‚
1407 1252 1516 1281 contra
1539 1260 1546 1281 :
1568 1250 1712 1281 diabotus
1726 1251 1852 1289 nullum

1058 1295 1061 1297 ,
1079 1306 1133 1343 Jus
1148 1304 1337 1344 acquisierat
1363 1305 1396 1334 in
1418 1305 1510 1334 nobis
1533 1314 1540 1335 :
1558 1314 1635 1344 ergo
1656 1304 1781 1336 nullum
1797 1305 1852 1336 ad-

1084 1367 1212 1387 versum
1228 1367 1284 1387 nos
1297 1357 1432 1387 habebat
1447 1358 1711 1397 chirographum.

1123 1416 1152 1441 6.
1176 1411 1264 1448 Item,
1283 1411 1439 1451 quaeritur
1451 1412 1545 1451 Juxta
1560 1411 1621 1442 hoc
1631 1420 1703 1451 quae
1716 1406 1854 1443 sit'diffe-

1083 1464 1183 1494 rentia
1197 1465 1278 1494 inter
1293 1464 1543 1504 chirographum
1561 1464 1687 1502 decreti,
1706 1466 1737 1495 et
1751 1464 1853 1495 chiro-

1084 1517 1245 1557 graphum
1272 1517 1372 1557 culpae
1385 1542 1392 1555 ‚
1409 1526 1482 1547 cum
1503 1526 1568 1547 uno
1590 1517 1719 1548 nomine
1747 1516 1852 1547 nomi-

1083 1572 1135 1600 net
1164 1570 1386 1609 Augustinus,
1415 1572 1445 1600 et
1469 1570 1530 1600 alio
1555 1570 1683 1601 nomine
1711 1570 1853 1601 nominet

1083 1623 1265 1662 Apostolns;
1287 1626 1316 1653 et
1334 1632 1406 1663 quae
1420 1623 1461 1654 sit
1478 1623 1531 1654 illa
1551 1623 1716 1663 scriptura,
1733 1625 1764 1654 et
1778 1633 1854 1663 qua-

1082 1676 1152 1707 liter
1174 1686 1228 1716 per
1252 1677 1430 1716 passionem
1458 1677 1570 1707 Christi
1588 1677 1685 1708 affixa
1699 1677 1739 1708 sit
1753 1677 1850 1708 cruci.

1349 1773 1574 1805 CONCLUSIO.

1084 1837 1205 1864 Christus
1224 1845 1273 1872 per
1292 1838 1441 1872 passionem
1460 1845 1535 1863 suam
1556 1837 1653 1864 delevit
1674 1838 1852 1874 chiroflrapha

1117 1882 1257 1916 rulparum
1269 1902 1275 1914 ‚
1290 1883 1354 1916 quia
1371 1890 1420 1916 per
1437 1882 1588 1916 passionem
1605 1890 1680 1908 suam
1695 1884 1852 1918 impetravit

1117 1927 1294 1952 remissionem
1309 1927 1448 1960 culparum
1463 1926 1554 1959 quoad
1565 1927 1698 1953 maculam
1708 1946 1716 1958 ,
1730 1928 1753 1953 et
1767 1927 1855 1961 quoad

1118 1973 1233 1997 reatum.

1122 2049 1213 2089 Resp.
1231 2049 1269 2080 ad
1282 2058 1354 2089 arg.
1371 2049 1416 2079 Ad
1434 2049 1659 2089 praedictorum
1671 2049 1852 2090 intelligen-

1081 2103 1158 2134 tiam
1173 2106 1219 2134 est
1233 2103 1419 2141 notandum,
1436 2103 1521 2143 quod
1536 2112 1640 2134 sermo
1655 2103 1712 2134 iste
1728 2106 1773 2134 est
1790 2112 1850 2134 me-

1082 2157 1274 2197 taphoricus,
1291 2165 1354 2196 quo
1367 2156 1490 2195 dicitur,
1507 2165 1564 2196 per
1578 2157 1758 2197 passionem
1769 2155 1853 2187 Chri-

1082 2211 1121 2241 sti
1148 2210 1244 2241 deleri
1273 2209 1487 2249 chirographa
1519 2209 1696 2249 culparum.
1734 2209 1851 2239 Dicitur

1081 2264 1167 2295 enim
1180 2263 1428 2302 chirographum
1444 2272 1462 2293 a
1477 2262 1579 2293 chiros
1593 2265 1615 2297 ³,
1633 2262 1717 2302 quod
1727 2263 1772 2293 est
1786 2270 1845 2293 ma-

1082 2325 1154 2354 nus,
1171 2319 1201 2347 et
1216 2316 1351 2356 graphia
1363 2316 1384 2354 ⁶,
1400 2316 1485 2355 quod
1509 2317 1556 2346 est
1573 2316 1746 2355 scriptura,
1760 2315 1851 2355 quasi

1082 2370 1239 2409 scrimura
1263 2378 1361 2399 manu
1384 2369 1475 2399 facta.
1503 2367 1579 2405 Quae
1598 2371 1704 2399 autem
1720 2368 1851 2399 sitscri—

1083 2426 1188 2463 ptura,
1216 2432 1289 2462 quae
1314 2423 1430 2453 dicitur
1455 2421 1705 2461 chirographum
1725 2422 1851 2461 decreti,

1082 2479 1113 2507 et
1125 2475 1376 2515 chirographum
1394 2474 1508 2513 culpae,
1524 2474 1737 2506 diversimode
1753 2477 1854 2516 potest

1117 2575 1122 2589 ¹
1134 2574 1267 2601 Caloss.,1i‚
1278 2574 1314 2596 14.
1323 2585 1350 2589 ——
1358 2571 1608 2603 ’Aug-,depeccalor
1619 2573 1701 2597 merit.
1710 2575 1733 2597 et
1744 2573 1851 2601 remiss..

1081 2610 1124 2634 tib.
1143 2611 1171 2637 ΙΙ,
1184 2617 1205 2633 c.
1224 2615 1286 2636 xxx,
1302 2615 1328 2632 n.
1345 2609 1382 2632 40.
1394 2621 1421 2625 —
1432 2608 1441 2624 ³
1451 2609 1552 2638 der-em„
1567 2614 1631 2639 xvn,
1645 2611 1666 2633 ¹.
1680 2622 1710 2628 —
1723 2608 1732 2625 ⁴
1748 2608 1852 2639 Coloss„

1084 2652 1112 2677 11,
1127 2646 1224 2670 iti-²·
1240 2646 1300 2675 χεὶρ,
1319 2645 1404 2675 χειρὸς,
1419 2657 1449 2661 -
1459 2645 1467 2659 ὓ
1479 2645 1566 2676 γραφὴ.

1898 2224 1971 2245 Chiro-

1867 2256 1972 2282 graphum

1866 2287 1921 2307 unde
1941 2287 1973 2307 di-

1865 2320 1931 2339 catur.
