2017 2960
596 149 785 181 DISTINCT.
808 148 914 180 XXIV.
937 148 1031 180 ART.
1056 148 1109 180 111.
1133 147 1285 186 QUAEST.
1309 147 1346 178 ll.

159 218 193 249 in
207 218 320 258 ipsam.
335 228 350 246 n
363 217 402 248 Et
412 217 488 256 quia
502 217 541 248 ad
552 219 726 257 utrumque
739 217 846 247 actum
854 224 938 246 com-

159 276 291 314 paratur
306 273 339 303 in
346 272 468 303 ratione
482 273 605 311 motivi,
618 272 693 303 hinc
701 273 748 303 est
757 270 842 312 quod
852 278 936 310 prae-

159 326 241 358 dicta
264 325 410 357 diffinitio
435 326 642 365 intelligenda
663 327 709 356 est
730 324 799 356 dari
824 332 936 354 secun-

158 379 236 410 dum
251 378 508 418 praedicationem
517 379 687 417 causalem,
703 380 739 409 ut
752 378 791 408 sit
804 386 935 408 sensus:

157 431 318 463 Articulus
333 433 380 462 est
394 432 566 472 perceptio,
578 435 650 471 etc.‚
666 432 698 463 id
713 433 771 469 est,
784 430 938 462 articulus

144 517 147 519 ,
158 487 204 515 est
218 485 297 515 iliud
310 485 395 525 quod
410 485 571 517 illuminat
581 495 639 518 nos
649 486 689 517 ad
701 486 844 517 divinam
856 484 938 516 veri-

156 540 254 569 tatem
274 539 523 579 percipiendam,
543 542 574 571 et
593 540 680 580 quod
695 539 810 571 excitat
824 547 881 569 nos
897 538 936 569 ad

156 591 352 623 tendendum
367 592 399 622 in
416 593 528 632 ipsam.
544 592 632 624 Unde
647 593 762 623 dicitur
777 592 936 632 perceptio

156 645 300 684 tendens,
316 645 393 685 quia
407 645 481 676 facit
497 655 554 676 nos
568 646 729 686 percipere
751 647 781 676 et
794 645 933 682 tendere,

157 700 188 730 et
201 701 308 730 movet
321 708 380 730 nos
393 699 431 730 ad
447 699 698 740 percipiendum,
711 699 790 730 etad
806 698 937 730 tenden-

156 751 245 783 dum.
260 752 299 783 Et
314 761 369 792 per
382 752 442 783 hoc
457 754 542 792 patet
557 753 720 792 responsio
735 753 800 783 fere
814 752 853 783 ad
869 761 935 783 om-

154 805 210 835 nia
226 805 279 844 (a),
296 813 370 844 quae
384 804 592 845 objiciuntur.

196 861 226 890 1.
241 859 290 889 Ad
316 858 396 889 illud
422 858 510 889 enim
531 859 617 899 quod
639 859 744 899 primo
773 859 932 899 objicitur,

153 912 240 952 quod
253 911 341 942 nulla
358 912 476 942 veritas
494 914 541 942 est
569 921 626 942 sua
652 913 823 952 percepti0‚
849 913 936 952 patet

154 965 317 1004 responsio
326 975 333 995 z
342 965 420 1004 quia
426 974 540 996 verum
546 967 593 996 est
602 966 824 1005 praedicatione
832 974 935 996 essen-

154 1017 222 1049 tiali
232 1018 297 1055 3sed
308 1027 373 1048 non
384 1020 430 1048 est
440 1027 554 1049 verum
563 1019 789 1058 praedicatione
801 1018 931 1062 causali.

194 1074 213 1102 Ξ).
228 1074 257 1102 et
271 1073 300 1101 3.
317 1072 365 1102 Ad
380 1072 460 1102 illud
475 1072 561 1111 quod
575 1073 736 1112 objicitur,
754 1073 839 1113 quod
856 1073 933 1103 fides

154 1128 200 1156 est
211 1126 380 1165 perceptio,
392 1129 421 1156 et
430 1126 525 1156 etiam
536 1127 616 1157 visio
627 1127 751 1165 gloriae,
764 1127 932 1157 dicendum

154 1179 240 1218 quod
249 1187 314 1209 non
326 1181 372 1209 est
385 1179 499 1216 simile,
516 1180 593 1219 quia
606 1180 683 1210 illud
697 1179 810 1210 dicitur
820 1180 933 1219 praedi-

154 1232 276 1262 catione
284 1231 424 1270 formali,
434 1232 489 1262 sed
499 1232 575 1262 illud
585 1233 701 1263 dicitur
709 1233 932 1272 praedicatione

154 1285 272 1315 causali
291 1285 393 1315 :fides
418 1285 504 1315 enim
528 1287 559 1316 et
580 1285 662 1316 visio
689 1288 735 1316 est
758 1286 930 1326 perceptio,

151 1338 235 1368 sicut
257 1338 387 1369 habitus
410 1338 631 1378 perceptivus;
648 1339 703 1370 sed
719 1339 874 1370 articulus
886 1341 932 1370 est

153 1391 324 1431 perceptio,
341 1391 424 1422 sicut
440 1391 603 1432 objectum
625 1391 784 1422 motivum
802 1392 932 1423 virtutis

152 1444 366 1484 percipientis.
394 1443 503 1475 Posset
525 1445 621 1475 etiam
647 1445 707 1476 dici
735 1445 822 1486 quod
850 1446 932 1476 sicut

151 1496 331 1528 intellectus
362 1497 535 1537 aliquando
569 1498 714 1528 nominat
744 1499 929 1538 potentiam,

152 1550 324 1590 aliquando
344 1550 491 1582 habitum
503 1574 512 1588 ‚
529 1550 701 1591 aliquando
725 1554 833 1582 actum
844 1575 854 1590 ,
870 1552 928 1583 ali-

152 1603 282 1644 quando
297 1604 458 1644 objectum
470 1628 478 1642 ,
500 1604 583 1635 sicut
599 1605 805 1635 manifestum
828 1607 875 1636 est
896 1606 931 1636 in

151 1656 286 1688 diversis
310 1657 551 1688 auctoritatibus
572 1668 580 1695 ;
607 1658 652 1688 sic
677 1660 707 1688 et
722 1659 931 1698 perceptionis

151 1718 270 1741 nomen
295 1712 396 1750 potest
417 1709 545 1741 extendi
568 1711 608 1741 ad
630 1710 793 1749 habitum,
809 1714 928 1750 actum,

152 1765 183 1795 et
196 1763 369 1804 objectum.
386 1762 459 1794 Ideo
473 1763 564 1794 aliter
574 1764 691 1795 dicitur
705 1763 743 1795 de
754 1765 827 1803 fide,
839 1765 930 1797 aliter

152 1816 190 1847 de
205 1817 350 1848 articulo.

192 1871 221 1900 4.
240 1869 288 1900 Ad
303 1869 382 1901 illud
396 1870 485 1909 quod
504 1870 672 1910 objicitur,
694 1871 782 1911 quod
803 1871 929 1903 articuli

151 1933 217 1955 non
229 1926 354 1954 tantum
369 1925 513 1964 spectant
526 1924 565 1955 ad
580 1924 759 1962 veritatem,
769 1926 823 1956 sed
833 1926 929 1957 etiam

152 1977 192 2008 ad
208 1977 401 2016 bonitatem
417 1986 476 2009 nec
497 1980 624 2009 tantum
642 1978 682 2009 ad
698 1978 864 2009 veritatem
881 1979 929 2010 di-

152 2031 273 2069 vinam,
294 2030 349 2062 sed
372 2031 469 2063 etiam
487 2032 527 2063 ad
541 2031 740 2070 humanam3
757 2032 928 2064 dicendum

152 2084 238 2124 quod
262 2084 320 2115 etsi
341 2084 495 2116 articulus
519 2088 687 2116 concernat
711 2085 818 2126 aliquo
833 2086 928 2117 modo

186 2162 217 2191 (a)
235 2161 294 2185 Caet.
307 2162 369 2185 edit.
382 2162 440 2186 add.
460 2162 568 2193 objecta.
582 2177 611 2180 —
629 2163 657 2193 ’ῤ’
673 2163 738 2186 deest
759 2164 882 2194 quamvis.
898 2177 928 2182 —

155 2197 182 2227 (c)
197 2197 293 2221 tendat.
308 2210 334 2214 —-
353 2197 387 2228 (d)
402 2198 523 2222 habilem.

1711 154 1768 184 537

994 216 1128 255 honum,
1154 218 1323 247 concernat
1344 216 1439 246 etiam
1463 216 1582 256 aliquid
1613 220 1767 258 creatum,

994 270 1170 301 secundum
1190 269 1268 300 illud
1291 271 1399 300 tamen
1420 278 1484 300 non
1503 269 1599 301 habet
1613 271 1768 303 rationem

994 324 1107 355 motivi
1120 335 1128 362 ;
1145 324 1200 355 sed
1212 333 1250 355 eo
1268 324 1336 364 ipso
1355 324 1441 364 quod
1463 323 1559 355 habet
1576 324 1611 355 in
1625 334 1658 355 se
1672 326 1769 356 ratio-

994 385 1068 407 nem
1085 377 1168 416 veri,
1194 379 1224 408 et
1242 377 1311 408 veri
1326 377 1461 415 summi,
1482 378 1535 408 cui
1550 378 1627 409 fides
1641 380 1769 419 propter

993 436 1026 458 se
1038 451 1046 465 ,
1067 430 1097 458 et
1111 436 1206 468 super
1220 429 1329 459 omnia
1343 429 1474 460 assentit
1492 440 1499 460 :
1515 431 1546 460 et
1561 429 1636 469 quia
1650 429 1769 461 diffini-

991 482 1047 511 tur
1067 481 1119 511 hic
1140 481 1293 512 articulus
1318 482 1351 512 in
1375 485 1534 522 quantum
1559 485 1606 514 est
1628 484 1769 515 motivus

992 534 1077 572 fidei,
1094 534 1165 565 ideo
1185 534 1302 565 sufficit
1317 537 1448 574 tangere
1467 536 1520 567 hic
1534 537 1566 567 in
1582 538 1652 577 ejus
1666 537 1769 567 notiti-

992 587 1116 619 catione
1130 588 1298 618 veritatem
1311 588 1467 627 divinam,
1484 599 1502 620 a
1520 599 1584 630 qua
1599 592 1645 621 est
1658 592 1724 621 tota
1738 592 1769 621 et

991 641 1173 682 principalis
1187 641 1268 672 ratio
1283 642 1355 672 fidei
1371 644 1403 673 et
1417 643 1574 674 credendi.

1033 697 1062 725 5.
1088 695 1138 726 Ad
1161 695 1238 725 illud
1259 695 1347 735 quod
1370 695 1520 736 objicitur
1541 696 1580 727 de
1594 697 1767 738 tendentia,

991 752 1076 788 patet
1087 749 1261 789 responsio,
1278 749 1353 788 quia
1367 749 1549 789 praedicatio
1565 750 1619 780 illa
1632 751 1767 781 causali-

990 804 1039 832 ter
1059 804 1106 832 est
1127 802 1346 841 intelligenda.
1370 802 1533 833 Articulus
1553 804 1642 834 enim
1655 805 1768 834 termi-

992 855 1096 886 nando
1112 855 1184 886 facit
1195 855 1324 886 tendere
1337 864 1344 885 :
1357 856 1507 886 terminat
1518 857 1604 887 enim
1619 857 1653 887 in
1666 865 1769 897 quan-

990 912 1060 940 tuni
1084 909 1172 947 finis⁷
1191 911 1223 939 et
1235 911 1344 939 movet
1358 909 1391 939 in
1408 911 1565 949 quantum
1580 911 1742 951 objectum
1758 922 1766 944 ε

990 964 1021 993 et
1035 963 1105 993 ideo
1115 963 1188 993 facit
1202 963 1341 994 tendere.

1031 1018 1060 1046 6.
1081 1016 1129 1046 Ad
1152 1016 1230 1046 illud
1254 1017 1339 1056 quod
1362 1017 1511 1057 objicitur
1526 1017 1565 1049 de
1586 1018 1648 1049 fide
1664 1019 1767 1050 malo—-

989 1078 1075 1106 rum,
1085 1069 1254 1100 dicendum
1261 1070 1344 1110 quod
1352 1070 1403 1101 hic
1411 1071 1567 1102 diffinitur
1574 1072 1727 1103 articulus
1734 1073 1768 1104 in

989 1123 1225 1163 comparatione
1236 1123 1273 1153 ad
1286 1123 1382 1154 fidem
1390 1124 1559 1155 formatam
1573 1136 1579 1156 :
1592 1125 1664 1157 licet
1672 1127 1767 1157 etiam

989 1176 1066 1206 fides
1089 1177 1266 1214 malorum,
1292 1178 1442 1216 quamvis
1466 1178 1501 1217 (b)
1519 1178 1552 1207 in
1573 1178 1674 1210 Deum
1694 1183 1768 1211 actu

988 1239 1053 1260 non
1067 1230 1195 1260 tendant
1214 1232 1260 1267 tei,
1275 1233 1384 1261 tamen
1398 1231 1501 1261 reddit
1516 1231 1657 1271 quodam
1673 1234 1767 1264 modo

986 1283 1108 1314 habiles
1125 1283 1165 1323 td)
1182 1284 1221 1314 ad
1236 1284 1442 1322 tendendum,
1459 1285 1530 1315 licet
1547 1286 1731 1325 semIplene.

1028 1340 1057 1368 ἴ.
1073 1337 1122 1369 Ad
1137 1337 1215 1368 illud
1229 1338 1315 1378 quod
1334 1338 1494 1378 objicitur,
1519 1339 1605 1379 quod
1628 1340 1768 1379 cognitio

987 1391 1254 1431 philosophorum
1274 1393 1341 1422 erat
1360 1392 1520 1432 perceptio
1540 1402 1613 1423 cum
1633 1393 1768 1425 tenden-

987 1445 1030 1475 tia
1042 1469 1050 1483 ,
1067 1445 1237 1476 dicendum
1261 1445 1348 1485 quod
1368 1454 1434 1476 non
1455 1448 1523 1477 erat
1541 1446 1594 1476 illa
1609 1446 1769 1478 tendentia

987 1505 1060 1536 quae
1074 1499 1176 1527 estex
1192 1497 1253 1527 fide
1276 1506 1283 1527 :
1303 1505 1473 1537 nunquam
1494 1498 1581 1528 enim
1604 1507 1661 1539 per
1681 1498 1769 1530 illam

987 1549 1203 1589 cognitionem
1215 1552 1359 1589 poterant
1375 1551 1544 1590 pervenire
1557 1551 1596 1582 ad
1611 1551 1766 1583 salutem:

986 1603 1068 1641 ideo,
1092 1606 1128 1634 ut
1151 1604 1261 1634 verius
1285 1604 1470 1644 loquamur,
1488 1605 1594 1644 potius
1605 1605 1766 1645 jacebant,

986 1666 1083 1697 quam
1099 1656 1282 1688 tendebant.

1027 1714 1055 1741 8.
1073 1710 1120 1741 Ad
1136 1710 1214 1741 illud
1230 1711 1315 1750 quod
1328 1710 1489 1750 objicitur,
1508 1711 1593 1751 quod
1608 1712 1706 1743 unius
1720 1713 1767 1744 rei

986 1764 1081 1794 unica
1101 1766 1147 1794 est
1163 1763 1312 1794 diffinitio
1324 1788 1333 1801 ,
1350 1764 1520 1795 dicendum
1543 1765 1628 1804 quod
1653 1774 1768 1797 verum

985 1820 1031 1848 est
1066 1817 1243 1848 secundum
1278 1817 1407 1847 unicam
1438 1818 1709 1858 comparationem
1736 1821 1768 1850 et

985 1870 1290 1908 considerationem3
1314 1871 1366 1901 sed
1390 1871 1567 1902 secundum
1596 1872 1682 1911 quod
1705 1873 1766 1904 ali-

984 1924 1061 1963 quid
1081 1924 1298 1964 multipliciter
1316 1924 1411 1955 habet
1433 1924 1637 1963 considerari,
1655 1926 1768 1957 multi-

984 1977 1106 2016 pliciter
1127 1977 1224 2008 habet
1249 1977 1406 2007 notificari
1424 1988 1430 2008 t
1447 1978 1518 2009 ideo
1536 1977 1714 2010 Richardus
1736 1983 1767 2012 et

985 2030 1126 2061 Isidorus
1152 2030 1363 2061 diversimode
1395 2031 1663 2071 notificaverunt,
1690 2034 1767 2074 quia

984 2082 1196 2114 diversimode
1233 2084 1517 2116 consideraverunt
1557 2096 1564 2116 :
1599 2086 1766 2118 diversitas

984 2136 1092 2165 autem
1115 2143 1227 2166 eorum
1256 2136 1316 2166 fuit
1337 2137 1497 2176 quantum
1521 2136 1559 2167 ad
1586 2137 1664 2174 tria,
1683 2137 1764 2170 sicut

983 2190 1147 2220 ostensum
1160 2192 1206 2220 est
1217 2199 1326 2230 supra.
