2017 2960
194 167 249 194 514
755 164 1063 197 SENTENTIARUM
1086 165 1158 196 LIB.
1181 165 1233 196 111.

381 251 585 284 Exposuit)
607 251 768 283 TEXTUS.

208 315 251 339 Hic
266 316 395 348 quaeritur,
407 324 438 341 an
453 318 513 341 tides
525 318 622 341 tantum
637 317 666 340 de
680 323 730 340 non
747 316 808 340 visis
822 316 868 346 sit,
885 318 932 340 etc.

229 389 330 430 Supra
346 392 409 430 egit
437 392 583 429 Magister
602 391 639 420 de
664 390 723 420 side
742 393 898 429 quantum
917 391 956 421 ad

189 444 257 482 ejus
283 446 462 480 essentiatum
494 445 525 473 in
557 444 615 473 hac
648 445 735 482 parte
767 443 832 481 agit
857 442 894 472 de
921 452 956 473 ea

188 500 344 535 quantum
364 496 400 525 ad
429 497 499 535 ojus
524 496 683 534 objectum
712 498 742 526 et
768 496 952 526 materiam:

188 549 270 578 unde
286 549 416 587 inquirit
431 552 538 579 utrum
556 549 630 578 tides
645 549 683 578 sit
698 549 734 579 de
749 549 798 578 his
814 558 886 587 qua}
905 558 955 578 so-

187 601 252 631 lum
268 604 339 631 sunt
355 610 451 640 supra
468 604 608 631 nostram
620 601 846 639 cognitionem,
862 611 903 631 an
918 601 955 632 de

185 654 236 685 his
262 664 333 694 qua·
349 657 423 685 sunt
438 657 561 686 naturae
589 656 779 694 cognitionis
803 656 953 693 subjecta.

187 708 221 738 Et
252 709 404 748 quoniam
432 709 551 749 duplex
577 711 623 739 est
644 710 795 748 cognitio,
812 709 956 740 videlicet

185 762 346 799 sensitiva,
365 764 395 792 et.
412 762 602 792 intellectiva
618 773 624 799 ;
642 763 711 792 ideo
725 762 862 801 parsista
873 763 955 792 divi-

150 812 155 818 '
185 814 270 844 ditur
284 815 315 844 in
344 815 421 844 duas
442 818 556 853 partim,
581 815 613 844 111
636 824 773 854 quarum
791 815 892 854 prima
905 815 954 845 in-

185 867 279 906 quirit
307 866 466 905 Magister,
483 869 593 897 utrum
610 867 686 897 tides
707 868 746 897 sit
766 867 804 897 de
820 867 868 897 his
882 877 955 906 quae

185 929 279 950 sensu
291 920 519 959 percipiuntur3
538 920 569 949 in
583 920 731 958 secunda,
746 922 854 950 utrum
864 921 902 950 sit
917 921 955 952 de

184 973 234 1002 his
249 982 322 1012 qua}
349 972 509 1003 intellectu
527 976 773 1012 cognoscuntur,
800 973 842 1003 ibi
860 984 866 1003 :
885 974 955 1006 Post

185 1026 248 1056 liceo
264 1027 366 1065 qmerc'
381 1025 467 1063 sulec,
479 1035 550 1057 cum
566 1026 655 1065 fides,
672 1029 730 1057 etc.
754 1026 859 1057 Prima
882 1035 955 1066 pars

184 1079 336 1109 dividitur
362 1079 395 1109 in
418 1082 481 1109 tres
503 1082 618 1119 partes,
642 1080 674 1110 in
702 1089 839 1119 quarum
853 1080 956 1119 prima

185 1134 291 1162 movet
306 1132 511 1172 principalem
522 1133 741 1172 quaestionem,
755 1134 955 1172 subiungens

184 1185 497 1223 deterniinationcn1;
523 1186 556 1215 in
572 1186 709 1216 secunda
726 1195 801 1216 vero
818 1187 957 1226 epilogat

184 1238 223 1268 ad
240 1238 470 1268 removendum
493 1239 684 1269 incidentem
712 1239 954 1277 dubitationem,

184 1291 226 1321 ilii
245 1300 252 1321 :
268 1292 320 1322 Er
335 1291 384 1322 liis
397 1294 501 1330 aperte
516 1291 724 1331 intelliqitm·,
740 1294 818 1329 etc.;
847 1292 879 1321 in
893 1295 954 1322 ter-

184 1344 227 1374 tia
242 1353 317 1374 vero
333 1345 543 1383 exemplificat
558 1345 590 1374 in
606 1345 731 1383 speciali
745 1345 783 1375 ad
801 1346 955 1383 maj0rem

185 1396 451 1435 explanationem,
463 1397 505 1426 ibi
523 1407 530 1427 ι
548 1399 584 1429 δι’
599 1405 668 1429 vero
683 1399 956 1437 qmerztzwtaetremz

185 1449 306 1487 Petrus,
337 1453 395 1480 etc.
425 1450 569 1481 Secunda
598 1460 673 1482 vero
688 1461 760 1490 pars
775 1451 956 1491 principalis

183 1504 284 1542 potest
298 1502 394 1533 dividi
406 1503 438 1533 in
452 1505 514 1534 tres
530 1506 644 1543 partes⁷
655 1504 687 1534 in
698 1513 834 1543 quarum
850 1504 955 1543 prima

184 1558 290 1585 movet
319 1556 540 1595 quaestionem,
571 1559 602 1588 et
621 1557 826 1595 determinat3
851 1557 883 1587 in
907 1567 956 1588 se-

183 1608 298 1646 cunda,
315 1610 499 1640 auctoritate
513 1610 687 1649 Augustini
702 1611 877 1649 confirmat,
895 1610 953 1641 ibi:

190 1660 225 1692 Ut
241 1662 289 1693 (ιίί
306 1663 517 1700 Aityuslz'nnffl
531 1663 561 1693 111
576 1663 668 1693 tertia
675 1672 750 1694 vero
762 1663 844 1693 elicit
857 1673 956 1703 quan-

183 1713 256 1744 dam
269 1714 455 1745 divisionem
469 1716 550 1746 circa
565 1716 631 1755 ipsa
642 1716 812 1755 credibilia,
825 1717 869 1746 ibi
883 1726 890 1747 2
903 1717 957 1748 Ex

183 1767 235 1799 his
252 1772 383 1808 apparet
398 1769 509 1809 aliqua
521 1769 618 1807 credi,
630 1778 700 1809 (chae
711 1777 774 1802 non
793 1770 954 1803 videntur.

513 1864 581 1886 DUE.
605 1864 626 1886 I.

214 1916 276 1940 Hoec
291 1918 329 1940 est
343 1915 397 1940 laus
412 1916 488 1947 fidei,
503 1917 524 1941 si
537 1917 606 1948 quod
621 1917 740 1946 ereditur,
754 1924 807 1942 non
823 1917 930 1942 videtur.

224 1979 357 2011 Contra:
374 1980 484 2011 Carere
499 1981 619 2011 lumine
634 1981 738 2021 potius
754 1984 800 2012 est
820 1981 858 2012 ad
871 1982 956 2012 vitn-

184 2034 319 2073 perium,
349 2043 447 2073 quam
471 2035 509 2065 ad
524 2035 660 2072 laudem,
683 2035 857 2065 secundum
878 2035 956 2066 illud

183 2085 298 2117 Psalmi
313 2087 321 2103 ¹
340 2096 348 2117 :
378 2088 474 2118 Homo
496 2097 566 2119 cum
591 2089 627 2119 in
653 2088 769 2120 honore
785 2091 872 2125 esset,
893 2096 956 2119 non

184 2139 342 2172 inlelleaeic
350 2150 363 2179 ;
377 2148 440 2171 com
443 2144 578 2179 lacn-atus
591 2144 645 2178 esc,
664 2143 721 2171 etc.
734 2141 818 2179 Ergo
831 2141 956 2172 videtur

183 2193 266 2232 quod
281 2193 416 2232 privatio
445 2194 573 2224 visionis
590 2194 692 2233 potius
716 2193 817 2224 reddit
830 2193 957 2233 vitupe-

181 2245 326 2282 rabilem,
345 2255 441 2285 quam
456 2246 752 2277 commendabilem.
770 2246 858 2284 Item,
875 2246 901 2276 si
922 2246 955 2277 in

181 2297 241 2328 hoc
256 2299 397 2329 consistit
410 2299 478 2330 laus
489 2300 572 2337 fidei,
589 2300 663 2339 quia
679 2300 776 2330 credit
791 2299 875 2338 quod
889 2308 954 2330 non

181 2353 276 2390 videt;
296 2363 370 2384 cum
385 2354 417 2385 iu
431 2354 533 2393 gloria
546 2355 624 2385 nihil
634 2354 792 2390 credatur,
804 2354 864 2384 nisi
875 2353 953 2384 illud

180 2406 264 2444 quod
281 2407 421 2444 videtur,
453 2408 578 2439 videtur
597 2408 681 2447 quod
701 2407 889 2437 laudabiliOr
914 2407 954 2437 sit

180 2458 258 2488 tides
284 2459 317 2489 in
340 2460 403 2496 via,
428 2469 525 2499 quam
541 2460 643 2499 gloria
658 2460 691 2490 in
716 2460 841 2499 patria:
868 2459 952 2499 quod

180 2511 353 2542 absurdum
368 2515 412 2543 ost
427 2514 539 2544 dicore.
558 2513 647 2550 item,
673 2513 697 2542 si
713 2513 746 2543 in
760 2513 820 2543 hoc
835 2512 953 2543 consis-

213 2592 268 2614 ¹1¹>ae
284 2599 374 2621 11111,
396 2597 430 2622 ,4,
446 2595 457 2615 -2
479 2607 524 2616 ,—
536 2593 845 2623 ²Ang„2¹71Jmm.,tract.
862 2597 950 2621 cmix,

179 2631 203 2645 n.
222 2628 242 2647 l.
258 2639 287 2643 —
299 2628 308 2641 3
323 2630 409 2658 Aust„
426 2630 529 2657 rusleta,
545 2628 586 2651 lib.
610 2630 630 2657 l,
646 2629 714 2651 cont.
731 2633 749 2650 1.

1012 231 1050 262 tit
1059 231 1128 262 laus
1142 232 1226 268 fidei,
1242 232 1317 271 quia
1329 233 1426 263 credit
1439 234 1524 274 quod
1538 243 1602 265 non
1618 234 1718 272 videt3
1729 235 1782 265 sed

1013 284 1117 315 omnis
1130 284 1185 324 qui
1200 284 1294 315 stulto
1309 286 1340 315 et
1353 285 1430 317 falso
1456 287 1569 325 credid,
1587 287 1684 318 credit
1697 287 1782 327 quod

1014 345 1078 367 non
1091 337 1174 368 videt
1191 348 1196 367 :
1211 346 1288 377 ergo
1301 338 1356 378 qui
1371 338 1464 369 stulte
1481 340 1588 377 credit,
1607 339 1784 371 laudandus

1013 392 1070 421 cst.

1054 442 1144 482 Rcsp.
1162 442 1333 474 Dicendum
1345 444 1429 482 quod
1445 444 1578 483 privatio
1593 445 1784 477 visionis'fa-

1013 495 1055 525 cit
1070 496 1108 525 ad
1124 496 1251 526 laudem
1279 496 1485 535 credulitatis,
1500 499 1727 537 praesupposita
1739 501 1783 530 ta-

1012 557 1085 578 men
1100 549 1286 579 rectitudine
1302 549 1335 579 111
1357 549 1424 588 ipsa
1450 549 1632 580 credulitate
1650 561 1657 580 z
1674 553 1704 581 et
1724 551 1784 582 1100

1012 611 1051 632 ex
1066 602 1182 641 duplici
1206 612 1302 633 causa
1320 614 1325 634 :
1353 603 1473 642 primoj,
1491 606 1618 643 propter
1631 604 1783 636 humilia·

1012 655 1132 685 tionem
1146 657 1176 685 et
1190 655 1437 695 captivationem
1452 656 1639 694 intellectus,
1651 666 1723 696 quae
1733 656 1785 688 ad-

1012 708 1143 739 modum
1158 713 1202 738 est
1218 709 1384 747 laudanda,
1402 709 1637 749 sicutsuperbia
1648 709 1785 740 intellec-

1013 762 1063 791 tus
1078 763 1123 791 est
1139 761 1366 801 vituperanda3
1383 762 1532 800 secundo,
1546 762 1622 801 qnia
1636 762 1706 793 talis
1716 771 1785 793 cre-

1011 813 1125 843 dulitas
1141 815 1187 843 est
1212 823 1230 844 a
1246 823 1334 844 mera
1352 814 1528 852 voluntate,
1544 824 1609 845 non
1624 816 1662 846 ab
1678 815 1784 855 aliqua

1011 867 1205 897 necessitate.
1237 867 1350 897 Nullus
1386 868 1471 898 enim
1500 868 1624 907 cogitur
1658 869 1785 900 credere

1011 919 1094 958 quod
1124 929 1188 949 non
1217 920 1313 957 videt,
1345 920 1421 959 quia
1443 920 1513 950 laus
1539 923 1569 951 et
1587 921 1784 961 vituperium

1012 972 1187 1002 consistunt
1203 972 1286 1002 circa
1301 981 1398 1012 opera
1423 972 1603 1004 voluntaria
1620 984 1626 1004 z
1649 974 1725 1004 hinc
1737 975 1784 1005 est

1011 1025 1096 1064 quod
1112 1025 1311 1064 Augustinus
1330 1025 1404 1056 dicit
1418 1028 1439 1064 ²,
1456 1026 1540 1065 quod
1561 1026 1630 1056 laus
1652 1026 1725 1057 fidei
1739 1028 1784 1057 est

1012 1078 1137 1108 credere
1152 1078 1234 1117 quod
1250 1087 1314 1108 non
1328 1078 1417 1109 vides
1433 1088 1439 1109 ε
1457 1087 1522 1108 11011
1532 1081 1661 1118 propter
1675 1079 1784 1119 priva·

1011 1131 1130 1161 tionem
1145 1131 1275 1161 visionis
1290 1133 1426 1169 tantum,
1443 1130 1497 1161 sed
1512 1134 1640 1171 propter
1655 1132 1785 1172 positio-

1011 1194 1084 1214 nem
1106 1183 1293 1215 humilitatis
1317 1187 1347 1215 et
1368 1185 1519 1216 libertatis
1547 1194 1555 1216 :
1572 1185 1782 1224 humilitatis,

1011 1247 1049 1268 ex
1065 1240 1151 1277 parte
1175 1238 1372 1275 intellectus3
1399 1240 1429 1268 et
1449 1239 1612 1275 libertatis,
1638 1248 1678 1269 ex
1692 1241 1781 1279 parte

1011 1291 1192 1322 voluntatis.
1211 1291 1316 1331 Etper
1330 1291 1389 1321 hoc
1413 1293 1498 1331 patet
1512 1292 1675 1331 responsio
1696 1291 1734 1322 ad
1748 1291 1784 1322 il—

1011 1343 1065 1374 lud
1080 1345 1164 1383 quod
1180 1345 1330 1383 objicitur
1342 1345 1457 1384 primo.
1474 1345 1522 1375 Ad
1537 1345 1613 1376 illud
1626 1345 1710 1384 quod
1725 1345 1783 1376 ob-

1011 1397 1118 1435 jicitur
1134 1397 1272 1427 secundo
1286 1397 1323 1427 de
1339 1397 1452 1435 gloria,
1463 1399 1548 1436 patet
1563 1397 1707 1428 similiter
1719 1406 1782 1428 res-

1011 1450 1122 1489 ponsio
1140 1460 1146 1480 :
1165 1450 1239 1489 quia
1266 1450 1468 1489 Augustinus
1490 1459 1554 1481 non
1577 1450 1720 1490 loquitur
1745 1450 1783 1482 de

1011 1503 1104 1534 laude
1123 1512 1324 1542 quacunque,
1345 1503 1398 1533 sed
1419 1503 1457 1533 de
1478 1503 1571 1534 laude
1594 1503 1698 1534 meriti
1716 1513 1723 1534 :
1752 1504 1783 1534 et

1011 1555 1080 1586 haec
1104 1555 1173 1586 laus
1194 1558 1240 1586 est
1255 1556 1288 1586 in
1309 1557 1393 1586 statu
1415 1555 1488 1594 viae,
1514 1565 1580 1586 non
1607 1555 1736 1596 patriae3
1752 1557 1783 1587 et

1012 1608 1094 1638 circa
1106 1610 1194 1639 actus
1210 1609 1282 1646 viee,
1309 1617 1374 1639 non
1397 1609 1478 1639 circa
1493 1611 1580 1639 actus
1595 1609 1716 1648 patriae.
1732 1609 1782 1640 Si-

1012 1660 1128 1691 militer
1142 1663 1226 1700 patet
1240 1661 1403 1699 ultimum,
1421 1660 1497 1701 quia
1523 1660 1574 1692 hic
1589 1670 1653 1692 non
1668 1661 1783 1693 dicitur

1012 1715 1049 1745 de
1064 1724 1265 1754 quacumque
1280 1714 1472 1753 credulitate,
1482 1715 1535 1746 sed
1546 1715 1584 1746 de
1597 1715 1783 1747 credulitate

1012 1769 1096 1798 recta
1111 1769 1141 1798 et
1158 1776 1243 1805 vera,
1260 1776 1323 1798 non
1334 1768 1428 1798 stulta
1442 1770 1472 1798 et
1485 1767 1574 1799 falsa.

1328 1863 1397 1885 DUB.
1420 1863 1454 1885 11.

1070 1917 1132 1940 Cum
1146 1916 1207 1940 fides
1222 1922 1252 1940 ex
1267 1915 1352 1940 auditu
1367 1922 1420 1940 non
1435 1914 1512 1940 modo
1525 1915 1663 1947 exteriori,
1678 1917 1728 1941 etc.

1051 1980 1180 2011 Videtur
1215 1979 1275 2010 hoc
1300 1979 1560 2011 inconvenienter
1582 1979 1644 2010 dici
1655 2004 1664 2018 ‚
1689 1980 1777 2020 quia,

1012 2043 1086 2065 cum
1098 2042 1208 2064 sensus
1222 2033 1311 2064 visus
1332 2033 1486 2072 plurimas
1500 2042 1609 2064 rerum
1632 2033 1782 2065 differen-

1011 2087 1069 2117 tias
1090 2087 1182 2118 nobis
1209 2087 1366 2124 ostendat,
1383 2088 1414 2116 et
1427 2086 1563 2117 nobilior
1579 2087 1628 2126 sit,
1654 2087 1782 2118 videtur

1011 2140 1096 2180 quod
1120 2139 1223 2179 magis
1237 2139 1314 2170 fides
1329 2139 1439 2170 debeat
1455 2148 1521 2170 esse
1536 2149 1576 2171 ex
1588 2140 1672 2179 visu,
1685 2148 1782 2180 quam

1011 2203 1051 2224 ex
1078 2193 1199 2224 auditu.
1225 2192 1302 2223 Item
1320 2192 1397 2223 fides
1420 2192 1644 2233 Apostolorum
1665 2193 1725 2223 fuit
1740 2201 1780 2223 ex

1010 2247 1083 2278 visu
1097 2246 1151 2284 ita,
1175 2245 1254 2276 sicut
1270 2254 1311 2276 ex
1337 2245 1470 2277 auditu:
1489 2255 1567 2284 ergo
1579 2246 1605 2276 si
1619 2245 1723 2276 omnis
1737 2244 1778 2275 fi·
1813 2241 1824 2251 '

1010 2299 1063 2329 des
1079 2298 1342 2338 subsequentium
1357 2298 1499 2329 derivata
1510 2298 1597 2329 suita
1607 2298 1670 2329 fide
1683 2297 1781 2337 Apos-

1010 2351 1159 2389 tolorum,
1175 2351 1303 2382 videtur
1316 2351 1400 2390 quod
1414 2351 1518 2391 magis
1531 2351 1642 2381 debeat
1664 2349 1723 2380 dici
1739 2358 1780 2381 ex
1794 2384 1797 2387 v

1009 2405 1093 2441 visu,
1109 2414 1207 2444 quam
1229 2413 1270 2434 ex
1291 2404 1413 2434 auditu.
1439 2404 1532 2441 Item,
1559 2412 1634 2433 cum
1647 2402 1726 2433 fides
1739 2402 1780 2434 sit

1008 2458 1137 2488 habitus
1159 2457 1295 2493 infusus,
1312 2457 1437 2488 videtur
1464 2455 1549 2496 quod
1571 2455 1659 2487 1111110
1684 2455 1779 2487 1110ᾱο

1008 2511 1122 2542 habeat
1135 2520 1175 2541 ex
1189 2511 1300 2542 auditu
1315 2519 1393 2542 esse.

1049 2563 1140 2603 Resp.
1153 2563 1325 2595 Dicendum
1340 2561 1435 2602 quod,
1454 2561 1534 2592 sicut
1546 2561 1619 2592 dicit
1635 2561 1779 2592 Philoso-

1008 2617 1090 2656 phus
1104 2617 1126 2655 ³,
1149 2617 1314 2657 dupliciter
1329 2615 1485 2654 contingit
1496 2615 1613 2654 aliquid
1624 2615 1712 2653 scire,
1727 2614 1778 2646 vi-
