2017 2960
681 190 776 222 lllS'l'.
801 191 836 220 ll.
861 189 948 220 All'l‘.
976 189 1026 220 ΙΙΙ.
1053 188 1201 226 (JlfiAES'l‘.
1230 189 1280 219 ΙΙΙ.
1743 193 1775 220 m

216 262 230 290 ¹
249 260 280 290 et
294 259 323 290 2.
339 258 387 290 Ad
400 258 480 290 duas
499 267 577 298 ergo
595 258 797 290 auctoritates
812 257 946 297 Augus-

174 311 232 343 tini
253 311 404 344 adductas
421 312 460 344 de
481 313 586 352 gratia
610 312 753 350 unionis,
775 311 946 343 dicendum

173 365 258 406 quod
272 365 362 405 large
380 365 421 396 ibi
437 366 590 406 accipitur
604 366 718 406 gratia,
735 374 801 397 non
817 374 874 406 pro
887 365 946 396 lia-

173 420 241 451 bitu
265 421 406 452 animani
426 421 627 460 intormante,
655 422 706 453 sed
731 431 788 462 pro
805 431 842 452 eo
861 422 946 462 quod

172 474 271 514 gratis
291 474 460 515 accipitur,
481 478 511 506 et
534 475 755 516 superexcellit
770 475 945 506 terminum

172 529 295 559 naturae
313 539 320 560 ι
342 531 371 560 et
394 529 438 560 sic
461 531 562 570 potest
582 528 642 559 dici
664 529 777 559 saetam
792 537 945 568 magnam

170 582 308 621 gratiam
322 583 456 623 corpori,
471 582 547 614 dum
560 585 761 623 assumptum
775 582 864 613 suita
878 591 946 622 per-

170 644 249 666 sona
261 634 372 667 Verbi:
388 636 474 668 etita
487 644 527 667 ex
537 636 597 667 hoc
611 645 676 667 non
689 636 846 676 sequitur,
859 635 944 676 quod

171 688 248 720 unio
262 689 314 720 illa
330 689 424 721 Verbi
439 689 478 721 ad
488 690 631 721 animam
649 690 704 721 fiat
716 689 875 721 mediante
886 689 944 720 ali-

170 752 234 784 quo
248 744 359 776 habitu
373 746 525 785 gratuito.
665 786 669 791 ·

209 800 227 828 3
242 800 271 829 et
286 800 316 830 4.
334 799 381 830 Ad
397 799 464 830 illas
478 799 556 831 duas
575 800 712 831 rationes
726 799 764 832 de
784 800 944 831 inhabita-

168 851 253 883 tione
273 854 304 883 et
325 853 492 892 fruitione,
513 853 686 885 dicendum
702 853 788 895 quod
810 863 875 885 non
899 856 945 885 est

166 905 280 944 simile,
295 907 448 946 quoniam
462 907 651 939 inhabitatio
663 907 716 940 Dei
732 908 764 939 in
780 908 900 946 anima,
913 910 943 939 et

166 957 273 991 fruitio
290 959 356 1001 ipsu
371 961 461 1001 ponit
479 961 618 1002 aliquem
637 965 744 994 actum
756 986 763 999 ,
787 962 844 1003 qui
861 964 895 993 fit
910 962 942 993 in

166 1012 285 1052 anima,
301 1017 446 1054 respectu
461 1016 511 1056 cuj
518 1025 555 1046 us
571 1016 674 1055 gratia
691 1016 794 1047 infusa
809 1019 856 1047 est
869 1025 943 1048 can-

165 1075 215 1104 sa,
232 1069 264 1098 et
280 1067 319 1098 ad
337 1077 434 1108 quem
458 1069 642 1101 habilitatur
657 1070 766 1102 anima
786 1071 943 1102 mediante

164 1120 284 1159 gratia,
298 1123 328 1151 et
342 1121 373 1152 in
388 1131 484 1161 quem
501 1123 566 1154 exit
581 1132 656 1154 cum
670 1133 689 1154 a
704 1124 810 1163 gratia
824 1127 868 1155 est
885 1124 942 1156 ad-

159 1173 232 1213 Juta
246 1177 277 1205 et
292 1175 457 1215 regulata:
473 1185 538 1208 non
553 1177 597 1207 sic
609 1179 718 1223 autem
732 1180 779 1208 est
793 1178 831 1209 de
844 1178 941 1210 unio-

162 1236 218 1266 ne,
234 1229 387 1270 quouiam
402 1232 516 1261 natura
536 1231 680 1262 humana
694 1232 807 1263 unitur
821 1231 940 1264 divinae

160 1282 280 1323 absque
294 1285 368 1315 actu
382 1293 459 1324 suo,
476 1286 507 1316 et
527 1285 632 1316 solum
651 1295 685 1317 se
704 1285 799 1317 habet
818 1286 862 1317 ibi
885 1295 941 1326 per

161 1336 293 1368 modum
313 1338 441 1378 passivi,
462 1340 493 1370 et
513 1348 579 1370 non
596 1339 692 1371 activi
709 1350 715 1371 :
736 1342 768 1370 et
789 1339 859 1371 ideo
875 1348 939 1372 non

160 1391 205 1423 sic
224 1391 346 1432 indiget
367 1402 424 1433 per
446 1392 594 1424 habitum
614 1393 821 1434 adjuvantem
841 1396 872 1425 et
887 1403 938 1426 re-

161 1444 327 1484 gulantem
340 1445 554 1487 dispositione,
570 1456 644 1488 quae
659 1447 790 1488 quidem
801 1447 840 1478 sit
855 1447 940 1488 prin-

159 1497 186 1528 ci
190 1497 280 1539 pium
294 1498 379 1531 illius
391 1500 534 1531 unionis.

201 1554 233 1584 5.
248 1553 295 1584 Ad
311 1553 388 1585 illud
408 1554 494 1594 quod
517 1555 702 1595 opponitur,
723 1554 810 1594 quod
829 1553 940 1586 relatio

160 1612 226 1635 non
238 1603 452 1636 introducitur
470 1605 531 1636 nisi
551 1615 608 1646 per
626 1605 769 1646 aliquam
786 1606 940 1637 mutatio-

160 1666 236 1691 nem
257 1659 370 1689 factam
394 1658 428 1689 in
449 1658 556 1699 aliquo
580 1658 744 1697 absoluto,
768 1659 938 1691 dicendum

159 1713 245 1755 quod
264 1722 378 1745 verum
399 1715 467 1745 est:
493 1713 547 1745 sed
573 1713 845 1754 quemadmodum
864 1714 937 1746 duae

161 1767 253 1799 lineae
276 1770 409 1808 possunt
428 1767 565 1808 intelligi
586 1768 673 1799 uniri
692 1767 727 1799 in
741 1770 885 1808 puncto,
908 1770 939 1799 et

159 1821 359 1860 continuari,
379 1821 422 1853 ita
436 1823 544 1853 tamen
559 1822 644 1862 quod
663 1831 729 1853 non
749 1821 789 1853 sit
802 1822 938 1853 mutatio

148 1875 192 1907 ⁴iu
202 1874 300 1908 altera
309 1875 479 1915 linearum,
490 1875 552 1906 nisi
566 1884 622 1916 per
636 1875 708 1914 hoc,
722 1875 807 1916 quod
817 1875 934 1907 amittit

159 1929 382 1961 discretionem
394 1928 541 1960 unitatis:
557 1927 603 1958 sic
616 1927 863 1967 intelligendum
877 1930 935 1966 est,

158 1983 244 2024 quod
258 1983 284 2014 si
299 1983 382 2015 Deus
395 1984 570 2014 assumeret
584 1981 712 2022 aliquod
732 1980 936 2013 individuum

159 2037 300 2069 hominis
312 2037 346 2068 in
361 2046 429 2069 esse
440 2037 660 2074 constitutum,
675 2038 707 2068 et
721 2036 825 2076 gratia
840 2036 936 2067 infor-

159 2095 300 2132 matum,
316 2093 420 2125 solum
434 2093 592 2124 amitteret
606 2089 805 2132 personalem
819 2090 935 2122 discre-

156 2146 277 2178 tionem
290 2156 346 2188 per
359 2147 515 2179 unionem
529 2155 604 2177 cum
617 2145 685 2186 ipso
699 2143 802 2175 Verbo
817 2144 851 2175 in
862 2144 935 2175 uni-

158 2202 254 2232 tatem
271 2209 427 2241 personae.
442 2200 477 2232 In
492 2199 710 2240 assumptione
721 2200 830 2230 autem
846 2198 937 2229 istius

156 2257 299 2293 naturae,
321 2263 419 2296 quam
443 2254 542 2285 Filius
555 2253 610 2285 Dei
626 2252 798 2293 assumpsit
811 2252 850 2283 de
865 2251 934 2284 Vir-

156 2308 250 2349 gine,
271 2308 366 2340 simul
391 2308 451 2340 suit
468 2307 616 2339 formatio
636 2310 669 2338 et
687 2307 785 2339 unio:
809 2309 841 2338 et
862 2306 934 2338 ideo

155 2371 324 2403 nunquam
351 2362 411 2394 suit
433 2362 466 2393 in
484 2361 538 2393 illo
558 2361 692 2393 homine
712 2363 870 2402 quantum
894 2360 934 2392 ad

155 2415 334 2448 humanam
346 2419 495 2448 naturam
506 2415 682 2456 personalis
692 2414 859 2446 discretio:
872 2414 933 2446 hoc

155 2470 241 2502 enim
262 2469 399 2502 faciebat
423 2469 502 2502 unio
530 2469 630 2510 ipsius
654 2478 729 2500 cum
755 2467 869 2500 Verbo.
895 2468 933 2500 Et

155 2526 322 2565 propterea
345 2533 410 2557 non
430 2524 576 2565 sequitur
595 2533 637 2556 ex
651 2523 727 2563 hoc,
747 2523 834 2565 quod
853 2523 932 2555 unio

191 2619 247 2650 'Cfi
262 2621 334 2647 flu.
347 2622 446 2652 Alana„
456 2628 482 2653 p.
495 2621 538 2649 ΙΙΙ.
548 2628 573 2652 q.
588 2627 627 2651 ιιι,
643 2620 739 2646 memb.
751 2620 930 2651 6;s.·rhou1.,

156 2662 172 2687 p
206 2656 247 2687 ΙΙΙ,
262 2664 288 2689 q.
304 2663 344 2687 vi.
363 2660 401 2683 art
423 2660 453 2688 22
469 2657 554 2689 Aigid.
573 2658 657 2688 nom„
677 2657 708 2680 ΙΙΙ
730 2657 811 2687 seut„
828 2656 877 2680 dist
903 2661 930 2686 ιι,

155 2698 181 2722 p.
191 2697 220 2722 ιι,
235 2698 260 2723 q.
274 2693 454 2724 unicani-dun,
473 2694 503 2717 tn
525 2693 603 2722 Seni..
626 2693 684 2717 «list.
699 2698 728 2723 n,
743 2695 790 2717 nrt.
807 2697 835 2723 ιι,
851 2700 866 2724 q
894 2698 929 2722 n;

1005 256 1037 287 in
1055 256 1210 288 unitatem
1227 264 1371 296 personae
1395 255 1463 286 [leri
1486 255 1601 286 habeat
1623 257 1781 288 mediante

1004 309 1112 350 aliquo
1127 309 1237 340 habitu
1249 308 1400 348 gratuito.
1413 308 1596 348 Assumptio
1611 309 1695 339 enim
1712 319 1780 350 pro-

1004 363 1070 403 prie
1087 363 1213 403 respicit
1229 362 1328 403 ipsam
1350 364 1497 393 naturam
1509 386 1516 400 ‚
1541 362 1690 402 quamvis
1705 372 1781 394 con-

1003 426 1084 456 grue
1098 426 1162 448 non
1180 417 1293 447 babeat
1308 417 1375 448 lieri
1391 415 1510 456 absque
1525 416 1640 455 gratia.

1043 474 1073 501 (3.
1093 470 1140 502 Ad
1164 470 1239 501 illud
1256 470 1342 510 quod
1360 469 1476 500 ultimo
1492 469 1675 509 opponitur,
1695 471 1781 509 quod

1003 524 1090 555 uniri
1114 524 1232 555 divinae
1253 526 1378 555 naturae
1395 522 1616 563 superexcellit
1642 522 1781 561 gradum

1002 580 1169 614 creaturae,
1181 577 1351 609 dicendum
1363 577 1447 618 quod
1463 585 1578 608 verum
1591 578 1652 614 est;
1667 578 1699 607 et
1712 577 1782 608 ideo

1002 631 1239 662 concedendum
1255 633 1312 670 est,
1330 631 1416 671 quod
1437 630 1507 662 talis
1528 630 1605 661 unio
1622 639 1662 661 ex
1677 630 1783 670 gratia

1001 685 1055 722 sit;
1080 685 1134 715 sed
1157 688 1263 716 tamen
1285 693 1349 715 non
1365 684 1510 724 sequitur
1531 693 1571 714 ex
1595 682 1671 721 hoc,
1695 683 1780 723 quod

1001 739 1055 769 ssat
1078 748 1134 779 per
1152 738 1273 769 donum
1296 737 1409 777 gratiae
1435 739 1559 775 creatae,
1587 737 1664 776 quia
1686 746 1781 768 omne

1001 792 1122 824 donum
1133 794 1275 823 creatum
1286 794 1333 822 est
1341 791 1399 822 hac
1409 790 1528 822 unione
1539 790 1682 821 iul‘eriuS.
1692 789 1780 821 Unde

1001 845 1025 876 si
1036 848 1201 886 quaeratur
1217 848 1326 877 utrum
1341 845 1448 885 gratia
1461 844 1590 876 unionis
1605 844 1689 875 dicat
1701 844 1780 884 qnid

1001 903 1159 941 creatum,
1190 903 1247 932 aut
1276 901 1470 939 increatum,
1497 899 1667 930 dicendum
1696 899 1781 939 quod

1001 955 1106 995 gratia
1120 956 1249 986 unionis
1265 955 1428 995 tripliciter
1441 956 1541 995 potest
1553 953 1662 994 accipi.
1677 952 1782 984 Potest

1000 1008 1087 1039 enim
1102 1009 1206 1048 gratio
1220 1008 1349 1040 unionis
1371 1008 1433 1039 dici
1450 1007 1525 1039 illud
1542 1016 1597 1048 per
1612 1007 1696 1047 quod
1711 1007 1780 1038 esil-

999 1062 1082 1093 citur
1096 1062 1204 1093 anima
1221 1062 1321 1102 gratis
1341 1071 1487 1102 congrua
1507 1061 1544 1093 ad
1562 1061 1734 1099 unionem,
1750 1063 1782 1092 et

999 1116 1045 1146 sic
1057 1116 1132 1147 dicit
1144 1116 1264 1147 donum
1278 1116 1391 1155 gratiae
1407 1117 1522 1146 creatae
1538 1123 1594 1155 per
1610 1114 1694 1154 quod
1711 1115 1782 1145 ani-

999 1178 1052 1200 ma
1080 1170 1194 1201 habuit
1212 1169 1402 1200 excellenter
1428 1168 1685 1200 deiformitatem.
1710 1167 1781 1199 Alio

999 1222 1094 1254 modo
1109 1223 1225 1254 dicitur
1239 1223 1343 1263 gratia
1360 1222 1500 1260 unionis,
1512 1221 1617 1261 gratia
1631 1221 1779 1253 effectiva

998 1276 1141 1314 unionis;
1159 1278 1190 1307 et
1204 1277 1249 1307 sic
1260 1277 1332 1308 dicit
1348 1276 1470 1308 donum
1483 1276 1600 1316 gratiae
1616 1276 1778 1307 increatae.

998 1329 1102 1362 Tertio
1122 1331 1216 1362 modo
1236 1333 1340 1372 potest
1363 1330 1425 1362 dici
1440 1330 1546 1371 gratia
1563 1329 1694 1361 unionis
1714 1329 1782 1370 ipsa

997 1384 1076 1416 unio
1098 1385 1257 1425 gratuita,
1279 1386 1347 1417 sive
1368 1385 1469 1425 gratis
1499 1385 1599 1416 sacta:
1627 1383 1721 1415 etsie
1740 1392 1781 1415 ex

997 1440 1086 1478 parte
1105 1438 1224 1471 divinae
1247 1441 1373 1471 naturae
1392 1439 1468 1470 dicit
1484 1437 1561 1479 quid
1578 1437 1778 1476 increatum3

996 1502 1035 1523 ex
1048 1494 1136 1533 parte
1146 1492 1298 1524 humanae
1309 1494 1433 1524 naturae
1444 1492 1518 1524 dicit
1531 1491 1608 1532 quid
1622 1493 1778 1529 creatum,

996 1555 1060 1577 non
1082 1545 1286 1585 absolutum,
1307 1546 1363 1579 sed
1386 1546 1546 1578 relatum:
1571 1547 1602 1577 et
1625 1545 1670 1576 sic
1695 1546 1780 1585 patet

996 1602 1112 1639 totum,
1128 1602 1188 1632 etc.

1258 1720 1438 1760 QUAESTIO
1464 1721 1517 1752 lll.

996 1803 1041 1827 Au
1057 1799 1173 1827 Verbum
1192 1800 1296 1827 unitum
1316 1801 1352 1826 sit
1367 1799 1490 1826 humanoe
1512 1801 1618 1826 naturoe
1642 1798 1776 1826 mediante

1263 1844 1372 1880 Spiritu
1386 1847 1478 1872 sancto
1493 1843 1512 1871 ¹.

1036 1926 1150 1959 Utrum
1171 1925 1314 1958 Verbum
1335 1926 1377 1958 sit
1397 1926 1527 1958 unitum
1548 1926 1702 1959 humanae
1715 1936 1774 1959 na·
1792 1949 1824 1969 M
1842 1953 1895 1974 „W

993 1983 1077 2012 turae
1101 1979 1260 2012 mediante
1283 1979 1405 2021 Spiritu
1423 1981 1551 2018 saueto;
1573 1982 1606 2012 et
1621 1981 1707 2021 quod
1729 1981 1774 2012 sic

995 2035 1134 2074 videtur,
1150 2035 1225 2075 quia
1241 2033 1321 2066 unio
1335 2032 1429 2065 Verbi
1443 2033 1574 2066 increati
1590 2034 1630 2066 ad
1644 2043 1773 2066 carnem

994 2091 1041 2121 est
1052 2089 1165 2120 similis
1178 2088 1274 2120 modo
1290 2087 1421 2120 unionis
1444 2087 1534 2119 verbi
1553 2087 1775 2120 intellectualis

992 2145 1032 2176 ad
1059 2153 1172 2177 vocem
1187 2153 1196 2176 :
1225 2144 1279 2176 sed
1307 2143 1444 2175 verbum
1468 2143 1682 2175 intellectuale
1708 2153 1772 2176 non

992 2198 1106 2230 unitur
1122 2198 1191 2229 voci
1211 2197 1272 2229 nisi
1295 2197 1454 2229 mediante
1475 2196 1607 2237 spiritu,
1625 2197 1677 2229 vel
1694 2197 1772 2229 ssatu

991 2252 1126 2293 spirate,
1141 2251 1199 2292 qui
1213 2253 1261 2283 est
1274 2250 1461 2283 vehiculum
1476 2250 1584 2288 verbi,
1599 2250 1682 2282 sicut
1697 2251 1772 2283 dicit

991 2306 1243 2339 Damascenus2:
1258 2314 1336 2345 ergo
1351 2314 1410 2337 nec
1423 2304 1566 2337 Verbum
1579 2305 1691 2338 unitur
1705 2315 1772 2338 ear-

981 2360 1036 2400 ·ni,
1052 2359 1113 2391 nisi
1128 2359 1289 2391 mediante
1304 2358 1426 2400 Spiritu
1439 2361 1562 2391 sancto.

1030 2417 1060 2446 2.
1086 2413 1165 2446 Item
1190 2413 1295 2445 omnis
1319 2413 1396 2445 unio
1423 2413 1607 2445 voluntaria
1628 2415 1674 2444 est
1695 2423 1768 2446 me-

987 2469 1096 2500 diante
1119 2477 1242 2506 amore,
1267 2467 1350 2499 sicut
1372 2467 1448 2499 dicit
1464 2466 1633 2507 Dionysius
1644 2465 1665 2506 ⁸,
1689 2468 1768 2508 quia

980 2531 1080 2554 amor
1096 2522 1175 2554 nibil
1190 2521 1279 2554 aliud
1293 2524 1341 2554 est
1358 2530 1457 2563 quam
1475 2520 1526 2552 vis
1541 2520 1665 2553 unitiva
1679 2532 1687 2553 ι
1711 2522 1765 2554 sed

986 2622 1076 2654 sleph.
1094 2621 1202 2652 Brules„
1214 2621 1245 2646 ΙΙΙ
1261 2621 1340 2650 Sene„
1355 2621 1412 2645 dist.
1428 2627 1457 2651 ιι,
1475 2627 1501 2651 q.
1517 2625 1553 2644 ix.
1568 2620 1616 2637 -ἱ
1629 2620 1766 2651 Damasc„

987 2659 1018 2683 de
1030 2658 1093 2683 Fide
1115 2657 1192 2687 orm„
1210 2657 1256 2682 lib.
1278 2658 1300 2686 Ι,
1317 2664 1372 2688 cap.
1389 2662 1436 2681 vu.
1452 2657 1503 2674 —¹
1514 2656 1589 2681 Dion.
1610 2657 1714 2688 Areop„
1734 2658 1766 2683 de

990 2695 1043 2718 Dm
1058 2695 1140 2722 Nom..
1155 2700 1211 2724 cnp.
1230 2700 1263 2725 iv,
1278 2701 1303 2724 p.
1321 2696 1343 2718 2.
