2017 2960
183 204 241 234 502

186 274 253 309 pter
270 271 326 301 hoc
342 271 425 310 quod
442 271 472 301 in
489 271 554 310 ipsa
569 271 710 301 elevatur
733 270 839 300 anima
855 279 953 310 supra

184 332 220 353 ca
235 332 307 363 qnae
323 326 395 354 sunt
412 324 439 354 ei
455 324 608 354 naturalia
623 347 629 359 ,
649 323 692 353 sic
711 323 951 361 intelligendum

184 378 230 406 est
255 376 349 407 ctiam
374 377 406 407 in
431 380 517 416 parte
540 377 607 406 ista.
636 376 878 407 Concedcndunl
907 380 952 408 est

183 438 261 468 ergo
278 430 372 460 tidem
388 430 572 466 informem,
590 429 765 460 secundum
784 430 868 470 quod
887 431 951 461 vir-

183 486 235 513 tus
261 486 325 518 cst,
345 492 410 513 csse
431 482 551 513 donum
571 482 723 512 divinitus
743 483 903 520 collatum,
922 486 952 514 et

182 536 326 566 habitum
354 536 507 566 infusum.
533 535 619 565 Unde
647 536 853 567 concedenda:
877 538 951 567 sunt

182 589 276 619 ctiam
291 588 427 618 rationes
442 598 514 628 qna}
534 589 593 619 11οο
608 589 788 619 ostendunt.

225 644 250 671 l.
268 641 313 671 Ad
337 641 415 671 illud
437 650 514 679 ergo
538 642 622 681 quod
638 642 740 682 primo
756 642 905 681 objicitur
919 643 951 672 in

181 695 386 732 contrarium,
403 695 487 734 quod
504 695 580 726 fides
595 698 640 725 est
654 705 692 726 ex
706 696 827 733 auditu,
845 696 950 727 dicen-

180 748 256 778 dum
282 747 365 787 quod
387 748 464 778 illud
481 748 595 778 dicitur
609 749 646 778 dc
662 748 733 785 tide,
752 757 817 778 non
831 749 951 779 ratione

180 803 249 841 ejiis
265 802 349 842 quod
372 804 415 831 est
439 801 570 831 formale
589 803 620 831 ct
643 801 881 840 completivum,
899 802 951 832 sed

181 855 301 885 rationo
328 856 396 894 ejus
416 855 499 894 quod
519 856 565 885 est
580 854 740 885 materiale
752 878 760 892 ,
778 856 885 894 utpote
900 864 951 885 ra-

180 908 263 938 tione
287 908 371 938 illius
389 908 599 947 cognitionis,
617 917 680 947 qua
700 907 861 946 cognoscit
875 907 950 947 quid

180 961 323 1001 estquod
345 970 401 999 per
423 970 539 991 nomen
561 961 693 999 dicitur,
712 970 784 1000 qnae
806 970 951 991 commu-

179 1015 260 1044 niter
278 1023 341 1044 non
366 1014 500 1045 habetur
520 1023 578 1044 nec
603 1015 636 1044 in
656 1014 716 1045 fide
732 1015 877 1051 formata,
894 1024 951 1045 nec

179 1069 211 1098 in
239 1068 385 1106 informi,
412 1069 470 1098 nisi
495 1078 549 1108 per
574 1069 825 1108 acquisitionem.
853 1069 950 1100 Aliter

179 1121 273 1151 ctiam
291 1121 418 1152 videtur
427 1122 587 1162 aliquibus
597 1131 663 1152 csse
672 1121 854 1159 dicendum,
867 1122 951 1161 quod

179 1175 254 1205 illud
283 1175 418 1206 verbnm
444 1175 584 1215 Apostoli
614 1175 803 1213 intelligitur
828 1175 865 1205 de
891 1175 952 1205 fide

179 1228 332 1265 informi,
362 1237 434 1268 quae
466 1229 613 1258 innititur
639 1228 790 1259 humanae
818 1227 949 1264 rationi,

181 1293 253 1323 quse
279 1284 406 1323 quidem
428 1293 491 1314 non
507 1284 600 1315 hallei
617 1284 650 1314 in
666 1293 697 1313 se
717 1284 871 1313 rationem
886 1283 953 1313 vir-

181 1337 266 1367 tutis.
284 1336 343 1367 Sed
360 1337 485 1376 primus
500 1337 612 1367 modus
632 1336 755 1367 dicendi
779 1336 951 1366 rationabi-

181 1390 240 1420 lior
253 1399 319 1420 csse
334 1390 469 1426 videtur,
487 1390 682 1420 considerato
698 1389 855 1419 intellectu
872 1389 952 1428 Apo-

181 1443 263 1473 stoli.

220 1496 250 1526 2.
266 1495 313 1526 Ad
333 1495 409 1526 illud
432 1495 514 1535 quod
542 1495 707 1534 objicitur,
725 1495 809 1534 qnod
825 1495 951 1526 credere

180 1549 310 1579 debetur
324 1549 514 1586 auctoritati,
530 1548 698 1579 dicendum
714 1548 798 1588 quod
813 1549 950 1586 credere,

183 1602 359 1632 secundum
383 1601 468 1641 quod
490 1604 536 1631 est
550 1603 638 1632 actus
654 1602 724 1632 fidei
740 1602 877 1640 virtutiS,
894 1602 951 1632 de-

181 1655 272 1686 betur
287 1655 464 1685 auctoritati
478 1664 543 1684 non
554 1655 693 1691 cuilibet,
709 1654 763 1685 sed
773 1655 951 1685 auctoritati

180 1708 295 1738 divinae
311 1719 316 1738 :
334 1708 385 1738 cui
397 1708 526 1748 quidem
540 1708 718 1738 auctoritati
734 1717 827 1738 nemo
840 1717 951 1738 assen-

180 1763 215 1792 tit
232 1765 356 1802 propter
379 1771 430 1798 se,
454 1765 483 1791 et
502 1770 597 1801 snper
611 1761 734 1798 omnia,
752 1761 812 1791 nisi
831 1770 886 1801 per
901 1762 951 1792 tli-

180 1816 288 1846 vinam
301 1815 567 1845 illuminationem
581 1825 587 1844 :
602 1816 632 1844 et
646 1814 690 1844 sic
704 1814 773 1844 talis
784 1814 951 1845 credulitas

179 1879 243 1900 non
267 1871 313 1899 est
333 1869 495 1908 acquisita,
512 1868 565 1898 sed
582 1869 695 1899 intusa.
715 1868 769 1899 Illa
793 1878 868 1899 vcro
884 1878 951 1899 cre-

179 1922 296 1953 dulitas
320 1930 392 1961 qum
414 1921 560 1952 innititur
575 1921 688 1951 rationi
706 1923 817 1951 creatae
834 1921 950 1960 princi-

180 1976 302 2016 paliter,
321 1984 385 2006 non
402 1976 518 2014 spectat
541 1974 578 2004 ad
596 1974 695 2013 ipsam
721 1974 814 2004 fidem
835 1983 948 2005 secun·

181 2031 256 2061 dum
273 2030 354 2070 quod
372 2030 446 2060 tides
461 2031 506 2059 est
524 2029 625 2059 virtus
642 2040 649 2060 ε
667 2032 697 2060 et
712 2030 749 2059 de
763 2030 822 2060 hac
837 2039 949 2060 verum

181 2086 246 2121 est,
276 2083 359 2124 quod
396 2085 495 2123 potest
518 2092 584 2113 esse
614 2092 668 2122 per
696 2083 945 2122 acquisitionem.

180 2136 267 2168 Unde
284 2136 509 2167 attendendum
525 2138 582 2173 est,
600 2136 684 2176 quod
700 2137 868 2176 dupliciter
892 2147 947 2177 po-

178 2193 237 2221 test
261 2190 375 2230 aliquis
406 2199 460 2229 per
488 2190 582 2220 tidem
611 2199 702 2220 suam
732 2190 823 2220 inniti
852 2200 949 2222 sacrae

178 2244 349 2283 Scripturae
367 2252 374 2273 :
391 2245 443 2273 aut
461 2243 536 2282 quia
551 2243 647 2273 credit
662 2252 783 2273 sacram
805 2243 948 2283 Scriptu—

176 2306 246 2327 ram
269 2306 287 2326 a
309 2296 429 2336 Spiritu
453 2298 560 2326 sancto
587 2296 681 2326 fuisse
700 2296 900 2336 inspiratam,
919 2301 949 2329 et

176 2349 304 2387 editam,
316 2350 411 2388 juxta
425 2349 508 2389 quod
526 2349 659 2379 dicitur¹
676 2359 681 2380 :
699 2351 825 2389 Spiritu
838 2355 947 2383 semaco

177 2403 330 2441 inspirati
351 2402 448 2434 locuti
472 2405 547 2433 sune
571 2403 676 2434 sancti
703 2403 760 2434 Dei
779 2403 946 2436 homines:

175 2458 206 2486 et
225 2455 268 2485 sic
285 2456 355 2486 talis
379 2455 546 2485 credulitas
573 2457 690 2495 spectat
704 2457 742 2487 ad
758 2457 829 2487 fidei
844 2458 948 2489 virtu-

176 2511 260 2546 tem;
279 2511 333 2539 aut
357 2508 427 2539 ideo
444 2509 541 2539 credit
555 2517 653 2539 sacrae
669 2509 853 2549 Scripturae,
870 2511 947 2550 quia

175 2565 278 2600 patres
297 2562 346 2592 sui
375 2561 586 2600 crediderunt,
615 2572 633 2592 a
661 2572 800 2602 quorum
825 2564 946 2595 semitis

174 2624 238 2644 non
254 2615 321 2645 vult
345 2615 488 2645 recedere
507 2617 559 2645 :et
580 2615 641 2646 hoc
657 2615 750 2646 modo
770 2616 944 2648 humanam

207 2677 249 2700 ιιι
265 2677 340 2705 μιν,
356 2683 374 2704 1,
389 2678 429 2701 21.
618 2658 623 2662 ¹

763 203 1072 235 51⁴]NTEN'rtARUM
1095 205 1167 236 LIB.
1191 206 1243 237 Ill.

1011 272 1136 311 respicit
1161 273 1335 312 rationem,
1357 282 1414 305 nec
1436 278 1482 307 est
1510 276 1579 307 talis
1608 278 1776 310 credulitas

1009 322 1080 352 fidei
1106 323 1242 362 virtutis,
1264 325 1316 355 sed
1336 326 1439 364 potius
1451 327 1616 366 cujusdam
1631 330 1775 359 assuetu-

1007 375 1099 406 (linis.

1048 429 1076 458 3.
1093 428 1141 459 Ad
1160 428 1237 459 illud
1257 430 1341 470 quod
1356 431 1514 471 objicitur,
1531 433 1615 473 quod
1628 434 1697 465 aliae
1710 434 1775 466 vir-

1008 483 1090 512 tutes
1114 481 1264 513 informes
1278 483 1437 515 habentur
1450 494 1506 525 per
1524 487 1774 526 acquisitionem,

1007 534 1178 566 dicendum
1192 536 1277 575 quod
1289 546 1353 568 non
1367 540 1413 568 est
1431 538 1545 576 simile,
1566 548 1623 578 pro
1638 548 1675 570 eo
1691 541 1776 580 quod

1007 590 1095 619 actus
1112 589 1246 620 aliarum
1271 590 1428 622 virtutum
1445 592 1634 623 concordant
1649 593 1707 633 ipsi
1725 603 1777 625 ra-

1008 641 1085 672 tioni
1114 643 1289 674 secundum
1323 644 1467 675 naturale
1490 645 1659 677 dictamen.
1689 645 1777 678 Unde

1004 695 1127 734 justitia
1150 696 1304 727 naturalis
1327 697 1436 737 dirigit
1451 698 1490 728 ad
1505 707 1601 738 opera
1619 698 1777 730 virtutum

1007 748 1207 788 politicarum
1223 760 1229 780 :
1244 759 1308 780 non
1321 751 1364 781 sic
1378 753 1486 782 autem
1502 754 1548 782 est
1561 752 1599 783 de
1615 752 1687 791 fide,
1704 761 1777 793 quae

1007 801 1117 841 dirigit
1131 803 1170 833 ad
1183 803 1289 843 aliqua
1304 804 1469 843 credenda,
1487 814 1559 844 quae
1573 807 1648 836 sunt
1662 807 1778 846 praeter

1007 859 1171 895 naturam,
1190 859 1220 887 et
1243 866 1339 897 supra
1358 857 1517 897 jiidIcium
1537 858 1666 889 rationis
1684 869 1691 889 ε
1708 859 1776 890 ideo

1008 918 1072 940 non
1088 909 1131 940 sic
1144 910 1285 949 subjacet
1300 912 1415 941 nostra}
1431 911 1641 950 acquisitioni,
1660 921 1777 943 secun-

1007 962 1084 993 dnm
1099 963 1183 1002 quod
1201 963 1272 993 aliae
1288 963 1422 994 virtutes
1437 963 1582 994 morales.

1047 1017 1076 1047 4.
1089 1016 1137 1046 Ad
1148 1016 1226 1047 illud
1236 1017 1320 1056 quod
1335 1016 1495 1056 objicitur,
1512 1016 1597 1056 quod
1611 1016 1725 1057 aliquis
1740 1017 1778 1048 de

1008 1069 1190 1100 infidelitate
1204 1069 1363 1100 transiens
1376 1069 1415 1100 ad
1424 1069 1573 1100 haeresim
1588 1069 1778 1109 acquiritco-

1007 1122 1185 1160 gnitionem
1193 1122 1373 1162 aliquorum
1380 1122 1599 1160 articulorum,
1609 1122 1777 1154 dicendum

1007 1176 1092 1215 quod
1105 1184 1170 1206 non
1188 1177 1233 1206 est
1247 1175 1366 1206 simile:
1382 1175 1458 1215 quia
1478 1176 1558 1206 sicut
1573 1175 1656 1207 idem
1670 1175 1778 1216 ipsum

1007 1230 1108 1268 potest
1116 1229 1216 1259 amari
1227 1238 1334 1259 amore
1342 1229 1497 1259 divinitus
1506 1229 1621 1266 infuso,
1630 1231 1660 1260 et
1670 1239 1778 1260 amore

1007 1281 1101 1311 etiam
1128 1281 1255 1319 innato,
1280 1283 1310 1312 et
1331 1281 1511 1320 libidinoso,
1529 1283 1559 1312 et
1574 1281 1712 1313 multum
1728 1292 1776 1313 re-

1007 1334 1066 1365 fert
1091 1336 1200 1365 utrum
1221 1335 1339 1374 aliquid
1354 1335 1416 1373 sic,
1436 1335 1487 1366 vel
1512 1335 1556 1365 sic
1570 1337 1695 1366 ametur
1712 1347 1718 1367 :
1735 1336 1779 1367 sic

1007 1388 1101 1418 etiam
1127 1388 1369 1427 intelligendum
1403 1388 1437 1418 in
1465 1388 1647 1427 cognitione
1663 1412 1671 1425 ,
1695 1389 1779 1428 quod

1007 1441 1091 1471 idem
1114 1441 1220 1481 ipsum
1236 1441 1338 1479 aliter,
1354 1443 1384 1472 et
1397 1441 1488 1471 aliter
1501 1442 1602 1480 potest
1617 1441 1712 1479 credi,
1728 1441 1779 1473 vel

1008 1502 1047 1524 ex
1062 1494 1266 1534 persuasione
1281 1493 1423 1525 veritatis
1438 1493 1601 1531 humanae,
1618 1494 1668 1525 vel
1682 1503 1723 1525 ex
1738 1494 1776 1525 11-

1008 1547 1194 1579 lustratione
1221 1548 1362 1579 veritatis
1390 1549 1519 1578 aeternae
1545 1557 1553 1578 z
1581 1549 1612 1578 et
1634 1547 1777 1578 haeretici

1007 1601 1136 1640 quidem
1153 1600 1179 1631 si
1194 1603 1389 1640 cognoscunt
1405 1600 1529 1641 aliquos
1542 1597 1702 1639 articulos,
1717 1601 1778 1632 hoc

1007 1655 1105 1684 estex
1121 1654 1258 1693 quadam
1280 1654 1483 1693 persuasione
1506 1654 1658 1685 humanae
1680 1654 1775 1685 ratio-

1007 1708 1067 1745 nis,
1084 1708 1148 1738 imo
1163 1708 1301 1738 fictionis
1316 1716 1401 1745 suae3
1417 1707 1475 1738 etsi
1495 1707 1671 1738 secundum
1690 1707 1777 1738 illam

1007 1761 1155 1792 omnibus
1174 1761 1316 1791 articulis
1342 1760 1415 1791 fidei
1438 1760 1645 1798 assentirent,
1672 1760 1778 1791 adhuc

1007 1816 1113 1845 tamen
1133 1815 1285 1845 virtutem
1306 1814 1377 1845 fidei
1404 1823 1469 1844 non
1493 1813 1664 1851 haberent,
1685 1813 1777 1852 quus

1006 1871 1051 1898 est
1069 1868 1262 1898 intellectum
1284 1868 1317 1897 in
1337 1866 1451 1898 Christi
1472 1866 1661 1906 obsequium
1680 1866 1777 1906 capti-

1006 1930 1092 1952 vare.
1107 1920 1178 1952 ldeo
1192 1930 1257 1951 non
1274 1922 1321 1951 est
1335 1920 1437 1951 simile
1453 1920 1490 1951 de
1505 1919 1686 1959 cognitione
1701 1919 1777 1950 arti-

1006 1974 1152 2005 culorum
1165 1974 1198 2004 in
1214 1974 1283 2005 viro
1297 1973 1380 2004 fideli
1399 1983 1405 2003 :
1428 1974 1459 2004 et
1471 1981 1528 2012 pro
1544 1974 1630 2003 tanto
1646 1981 1711 2003 non
1724 1981 1776 2002 se-

1006 2029 1127 2068 quitur,
1144 2028 1229 2068 quod
1243 2028 1268 2057 si
1283 2027 1336 2058 illa
1355 2026 1495 2066 cognitio
1510 2026 1544 2057 in
1558 2025 1714 2057 haereticis
1730 2028 1776 2057 est

1005 2081 1175 2121 acquisita,
1199 2081 1283 2121 quod
1298 2081 1367 2111 haec
1382 2080 1416 2110 in
1433 2079 1577 2110 fidelibus
1591 2087 1658 2110 non
1672 2079 1710 2109 sit
1725 2079 1776 2109 in-

1006 2136 1084 2166 fusa.
1102 2135 1134 2167 Si
1149 2135 1221 2175 quis
1235 2137 1341 2165 tamen
1360 2134 1398 2164 de
1412 2132 1497 2164 fideli
1511 2134 1542 2163 et
1555 2132 1709 2163 catholico
1721 2132 1776 2162 fiat

1005 2189 1184 2227 haereticus,
1203 2189 1234 2219 et
1245 2189 1407 2219 remaneat
1414 2187 1474 2218 sibi
1485 2186 1626 2225 cognitio
1639 2185 1732 2225 alicuj
1738 2193 1774 2216 us

1005 2242 1148 2281 articuli,
1165 2251 1230 2273 non
1245 2241 1341 2272 habet
1359 2249 1431 2271 eam
1446 2239 1577 2271 omnino
1594 2248 1649 2278 per
1663 2237 1774 2278 acqui-

1004 2296 1163 2334 sitionem,
1177 2304 1235 2325 nec
1250 2296 1357 2325 tamen
1367 2293 1517 2325 dicendus
1526 2292 1700 2324 esthabere
1712 2291 1773 2321 vir-

1004 2351 1115 2386 tutem,
1140 2349 1217 2389 quia
1236 2348 1278 2378 ibi
1297 2346 1487 2378 illuminatio
1508 2345 1594 2386 prior
1616 2344 1773 2384 permixta

1004 2405 1049 2434 est
1070 2403 1208 2442 quodam
1229 2401 1323 2432 modo
1346 2400 1472 2432 falsitati
1492 2398 1607 2430 erroris
1630 2408 1637 2428 τ
1658 2399 1687 2428 et
1702 2397 1772 2428 ideo

1003 2456 1178 2488 nonhabet
1202 2455 1424 2495 perfectionem
1448 2452 1677 2491 competentem
1704 2450 1770 2482 vir-

1002 2510 1073 2541 tuti.

1043 2566 1072 2595 5.
1087 2563 1135 2594 Ad
1147 2562 1224 2593 illud
1239 2561 1325 2602 quod
1339 2559 1488 2600 objicitur
1503 2558 1541 2590 de
1554 2557 1700 2599 parvulo,
1715 2556 1770 2598 qui

1001 2617 1083 2648 cadit
1110 2617 1148 2647 de
1177 2614 1280 2656 gratia
1293 2636 1301 2652 ‚
1326 2614 1496 2653 antequam
1517 2611 1639 2652 aliquid
1655 2610 1693 2642 de
1707 2610 1769 2641 fide

1001 2670 1164 2711 acquirat,
1189 2668 1358 2700 dicendum
1384 2666 1468 2707 quod
1495 2664 1646 2706 parvulus
1674 2663 1769 2695 habet
