2017 2960
666 177 857 210 DISTlNCT.
881 176 933 209 vl.
957 175 1049 207 ART.
1073 175 1097 206 Ι.
1121 173 1271 212 QUAEST.
1296 174 1318 205 I.

190 251 366 283 secundum
393 248 480 289 quod
507 247 680 278 attenditur
709 245 890 277 numeratio
920 244 966 275 rei

190 306 346 346 quantum
365 302 404 334 ad
427 310 494 332 esse
515 300 549 331 in
570 302 642 331 actu
658 309 666 330 ε
683 302 714 331 et
733 299 803 330 ideo
825 298 967 330 Christus

188 367 254 390 non
274 357 367 388 debet
391 355 451 386 dici
474 354 548 392 duo,
572 353 625 384 sed
649 362 776 384 unum:
801 355 831 383 et
854 360 967 383 conce-

190 409 300 442 dendae
315 411 390 440 sunt
404 408 552 445 rationes,
568 416 641 447 quae
657 407 717 437 hoc
733 406 913 437 ostendunt.

229 466 244 493 1
267 464 298 494 et
322 464 352 492 2.
377 461 425 493 Ad
449 461 517 491 illas
538 469 616 499 crgo
642 460 722 489 duas
745 458 965 496 auctoritates,

188 525 262 557 quae
278 517 311 546 in
331 515 528 546 contrarium
548 513 740 553 objiciuntur
751 536 760 549 ,
777 512 861 551 quod
877 512 968 542 Chri-

187 573 255 602 stus
270 573 316 601 est
330 570 415 601 aliud
431 571 461 599 et
481 568 585 605 aliud⁷
606 566 774 597 dicendum
794 565 879 605 quod
905 565 967 595 illae

188 623 428 663 praedicationes
443 623 517 652 suut
531 619 731 659 impropriae,
748 620 779 648 et
794 618 909 648 debent
923 618 967 648 sic

188 676 306 716 exponi
329 675 496 706 :Christus
520 675 565 703 est
587 672 675 703 aliud
694 674 724 702 ct
746 671 849 709 aliud,
867 671 897 701 id
922 673 968 701 est

188 730 318 761 alterius
337 731 368 760 et
391 727 521 759 alterius
544 728 669 756 naturae
687 737 693 756 z
711 727 740 756 et
762 734 802 755 cx
826 724 884 755 hoc
902 734 967 755 non

188 782 334 823 sequitur
357 781 442 822 quod
465 780 605 812 Christus
626 779 666 809 sit
688 779 770 816 duo,
791 778 844 808 sed
863 778 967 809 solum

188 835 272 876 quod
296 835 330 865 in
358 835 480 866 Christo
508 834 570 864 sint
593 833 697 873 plura.
721 831 853 863 Locutio
879 832 967 862 enim

187 889 362 929 impropria
376 897 440 919 non
453 889 499 918 est
512 886 723 918 extendenda.

230 945 259 974 3.
276 942 324 973 Ad
347 941 425 972 illud
440 941 524 981 quod
544 940 707 980 objicitur,
725 939 810 979 quod
827 938 969 969 Christus

187 998 235 1027 est
249 1005 351 1027 unum
371 995 549 1026 secundum
564 993 650 1033 quod
672 995 718 1023 cst
743 993 825 1023 Deus
848 993 969 1023 unitate

188 1049 346 1086 increata,
372 1050 403 1079 et
426 1057 531 1079 unum
560 1047 737 1078 secundum
764 1047 850 1087 quod
873 1047 969 1077 homo

188 1102 310 1134 unitate
330 1104 449 1139 creata,
466 1100 638 1132 dicendum
662 1100 747 1139 quod
771 1101 876 1139 magis
898 1109 970 1140 pro—

189 1156 257 1196 prie
273 1155 389 1186 dicitur
404 1163 501 1192 unus,
514 1162 612 1193 quam
623 1153 745 1183 dicatur
761 1162 827 1184 esse
843 1163 947 1184 unum
961 1164 967 1184 ;

189 1210 222 1240 in
237 1209 360 1240 Christo
376 1208 463 1239 enim
481 1210 527 1238 est
541 1216 606 1238 una
620 1206 686 1237 sola
700 1215 846 1246 persona,
859 1215 970 1246 quam-

189 1263 238 1294 vis
261 1272 326 1294 non
350 1262 391 1292 sit
418 1270 485 1292 una
509 1261 576 1292 sola
602 1262 730 1291 natura.
755 1259 970 1291 Nihilominus

188 1319 296 1348 tamen
324 1317 426 1356 potest
454 1315 516 1346 dici
539 1323 644 1345 unum
671 1314 849 1344 secundum
884 1313 970 1353 quod

189 1370 273 1402 Deus
284 1394 292 1409 ,
306 1372 337 1400 θῖ
350 1378 456 1400 unum
470 1368 648 1399 secundum
663 1368 749 1408 quod
764 1368 870 1399 homo.
890 1367 969 1398 Illud

190 1426 298 1455 tamen
317 1432 437 1461 unum,
454 1424 485 1453 et
503 1421 600 1459 illud,
617 1421 794 1452 secundum
814 1421 900 1461 quod
919 1421 970 1451 di-

190 1479 307 1509 cuntur
333 1477 371 1507 de
395 1476 529 1513 Christo,
557 1484 624 1505 non
647 1477 772 1514 ponunt
796 1476 830 1505 in
855 1484 971 1506 nume-

191 1539 284 1569 rum;
303 1530 379 1570 quia
398 1529 541 1561 Christus
564 1537 629 1559 non
652 1529 769 1559 (licitur
791 1538 895 1558 unum
921 1538 970 1560 se-

191 1584 334 1615 cundum
348 1583 433 1623 quod
450 1582 564 1613 dicitur
579 1582 676 1612 homo
692 1582 880 1612 abstractive
892 1605 899 1619 ‚
917 1582 971 1613 sed

192 1637 382 1668 concretive.
400 1635 552 1674 Quamvis
567 1638 675 1666 autem
689 1636 795 1665 unitas
810 1637 926 1673 creata,
941 1637 972 1666 et

190 1691 351 1727 increata,
368 1689 490 1729 possint
505 1688 567 1718 dici
586 1688 669 1725 duo;
686 1688 763 1727 quia
778 1690 896 1726 tamen⁷
922 1698 971 1719 se-

189 1743 331 1775 cundum
351 1742 436 1782 quod
458 1742 490 1772 in
508 1741 629 1772 Christo
644 1741 774 1780 dicitur,
793 1742 970 1774 concretive

189 1797 321 1834 dicitur;
338 1796 447 1827 unitas
462 1797 568 1826 creata
581 1795 621 1825 ad
634 1795 835 1835 suppositum
850 1796 971 1826 increa-

189 1853 260 1882 tum
275 1852 496 1890 comparatur,
513 1851 543 1880 et
561 1849 600 1880 de
621 1849 732 1879 eodem
751 1849 946 1889 praedicatur
962 1858 970 1879 ε

189 1904 260 1936 ideo
283 1913 349 1935 non
374 1902 466 1943 ponit
491 1902 524 1932 in
548 1911 740 1940 numerum,
767 1904 804 1933 ut
827 1902 972 1934 Christus

189 1957 289 1999 possit
310 1957 372 1987 dici
390 1957 454 1987 duo
464 1980 472 1994 ‚
489 1956 571 1986 sicut
584 1965 643 1986 nec
659 1955 786 1994 Petrus,
802 1957 833 1987 et
848 1955 909 1987 hoc
924 1956 970 1987 al-

190 2011 282 2049 bum,
296 2010 408 2042 eodem
423 2010 652 2041 demonstrato.

230 2067 261 2095 4.
277 2063 325 2094 Ad
341 2063 419 2094 illud
437 2062 521 2103 quod
537 2061 719 2102 opponitur,
734 2061 821 2101 quod
836 2061 971 2093 diversae

190 2117 376 2150 differentiae
391 2116 573 2148 essentiales
588 2115 664 2146 dant
679 2115 804 2146 diversa
826 2124 909 2154 esse,
926 2116 971 2147 di-

190 2172 327 2203 cendum
342 2171 428 2212 quod
443 2170 521 2202 illud
537 2179 653 2201 verum
673 2172 735 2208 est,
752 2170 881 2209 quando
895 2179 970 2212 sup-

190 2225 331 2267 positum
352 2225 450 2264 illud,
475 2224 515 2256 ad
543 2223 630 2264 quod
657 2226 883 2263 comparantur
908 2224 971 2256 illae

190 2279 395 2316 differentiae,
412 2287 477 2309 non
494 2277 646 2318 praecedit
663 2277 851 2309 naturaliter
867 2288 970 2318 quan-

190 2335 260 2364 tum
279 2333 319 2364 ad
340 2341 407 2364 esse
429 2331 552 2363 actuale
573 2331 716 2371 aliquam
738 2330 867 2362 illarum
884 2331 972 2362 diffe-

190 2387 384 2425 rentiarum,
410 2385 492 2416 sicut
513 2384 627 2416 Petrus
646 2393 711 2415 non
728 2386 775 2415 est
795 2386 868 2415 ante
883 2385 971 2415 illam

190 2439 402 2471 differentiam
437 2437 594 2470 rationale
611 2461 620 2476 ‚
655 2439 684 2468 et
709 2438 874 2469 brunellus
898 2441 972 2470 ante

190 2491 284 2523 istam
309 2492 542 2530 differentiam,
571 2500 645 2532 quae
670 2494 717 2522 est
744 2492 936 2524 irrationale
958 2503 970 2523 :

191 2554 257 2576 non
275 2545 320 2576 sic
333 2548 442 2577 autem
458 2548 505 2576 est
526 2545 562 2575 in
578 2545 749 2586 proposito.
768 2544 849 2576 Nam
872 2545 895 2576 F
898 2546 971 2578 ilius

192 2597 262 2635 Dei,
277 2599 332 2638 qui
345 2601 392 2630 θεῖ
412 2599 605 2640 hypostasis,
624 2601 670 2630 est
685 2599 889 2639 suppositum
904 2599 970 2631 hu-

191 2660 297 2683 manae
315 2654 439 2684 naturas
460 2662 516 2693 per
540 2652 713 2691 unionem,
729 2654 761 2684 et
782 2653 970 2685 naturaliter

1743 177 1757 205 1
1762 175 1801 206 49

1022 242 1172 283 praecedit
1187 244 1345 282 quantum
1361 241 1400 271 ad
1424 248 1491 271 esse
1505 240 1627 271 actuale
1650 240 1799 271 essentia-

1023 296 1087 327 lem
1107 295 1319 327 differentiam
1337 294 1478 325 hominis
1494 304 1502 324 ε
1519 295 1551 324 θῖ
1572 293 1643 324 ideo
1667 293 1721 324 illa
1741 294 1801 325 dif-

1024 349 1156 380 ferentia
1170 357 1236 379 non
1256 349 1309 379 dat
1328 348 1357 379 ei
1373 356 1440 378 esse
1455 346 1654 386 simpliciter,
1672 346 1726 377 sed
1741 346 1802 377 talo

1024 412 1091 434 esse
1120 403 1249 434 advenit
1280 401 1442 442 hypostasi
1473 401 1543 440 jam
1575 399 1740 439 completae
1767 399 1802 430 iu

1024 465 1091 487 esse
1108 468 1114 487 :
1131 459 1158 485 el
1177 456 1247 486 ideo
1263 465 1327 486 non
1342 456 1442 495 potest
1456 454 1489 484 in
1504 462 1576 484 eam
1594 453 1780 493 pluriticari.

1064 511 1093 539 5.
1111 509 1159 539 Ad
1175 509 1251 539 illud
1268 509 1353 548 quod
1373 508 1539 548 objicitur,
1557 506 1642 547 quod
1661 515 1728 537 una
1745 515 1803 537 na—

1025 564 1096 592 tura
1122 561 1155 592 in
1176 562 1324 602 pluribus
1345 562 1488 602 personis
1507 561 1577 592 facit
1594 569 1661 591 esse
1677 568 1800 598 unum,

1024 617 1096 653 ete,
1120 615 1291 646 dicendum
1314 615 1397 654 quod
1422 623 1488 645 non
1512 615 1559 645 est
1585 612 1705 651 simile,
1728 612 1804 653 quia

1024 671 1141 699 natura
1161 669 1269 700 diviua
1289 668 1334 699 sic
1355 670 1404 698 est
1422 668 1454 698 in
1476 667 1623 707 pluribus
1644 667 1802 706 personis,

1024 722 1109 762 quod
1130 723 1167 753 de
1183 723 1325 762 qualibet
1344 722 1552 762 praedicatur,
1570 728 1635 750 non
1650 719 1754 750 solum
1770 719 1804 750 in

1024 776 1241 813 concretione,
1259 775 1313 807 sed
1328 778 1358 806 et
1381 775 1415 805 in
1437 773 1649 805 abstractiOne
1665 783 1671 803 :
1689 774 1721 803 et
1734 772 1804 804 ideo

1025 839 1099 860 cum
1114 830 1184 869 ipsa
1202 829 1242 860 sit
1256 838 1334 866 una,
1360 838 1485 860 necesse
1501 830 1547 858 θεῖ
1570 827 1641 857 illas
1656 828 1719 857 tres
1742 826 1803 867 hy-

1025 886 1165 923 postases
1182 893 1250 915 esse
1267 892 1370 914 unum
1387 882 1475 922 quid.
1494 881 1570 912 Duae
1584 883 1692 912 autem
1711 882 1804 911 natu-

1023 946 1069 970 rae
1088 938 1130 968 ita
1151 940 1348 969 concurrunt
1364 937 1398 967 in
1414 946 1512 967 unam
1530 944 1697 975 personam
1721 934 1806 965 Chri-

1026 992 1076 1030 sti,
1094 994 1132 1022 ut
1146 994 1253 1022 tamen
1268 991 1413 1022 humana
1428 992 1543 1020 natura
1559 987 1726 1029 praedicari
1739 996 1806 1018 non

1025 1045 1129 1075 valeat
1146 1045 1180 1075 in
1194 1044 1421 1082 abstractione,
1445 1043 1499 1074 sed
1517 1042 1620 1082 magis
1635 1042 1667 1072 in
1682 1049 1807 1072 concre-

1025 1098 1111 1129 tione
1138 1098 1177 1129 ad
1208 1098 1293 1129 idem
1319 1096 1522 1137 suppositum
1549 1106 1556 1126 ε
1586 1097 1616 1126 θῖ
1643 1095 1719 1134 quia
1746 1095 1807 1125 hoc

1026 1151 1121 1183 modo
1136 1161 1202 1183 non
1220 1152 1450 1187 numerantur,
1467 1149 1520 1180 sed
1543 1149 1719 1186 uniuntur,
1736 1148 1807 1179 ideo

1026 1215 1092 1237 non
1117 1208 1220 1246 potest
1248 1215 1314 1237 una
1340 1214 1477 1245 persona
1503 1204 1565 1235 dici
1589 1203 1698 1243 plura,
1725 1202 1808 1233 sicut

1025 1260 1134 1299 plures
1150 1268 1296 1300 personae
1313 1259 1347 1290 in
1361 1258 1480 1290 divinis
1497 1258 1648 1289 dicuntur
1665 1265 1731 1288 una
1747 1265 1808 1287 na-

1026 1315 1110 1344 tura.

1066 1369 1097 1397 6.
1115 1366 1163 1397 Ad
1178 1366 1257 1397 illud
1272 1366 1359 1406 quod
1373 1364 1562 1406 opponitur,
1579 1363 1664 1404 quod
1679 1364 1808 1403 propter

1026 1420 1180 1451 unionem
1203 1421 1250 1451 est
1269 1418 1519 1451 communicatio
1533 1417 1739 1454 idiomatum,
1763 1416 1808 1447 di-

1027 1475 1163 1506 cendum
1181 1475 1267 1515 quod
1287 1484 1402 1507 verum
1425 1476 1483 1505 est.
1499 1473 1532 1504 Si
1553 1476 1660 1504 autem
1685 1481 1809 1512 quaera-

1027 1532 1091 1567 tur,
1108 1529 1185 1569 quid
1201 1529 1244 1559 ibi
1259 1529 1474 1560 communicet
1489 1528 1654 1566 idiomata,
1676 1535 1809 1566 respon-

1027 1582 1168 1614 dendum
1183 1582 1268 1622 quod
1285 1591 1349 1612 non
1363 1583 1480 1612 natura
1494 1582 1619 1612 naturae
1630 1579 1807 1611 secundum

1029 1636 1115 1677 quod
1133 1636 1375 1667 considerantur
1390 1636 1423 1665 in
1438 1633 1664 1671 abstractione,
1683 1633 1737 1664 sed
1751 1632 1809 1673 hy—

1026 1691 1162 1732 postasis
1190 1690 1309 1721 divinae
1339 1691 1465 1720 naturae
1500 1687 1716 1719 communicat
1750 1686 1810 1717 sibi

1026 1744 1179 1775 idiomata
1193 1752 1262 1781 sua,
1280 1742 1456 1773 secuudum
1470 1741 1555 1782 quod
1569 1743 1615 1771 θεῖ
1630 1739 1810 1781 hypostasis

1025 1798 1059 1828 in
1081 1798 1225 1829 humana
1248 1798 1365 1827 natura
1388 1806 1394 1826 ε
1420 1804 1485 1826 non
1509 1794 1585 1834 quia
1610 1794 1678 1834 ipsa
1700 1793 1741 1824 sit
1761 1793 1808 1824 di-

1026 1860 1118 1882 versa
1141 1851 1173 1881 in
1197 1860 1251 1888 se,
1278 1849 1331 1880 sed
1358 1848 1434 1888 quia
1457 1847 1592 1879 diversis·
1616 1846 1742 1877 natur'1s
1764 1848 1810 1877 θεῖ

1026 1904 1199 1945 supposita.
1217 1902 1274 1934 Vel
1289 1904 1374 1933 certe
1388 1902 1464 1942 ipsae
1479 1902 1616 1939 naturae,
1633 1899 1810 1931 secundum

1026 1958 1112 1999 quod
1127 1957 1279 1989 dicuntur
1300 1956 1334 1986 in
1356 1955 1575 1993 concretione,
1594 1955 1727 1994 possunt
1750 1953 1810 1984 sibi

1026 2012 1104 2052 ipsis
1128 2011 1280 2042 idiomata
1306 2009 1565 2047 communicare,
1592 2010 1629 2039 ut
1654 2007 1778 2038 dicatur
1800 2017 1807 2038 :

1031 2076 1046 2095 «
1059 2065 1140 2097 Deus
1148 2066 1195 2096 est
1209 2064 1319 2101 homo,
1328 2074 1342 2091 ³>
1361 2065 1411 2094 et:
1427 2062 1552 2093 «Homo
1569 2064 1616 2093 θεῖ
1632 2061 1733 2099 Deus3
1750 2072 1764 2088 »
1779 2062 1810 2091 et

1026 2119 1155 2159 quando
1174 2117 1398 2156 intelliguntur
1413 2117 1457 2146 sic
1472 2115 1593 2155 accipi,
1608 2114 1760 2145 dicuntur
1774 2115 1810 2144 ut

1026 2183 1077 2205 res
1090 2175 1226 2210 naturae,
1244 2172 1322 2212 quia
1337 2170 1482 2202 medium
1498 2171 1606 2201 tenent
1619 2169 1703 2199 inter
1718 2168 1810 2198 natu-

1026 2236 1097 2258 ram
1112 2226 1302 2257 abstractive
1325 2224 1568 2262 consideratam,
1583 2225 1614 2253 et
1630 2223 1731 2262 ipsam
1744 2220 1808 2260 hy-

1026 2281 1189 2321 postasim.
1206 2279 1244 2311 Et
1259 2279 1320 2310 hoc
1334 2279 1428 2310 modo
1441 2281 1489 2309 est
1501 2278 1544 2308 ibi
1560 2279 1644 2308 recte
1662 2283 1808 2307 commu-

1027 2333 1143 2364 nicatio
1156 2333 1347 2364 idiomatum
1358 2356 1366 2370 ‚
1382 2331 1458 2372 quia
1473 2333 1519 2362 est
1534 2331 1578 2361 ibi
1594 2329 1759 2361 diversitas
1773 2327 1808 2358 in

1026 2396 1078 2419 res
1098 2389 1238 2425 naturae,
1255 2386 1363 2417 habito
1388 2388 1532 2426 respectu
1556 2384 1595 2415 ad
1618 2383 1701 2423 ipsas
1716 2382 1808 2412 natu-

1025 2449 1101 2479 ras3
1125 2443 1156 2472 et
1180 2442 1227 2472 est
1249 2439 1294 2470 ibi
1316 2439 1442 2478 unitas,
1467 2438 1576 2469 habito
1598 2437 1743 2476 respectu
1767 2434 1808 2465 ad

1027 2495 1129 2535 ipsam
1145 2495 1332 2535 3personam.
1348 2492 1382 2524 Si
1400 2495 1437 2523 tu
1455 2491 1585 2531 objicias
1605 2489 1692 2530 quod
1714 2487 1805 2519 Chri-

1027 2549 1094 2579 stus
1118 2549 1196 2579 tuuc
1215 2556 1281 2578 non
1307 2546 1400 2577 debet
1423 2545 1494 2582 dici,
1520 2553 1579 2574 nec
1604 2551 1727 2580 unum,
1747 2549 1806 2571 nec

1026 2602 1102 2641 duo,
1120 2602 1175 2633 sed
1191 2602 1332 2633 medium
1347 2603 1455 2632 tenere
1472 2596 1554 2629 inter
1569 2598 1755 2629 dualitatem
1774 2598 1805 2625 et

1027 2656 1200 2694 unitatem,
1217 2655 1387 2687 dicendum
1402 2652 1502 2693 quod,
1519 2651 1667 2692 quamvis
1681 2658 1733 2681 res
1746 2657 1804 2679 na-
