2017 2960
189 152 246 180 355

186 219 234 247 sto
257 217 315 246 snit
339 226 393 256 per
416 218 681 257 assumpti011en13
707 220 812 248 tamon
835 225 899 247 non
923 225 960 247 eo

188 271 295 309 modo,
314 280 376 311 quo
400 272 431 302 iu
447 272 537 302 nobis
560 275 605 302 cst
621 281 677 311 per
700 272 958 302 contractionem.

188 323 260 354 Ideo
275 324 415 355 Christus
437 325 524 364 quasi
548 325 689 355 medium
705 326 787 355 tenet
806 325 887 355 inter
903 334 960 355 1105

187 379 217 407 61
240 380 356 408 statum
377 381 498 408 natura*
523 378 697 408 institutae:
715 387 789 408 nam
813 379 845 408 in
870 378 960 408 nobis

186 432 299 460 natura
312 433 341 460 ct
359 431 503 461 voluntas
519 431 655 470 passioni
671 431 794 468 suliest;
812 431 843 460 in
859 430 960 461 Adam

188 493 263 514 vero
286 487 348 514 tani
374 487 499 520 natura,
525 493 620 523 quam
645 484 803 522 voluntas,
823 484 960 523 passioni

188 540 342 576 praecrnt3
369 537 400 567 in
428 537 550 567 Clu-isto
572 546 648 569 vero
675 537 810 577 passioni
833 537 960 567 suberat

188 592 317 627 natura,
340 590 392 619 sed
418 592 553 629 praeerat
579 590 737 621 voluntas,
764 590 801 621 Et
827 590 888 620 hoc
915 591 962 620 est

188 643 271 682 quod
286 643 359 673 111611
376 644 601 680 llaniascenus,
618 644 703 683 quod
718 644 750 673 in
767 643 888 673 Christo
903 642 960 672 etsi

189 695 348 735 passiones
365 696 480 726 [iebant
498 696 674 727 secundum
696 696 801 735 legem
822 698 959 733 naturae,

190 758 252 779 non
279 751 384 779 tamen
409 751 529 787 coacte,
555 749 609 779 sed
635 749 824 779 voluntarie.
849 749 962 779 Conce-

189 801 326 831 denduui
350 804 395 832 est
418 811 495 841 ergo
515 802 600 841 quod
622 802 654 831 in
679 802 801 832 Christo
824 802 883 832 suit
905 811 960 833 ne-

189 854 315 884 cessitas
329 855 465 894 patiendi
480 857 510 884 et
524 855 692 892 moriendi,
709 864 772 885 non
788 857 960 893 contracta,

188 907 241 937 sed
272 910 443 948 assumpta.
470 907 681 938 Concedendae
709 917 788 948 ergo
815 911 890 939 sunt
915 918 963 939 ra-

190 960 288 991 tiones
309 962 339 991 et
364 960 564 991 auctoritates
587 970 662 1000 quae
686 963 761 992 sunt
779 961 818 992 ad
842 964 963 1001 partem

189 1013 294 1044 istam.

231 1070 259 1097 1.
272 1067 319 1097 Ad
334 1067 411 1098 illud
429 1077 504 1099 vero
520 1068 603 1107 qnod
620 1068 771 1108 objicitur
786 1068 819 1098 in
834 1070 964 1099 contra-

190 1121 299 1151 rium:
318 1122 386 1160 qu
414 1129 496 1160 pono
518 1123 661 1153 animam
687 1130 800 1160 meam,
816 1124 888 1159 etc„
914 1122 962 1152 di-

190 1173 326 1203 cendum
341 1175 426 1213 quod
442 1174 519 1205 illud
535 1177 581 1205 est
594 1175 728 1205 verbum
753 1184 896 1214 personae
910 1174 933 1205 F
935 1176 964 1205 i-

190 1227 222 1256 lii
241 1227 303 1265 Ilei,
319 1229 410 1267 anus
426 1237 488 1258 non
503 1228 562 1258 fuit
577 1228 744 1258 necessitas
757 1228 893 1267 patiendi
911 1227 961 1258 vel

192 1280 349 1310 moriendi
366 1289 374 1310 :
392 1281 500 1311 nullus
525 1281 612 1311 enim
642 1280 747 1320 ipsum
772 1283 894 1320 poterat
908 1281 965 1311 166-

191 1333 275 1371 dere,
291 1333 351 1363 nisi
370 1334 435 1373 ipse
450 1334 628 1364 voluntarie
649 1334 841 1373 permisisset
860 1345 865 1365 :
882 1335 965 1365 unde

192 1386 327 1416 verbum
343 1395 407 1417 non
422 1387 571 1425 intelligit
586 1387 741 1424 effective,
758 1388 811 1418 sed
835 1388 966 1426 permis-

192 1439 274 1475 sive3
292 1448 349 1470 nec
364 1440 502 1470 excludit
516 1440 733 1471 necessitatem
748 1443 892 1480 respectu
908 1449 966 1470 na-

192 1495 284 1529 turae,
303 1493 354 1522 sed
371 1495 515 1532 respectu
530 1501 684 1532 personae.

232 1547 261 1575 2.
272 1546 319 1575 Ad
331 1546 408 1576 illud
418 1547 591 1585 Augustini
604 1556 668 1586 qno
682 1548 719 1586 (a)
738 1547 862 1585 dicitur,
880 1548 966 1587 quod

193 1599 364 1638 assumpsit
393 1608 521 1630 carnem
551 1599 588 1630 de
617 1600 784 1630 altitudine
815 1600 966 1632 humanae

193 1655 329 1690 naturae,
345 1652 515 1683 dicendum
537 1653 621 1691 quod
643 1652 704 1683 hoe
727 1653 876 1693 intelligit
900 1654 968 1684 Au-

193 1705 352 1743 gustinus,
369 1706 449 1735 sicut
464 1707 594 1745 exponit
618 1705 747 1736 Boetius
761 1706 782 1743 ¹,
809 1710 967 1746 quantum

194 1757 232 1787 ad
249 1758 396 1797 peccandi
411 1759 656 1796 immunitatem,
676 1768 738 1789 non
759 1761 914 1798 quantum
929 1760 968 1790 ad

195 1811 442 1850 passibilitatem.
456 1811 533 1842 Dicit
548 1812 632 1842 enim
643 1812 727 1842 idem
737 1812 873 1850 Boetius,
884 1813 968 1852 quod

195 1863 233 1893 de
248 1865 334 1894 omni
359 1867 443 1894 statu
470 1865 588 1903 aliquid
606 1866 801 1904 assumpsit:
824 1866 861 1896 de
885 1867 969 1896 statu

196 1916 385 1947 innocentize
398 1941 405 1954 ,
455 1917 603 1956 peccandi
639 1917 894 1956 i111111unitaten13
932 1919 969 1950 de

197 1972 280 2000 statu
296 1970 419 2009 gloriae,
435 1971 583 2010 peccandi
613 1971 914 2010 impossibilitatem,
932 1972 970 2003 de

199 2025 282 2053 statu
306 2026 429 2054 naturae
458 2024 565 2062 lapsoe,
591 2024 829 2063 passibilitatem
860 2025 970 2055 :unde

199 2076 374 2106 secundum
404 2077 640 2115 passibilitatem
671 2078 742 2117 plus
779 2078 971 2109 assimilatur

199 2132 323 2160 naturae
338 2129 445 2169 lapsae,
462 2139 558 2169 quam
571 2132 695 2160 naturae
712 2131 876 2162 institutae.

241 2184 259 2212 3
290 2184 320 2212 61
342 2184 372 2212 4.
404 2183 449 2212 Ad
479 2183 555 2213 illud
579 2183 721 2214 Anselmi
747 2184 785 2214 de
810 2185 973 2215 voluntate

201 2235 327 2272 Christi,
343 2236 385 2266 ita
411 2239 494 2275 patet
519 2237 681 2276 responsio
700 2247 707 2267 ε
724 2247 789 2268 11011
814 2239 900 2269 6111111
916 2248 971 2269 ex-

202 2288 299 2318 cludit
314 2289 530 2319 necessilatem
548 2289 730 2329 simpHciter
741 2314 750 2328 ,
767 2291 819 2320 sed
836 2291 973 2321 necessi-

202 2344 298 2371 tatem
315 2344 457 2381 respectu
474 2342 646 2373 voluntatis
660 2342 788 2373 divinae.
805 2343 906 2383 Iitper
915 2344 974 2374 hoc

204 2396 287 2433 patet
316 2395 479 2434 responsio
500 2395 537 2425 ad
559 2405 693 2434 sequens
704 2396 789 2435 quod
813 2397 973 2436 objicitur,

204 2447 286 2485 quod
301 2448 406 2477 omnis
421 2448 587 2477 necessitas
604 2451 658 2478 aut
673 2451 718 2478 est
742 2449 974 2488 prohibitionis,

205 2502 262 2530 aut
286 2501 476 2531 coactionis:
500 2501 668 2531 dicendum
693 2502 779 2531 enini
805 2503 890 2541 quod
916 2503 976 2534 1106

239 2581 245 2596 ¹
266 2582 345 2608 Boet„
362 2581 390 2604 de
403 2582 478 2605 duab.
499 2582 557 2605 Nat.
574 2584 596 2605 e!
612 2589 652 2606 rm.
670 2590 736 2612 pers.
756 2582 907 2606 (ΙΙιιίἶτῐί-’ῑ
923 2585 974 2607 Λη-

207 2616 309 2646 5611111κ,
320 2619 370 2640 'jar
387 2618 449 2640 mus
465 2624 542 2645 monim,
556 2617 598 2641 1111,
617 2619 645 2646 ll,
656 2625 677 2641 c.
693 2624 787 2641 11111.-
798 2624 829 2645 ini
844 2620 975 2649 ,s1l.qnotl.

741 150 965 181 SENTENTIA
975 149 1058 180 RUM
1082 149 1155 180 LlB.
1183 150 1232 180 ΙΙΙ.

1016 215 1205 254 intelligitur
1220 216 1258 246 de
1274 217 1457 249 necessitate
1471 226 1544 258 qua).
1559 221 1716 258 repugnat
1731 228 1788 249 vo-

1015 267 1142 306 luntati,
1157 268 1237 299 sicut
1252 269 1326 299 dicit
1352 269 1435 300 idem
1452 271 1620 301 Anselinus
1641 271 1662 301 ¹.
1688 270 1729 302 De
1752 280 1789 302 ea

1016 324 1124 352 aulem
1156 322 1348 360 necessitate,
1382 332 1454 362 quae
1482 324 1638 355 voluntati
1660 325 1767 355 subest
1778 348 1786 362 ,

1016 383 1081 406 non
1094 376 1192 406 habet
1221 376 1389 406 veritatem
1425 387 1431 406 :
1460 377 1529 407 ideo
1552 378 1632 408 ratio
1649 378 1702 408 illa
1726 387 1789 408 non

1017 428 1139 467 probat,
1155 428 1238 468 quod
1258 429 1346 459 nulla
1358 429 1418 459 suit
1440 429 1471 459 in
1486 429 1608 460 Christo
1624 431 1790 461 necessitas

1018 480 1167 520 patiendi,
1183 481 1236 511 sed
1263 481 1346 521 quod
1363 491 1427 512 non
1441 482 1500 512 fuit
1515 482 1623 522 aliqua
1649 485 1717 523 ejus
1730 492 1787 515 vo-

1017 533 1130 564 luntati
1148 534 1319 565 contraria.

1057 588 1086 616 5.
1104 586 1151 617 Ad
1172 586 1250 617 illud
1265 587 1348 626 quod
1364 587 1524 627 objicitur,
1544 588 1627 627 quod
1649 588 1791 628 proprie-

1017 642 1064 670 tas
1090 639 1265 670 necessario
1285 639 1446 671 inhaercns
1460 640 1565 678 alicui,
1589 643 1792 681 comparatur

1017 693 1055 723 ad
1076 693 1150 723 illud
1171 693 1252 723 sicut
1268 694 1306 724 ad
1323 694 1503 733 subjectum
1520 697 1549 725 et
1565 704 1706 733 causam,
1722 704 1791 726 res-

1018 746 1148 785 ponderi
1172 748 1283 786 potest,
1299 747 1384 786 quod
1399 756 1510 778 verum
1527 750 1583 779 est.
1616 748 1706 786 Quod
1731 757 1790 780 au-

1017 803 1081 832 tem
1095 803 1238 840 assumit,
1258 802 1343 842 quod
1359 803 1463 842 passio
1477 812 1542 834 non
1557 803 1650 834 habet
1664 813 1792 835 causam

1018 855 1049 884 in
1076 854 1209 893 Christo,
1225 855 1394 886 (licendum
1421 856 1507 895 quod
1530 866 1625 887 causa
1639 857 1793 897 passionis

1018 907 1185 947 dupliciter
1199 910 1302 947 potest
1317 908 1540 940 determinari:
1558 910 1609 941 vel
1624 910 1656 940 in
1674 919 1792 949 genere

1019 961 1127 999 moris,
1145 961 1194 992 vel
1210 961 1242 991 111
1257 970 1375 1000 genere
1390 964 1525 993 naturae.
1539 962 1575 993 ln
1590 971 1707 1001 genere
1722 971 1790 993 mo-

1019 1014 1073 1051 ris,
1089 1023 1184 1045 causa
1205 1015 1361 1054 passionis
1375 1017 1422 1045 est
1452 1015 1605 1046 meritum
1627 1015 1743 1055 peccati
1759 1015 1793 1045 in

1019 1068 1130 1106 nohis3
1154 1069 1243 1099 etsie
1258 1078 1372 1100 verum
1402 1070 1460 1107 est,
1485 1069 1569 1109 quod
1590 1078 1654 1100 non
1680 1069 1739 1100 fuit
1760 1069 1794 1100 in

1020 1121 1151 1152 Christo.
1177 1121 1278 1153 Causa
1300 1131 1377 1153 vero
1400 1123 1435 1152 in
1451 1131 1569 1162 genere
1595 1124 1719 1154 naturae
1748 1123 1795 1153 est

1020 1175 1206 1214 compositio
1233 1184 1274 1206 ex
1297 1176 1463 1206 contrariis
1476 1175 1652 1206 secundum
1676 1177 1794 1206 statum

1020 1237 1139 1267 pugnae
1155 1230 1185 1258 et
1204 1229 1336 1258 actionis
1358 1231 1500 1259 mutuae:
1516 1231 1546 1259 et
1560 1227 1746 1268 hujusmodi
1761 1227 1794 1258 in

1022 1281 1142 1311 Christo
1153 1281 1211 1311 fuit
1224 1290 1312 1312 mera
1322 1281 1496 1312 voluntate.
1513 1281 1549 1312 Et
1558 1290 1614 1321 pro
1627 1281 1687 1311 hac
1700 1289 1795 1311 causa

1020 1334 1155 1364 dicimus
1170 1334 1203 1364 in
1217 1333 1338 1364 Christo
1351 1333 1448 1364 fuisse
1464 1333 1601 1373 patiendi
1630 1333 1795 1364 necessita-

1020 1389 1096 1416 teni.
1114 1385 1152 1416 Et
1166 1386 1241 1416 111116
1256 1388 1301 1417 est
1315 1386 1400 1425 quod
1416 1386 1553 1425 patiendi
1571 1385 1739 1416 necessitas
1761 1385 1796 1416 in

1022 1439 1144 1469 Christo
1160 1439 1356 1470 voluntatem
1371 1448 1436 1470 non
1451 1438 1608 1477 excludit,
1622 1439 1676 1470 sed
1691 1438 1796 1480 potius

1021 1491 1167 1522 includit.

1062 1547 1091 1576 6.
1110 1545 1157 1576 Ad
1173 1545 1250 1575 illud
1265 1545 1352 1586 quod
1361 1545 1523 1586 obJIcitur,
1538 1544 1625 1584 quod
1642 1544 1720 1575 illud
1735 1553 1794 1576 ne-

1022 1598 1157 1628 cessario
1185 1598 1266 1629 inest
1293 1598 1400 1636 alicui,
1430 1598 1515 1638 quod
1543 1598 1626 1628 inest
1654 1597 1694 1636 ei,
1708 1597 1795 1636 velit,

1022 1651 1111 1687 nolit,
1126 1651 1293 1681 dicendum
1310 1652 1395 1691 quod
1408 1651 1486 1682 illud
1501 1659 1565 1681 non
1575 1650 1671 1681 habet
1681 1651 1798 1681 verita-

1023 1705 1088 1733 tem
1099 1704 1159 1734 nisi
1174 1704 1212 1734 de
1227 1713 1264 1734 ea
1279 1704 1462 1735 necessitate
1477 1712 1551 1743 quae
1567 1705 1613 1734 est
1621 1705 1730 1734 contra
1745 1712 1798 1734 vo-

1023 1757 1187 1793 lunlatem,
1204 1766 1269 1786 non
1284 1757 1321 1787 de
1336 1766 1373 1787 ea
1384 1766 1457 1797 quae
1468 1759 1563 1788 estex
1575 1755 1749 1793 voluntate,
1767 1758 1797 1787 et

1023 1810 1130 1840 subest
1144 1810 1299 1841 voluntati
1319 1820 1325 1840 :
1341 1812 1370 1840 et
1388 1810 1458 1840 talis
1484 1810 1654 1841 necessitas
1670 1818 1735 1840 non
1749 1809 1795 1840 di-

1024 1863 1140 1894 minuit
1159 1864 1196 1894 de
1211 1864 1332 1894 ratione
1359 1863 1477 1901 meriti,
1495 1863 1577 1894 sicut
1589 1863 1678 1902 ponit
1691 1862 1799 1893 Ansel-

1025 1926 1097 1948 mus
1120 1917 1305 1956 exemplum
1334 1916 1372 1947 de
1400 1925 1437 1947 eo
1449 1939 1457 1952 ,
1479 1916 1536 1956 qui
1560 1916 1740 1947 voluntarie
1765 1925 1798 1947 56

1025 1970 1180 2009 obligavit
1203 1969 1242 1999 ad
1273 1978 1369 2009 opera
1397 1969 1695 2009 supererogationis
1720 1969 1758 2000 Et
1772 1969 1798 1999 si

1025 2022 1204 2062 objiciatur,
1220 2022 1305 2061 quod
1319 2022 1378 2052 ista
1393 2021 1455 2052 duo
1470 2030 1534 2052 non
1553 2024 1684 2061 possunt
1700 2021 1797 2052 simul

1026 2078 1119 2113 stare,
1136 2075 1220 2115 quod
1235 2075 1355 2114 aliquid
1366 2074 1406 2105 sit
1417 2074 1634 2105 necessarium
1643 2076 1674 2105 et
1688 2075 1800 2106 volun-

1027 2129 1156 2166 tarium,
1170 2137 1244 2158 cum
1259 2127 1478 2158 voluntarium
1493 2127 1592 2167 possit
1606 2127 1651 2158 sic
1663 2128 1695 2158 et
1710 2127 1800 2158 aliter

1028 2190 1060 2211 56
1075 2181 1202 2217 hahere,
1223 2180 1438 2211 necessarium
1448 2189 1525 2211 vero
1542 2180 1683 2219 minime,
1693 2181 1799 2211 dicen-

1028 2233 1105 2265 dum
1121 2235 1205 2274 quod
1222 2234 1300 2264 illud
1315 2243 1430 2265 verum
1444 2235 1492 2264 est
1501 2234 1539 2264 de
1549 2234 1712 2265 voluntate
1727 2242 1799 2273 quae

1029 2287 1125 2318 habet
1151 2296 1260 2317 secum
1287 2296 1447 2317 annexam
1469 2287 1702 2318 vertibilitatem
1715 2296 1723 2324 ;
1746 2286 1800 2318 sed

1029 2340 1066 2371 de
1096 2340 1259 2371 voluntate
1287 2340 1460 2370 invertibili
1489 2349 1555 2370 non
1580 2341 1626 2370 est
1653 2348 1768 2370 verum
1791 2350 1798 2370 :

1031 2393 1172 2424 Christus
1187 2394 1272 2423 enim
1287 2393 1466 2423 voluntarie
1477 2392 1642 2429 benefecit,
1655 2395 1685 2422 et
1695 2395 1802 2424 tamen

1031 2447 1243 2478 necessarium
1259 2447 1320 2477 fuit
1342 2447 1446 2486 ipsum
1474 2446 1681 2477 benefacere:
1703 2447 1746 2477 516
1772 2449 1803 2478 et

1032 2501 1210 2532 voluntarie
1237 2500 1473 2541 passibilitatem
1496 2502 1637 2530 nostram
1653 2509 1802 2540 assump-

1032 2557 1083 2594 sit,
1099 2557 1141 2587 ita
1156 2557 1241 2597 quod
1268 2555 1460 2596 impossibile
1483 2554 1542 2585 fuit
1559 2564 1634 2586 eum
1649 2556 1802 2596 poenitere

1034 2611 1072 2641 de
1087 2611 1157 2647 hoc,
1172 2610 1256 2649 quod
1272 2610 1484 2648 assumpserat
1497 2609 1654 2639 defectum
1670 2609 1774 2640 taleni.
