2017 2960
846 144 1031 180 lllS'l'lNCT.
1055 149 1118 180 XV.
1725 148 1782 177 327

182 221 327 266 oportuit
360 232 419 254 nec
451 219 612 260 dedecuit,
653 219 773 252 falsum
809 229 877 250 esse
911 217 1081 262 probatur.
1119 216 1191 249 Non
1227 216 1316 248 enim
1349 214 1524 257 assumpsit
1560 214 1781 256 ignorantiam
1797 226 1853 249 qumi
1878 227 1905 245 an

182 280 341 324 aliquam,
362 289 438 311 cum
467 278 507 309 sit
534 277 722 320 ignorantia
746 275 911 320 quaedam,
942 286 1017 318 quae
1046 274 1190 307 defectus
1218 278 1265 306 est
1292 284 1350 305 nec
1379 275 1544 317 peccatum
1574 275 1633 311 est,
1663 256 1904 302 scilieetl³³⁰pEpa

183 336 368 380 ignorantia
393 335 606 368 invincibilis.
633 335 716 367 Nam
740 333 905 367 vincibilis
929 337 1097 377 peccatum
1122 337 1180 373 est,
1203 332 1227 364 si
1254 336 1363 364 tamen
1385 330 1424 362 de
1444 329 1494 362 his
1517 333 1576 369 est,
1603 340 1678 372 quae
1692 328 1784 361 nobis

182 393 312 438 expedit
339 393 445 426 scire:
477 397 554 425 sunt
587 393 676 425 enim
699 392 851 436 quaedam
884 402 1028 435 quorum
1050 390 1185 422 scientia
1208 400 1275 421 non
1296 388 1401 428 affert,
1426 387 1478 420 vel
1503 386 1691 429 ignorantia
1719 397 1785 418 non

181 451 318 495 impedit
333 451 484 483 salutem.
502 450 543 482 Et
570 450 652 483 forte
681 450 798 482 talium
828 461 938 482 rerum
967 448 1154 492 ignorantia
1181 447 1325 480 defectus
1348 458 1415 479 non
1437 450 1495 478 est.
1527 446 1660 477 Constat
1675 448 1784 477 autem

180 509 215 541 in
231 508 325 541 nobis
353 519 421 540 esse
446 508 668 551 ignorantiam
697 511 796 551 atque
823 507 1051 539 difficultatem
1081 505 1213 537 volendi
1240 505 1291 537 vel
1319 504 1458 537 faciendi
1487 503 1625 543 bonum,
1649 513 1723 546 quae
1745 502 1785 534 ad

181 566 346 599 miseriam
375 570 520 598 nostram
550 565 724 609 pertinent.
755 565 850 598 Unde
879 564 1088 607 Augustinus
1116 563 1150 595 in
1178 563 1262 594 libro
1291 563 1386 594 tertio
1415 561 1454 593 de
1470 561 1586 594 Libero
1602 560 1749 594 Arbitrio
1775 573 1784 591 :

186 638 202 656 α
217 624 421 669 Approbare,
438 623 548 667 inquit
565 626 586 665 ¹,
604 623 686 656 falsa
703 633 762 667 pro
788 622 886 664 veris,
905 626 942 654 ut
965 625 1050 654 erret
1078 621 1215 661 invitus,
1241 624 1272 652 et
1299 619 1466 652 resistente
1493 623 1591 662 atque
1614 622 1788 662 torquente

181 682 292 715 dolore
305 681 445 715 carnalis
474 681 599 713 vinculi
630 692 698 713 non
726 691 818 724 posse
847 691 865 712 a
894 679 1082 712 libidinosis
1110 678 1264 722 operibus
1289 681 1482 721 temperare,
1514 687 1580 708 non
1609 680 1655 708 est
1670 680 1789 708 natura

181 740 323 773 instituti
338 738 493 780 hominis,
509 738 564 771 sed
589 749 685 782 poena
706 738 864 770 damnati.
883 743 893 759 ²
918 737 966 769 Ex
989 748 1055 781 qua
1082 736 1212 768 miseria
1232 735 1442 780 peccantibus
1461 734 1640 778 justissime
1664 734 1788 766 inflicta

181 798 298 831 liberat
312 797 372 830 Dei
385 796 491 840 gratia
507 809 515 837 3
535 796 614 840 quia
629 799 742 840 sponte
770 796 868 828 homo
890 795 992 828 libero
1011 794 1146 827 arbitrio
1167 794 1280 826 cadere
1303 793 1422 837 potuit,
1440 803 1505 824 non
1526 792 1623 824 etiam
1639 802 1784 834 surgere.

181 856 233 889 Ad
249 866 350 900 quam
374 855 540 887 miseriam
569 853 709 897 pertinet
737 853 924 896 ignorantia
952 858 983 885 et.
1011 852 1197 892 difficultas,
1223 863 1322 896 quam
1352 851 1475 895 patitur
1502 849 1609 882 omnis
1636 849 1734 881 homo
1747 848 1787 881 ab

181 913 315 948 exordio
338 912 519 946 nativitatis
542 923 608 945 suae
625 924 632 944 z
650 923 710 944 nec
731 912 772 944 ab
792 911 854 944 isto
872 912 959 944 malo
975 911 1152 955 quisquam
1167 936 1174 951 ,
1192 910 1254 942 nisi
1277 909 1383 952 gratia
1404 908 1462 940 Dei
1483 908 1654 940 liberatur.
1673 921 1689 938 »
1708 907 1788 939 Ecce

182 971 349 1005 evidenter
363 971 442 1003 dicit
454 971 506 1003 hic
522 970 730 1014 Augustinus
753 969 988 1013 ignorantiam,
1017 980 1084 1013 qua
1103 968 1177 1012 quis
1201 967 1326 1000 invitus
1347 967 1426 999 falsa
1441 977 1498 1010 pro
1515 965 1600 998 veris
1615 965 1786 1009 approbat,

183 1034 215 1062 et
228 1029 467 1070 difficultatem,
486 1040 552 1072 qua
566 1039 631 1060 non
648 1032 751 1072 potest
771 1039 803 1060 se
827 1032 1008 1071 temperare
1037 1038 1055 1059 a
1077 1026 1175 1066 malo,
1202 1025 1242 1058 ad
1267 1025 1434 1057 miseriam
1450 1027 1595 1056 nostram
1611 1023 1786 1067 pertinere,

183 1092 214 1120 et
225 1098 354 1132 poenam
371 1098 438 1119 esse
466 1086 620 1118 hominis.
651 1086 726 1118 Herc
753 1089 863 1118 autem
893 1084 1040 1117 Christus
1070 1095 1136 1116 non
1162 1083 1304 1116 habuit:
1337 1093 1403 1114 non
1432 1092 1510 1124 ergo
1539 1080 1660 1125 accepit
1675 1090 1788 1112 omnes

183 1145 328 1178 defectus
342 1148 462 1176 nostrae
476 1143 678 1176 infirmitatis
694 1147 809 1187 praeter
824 1146 1003 1186 peccatum.

229 1202 292 1235 Sed
308 1202 390 1234 forte
405 1201 526 1245 aliquis
541 1200 624 1233 dicet
638 1201 696 1233 illa
711 1212 778 1233 esse
793 1204 973 1244 peccatum.
1002 1199 1063 1231 Cui
1088 1199 1198 1231 obviat
1221 1198 1305 1230 illud
1323 1197 1411 1241 quod
1431 1196 1641 1239 Augustinus
1660 1195 1787 1227 tradere
1805 1196 1905 1245 lwr‘ss'ssffld-

1827 1233 1892 1246 uo‘an

183 1261 326 1301 videtur,
342 1259 403 1292 hoc
419 1259 538 1291 scilicet
555 1259 660 1291 Deum
685 1258 930 1302 inculpabiliter
956 1263 1030 1290 ante
1058 1261 1224 1301 peccatum
1245 1257 1280 1288 in
1302 1255 1435 1289 exordio
1451 1254 1648 1287 conditimiis
1662 1253 1786 1285 homini
1805 1249 1912 1286 :Imaum

185 1318 325 1362 potuisse
340 1317 465 1358 indere,
482 1321 520 1349 ut
534 1321 641 1350 essent
655 1317 684 1349 ei
707 1316 885 1357 naturalia,
903 1316 948 1348 ita
964 1316 998 1348 in
1018 1315 1103 1347 libro
1128 1315 1417 1347 Rev-atactz'onmn
1438 1313 1593 1357 inquiens
1609 1311 1617 1326 ⁵
1637 1323 1643 1343 ι
1661 1324 1676 1341 «
1692 1311 1789 1354 Igno·
1813 1299 1904 1353 ῗὼξῒ

1805 1366 1912 1388 ssspecea.

186 1376 292 1408 rantia
306 1379 337 1408 et
351 1375 542 1416 difficultas,
560 1375 687 1407 etiamsi
705 1380 810 1407 essent
826 1373 970 1406 hominis
988 1372 1168 1417 primordia
1183 1372 1360 1411 naturalia,
1377 1382 1436 1403 nec
1451 1370 1495 1403 sic
1509 1374 1589 1402 esset
1605 1368 1789 1412 culpandus

186 1433 285 1474 Deus,
302 1433 358 1466 sed
371 1433 569 1465 laudandus.
587 1445 603 1463 >)
623 1432 687 1465 Sed
702 1433 729 1464 si
744 1432 812 1465 haec
827 1432 926 1464 homo
951 1431 985 1463 in
1006 1431 1185 1475 primordio
1207 1430 1403 1462 naturaliter
1425 1428 1603 1468 habuisset,
1622 1426 1787 1470 numquid

186 1495 291 1524 essent
305 1491 339 1523 in
354 1502 391 1523 eo
406 1490 549 1523 defectus
563 1494 593 1523 et
617 1501 723 1534 poenae
738 1493 752 1522 Ἰ
777 1490 812 1522 Si
834 1490 978 1522 defectus
1007 1489 1059 1521 vel
1083 1500 1180 1533 poena
1199 1488 1227 1519 ei
1253 1487 1358 1520 indita
1383 1487 1495 1519 fuisset
1512 1490 1586 1518 ante
1603 1488 1784 1529 peccatum,

185 1549 306 1592 injuste
320 1559 396 1581 cum
407 1560 444 1581 eo
463 1548 517 1591 agi
538 1548 717 1589 videretur,
738 1548 765 1580 si
785 1552 860 1580 ante
880 1547 1013 1591 culpam
1035 1546 1169 1579 sentiret
1186 1557 1329 1589 poenam.
1347 1543 1396 1576 Ob
1412 1544 1473 1576 hoc
1487 1554 1564 1575 sane
1579 1542 1718 1574 dicimus
1730 1542 1789 1574 illa

186 1618 252 1640 non
272 1606 372 1639 fuisse
387 1606 530 1639 defectus
558 1606 610 1638 vel
636 1616 745 1649 poena,
776 1606 802 1637 si
822 1605 1016 1637 naturaliter
1038 1604 1164 1637 homini
1184 1603 1370 1643 infuissent,
1397 1601 1478 1633 sicut
1504 1612 1570 1633 nou
1586 1600 1649 1632 fuit
1663 1599 1790 1631 homini

185 1669 260 1698 ante
276 1668 442 1708 peccatum
459 1664 606 1696 nondum
632 1663 772 1707 gratiam
801 1663 916 1706 adepto
943 1662 1086 1695 defectus
1110 1662 1178 1693 sire
1202 1672 1307 1705 prena,
1339 1671 1405 1691 non
1433 1670 1524 1703 posse
1542 1658 1707 1702 proficere.
1727 1657 1790 1689 Sed

186 1727 360 1767 postquam
384 1722 524 1765 gratiam
542 1722 676 1766 recepit,
702 1732 759 1765 per
777 1732 878 1765 quam
900 1720 1057 1764 proficere
1076 1719 1195 1763 potuit,
1220 1723 1251 1751 et
1273 1718 1314 1750 ad
1335 1723 1461 1760 tempus
1486 1715 1632 1760 profecit,
1652 1726 1791 1758 eamque

186 1781 284 1825 culpa
316 1792 374 1814 sua
401 1784 473 1824 post
501 1779 622 1820 amisit,
648 1779 814 1824 simulque
850 1778 1043 1822 proficiendi
1081 1777 1270 1809 facultatem
1299 1774 1441 1819 perdidit
1464 1787 1471 1814 ;
1502 1772 1646 1806 defectus
1675 1772 1736 1804 fuit
1762 1772 1789 1804 ci

187 1843 218 1872 et
230 1850 327 1883 poena
342 1849 407 1871 non
424 1849 515 1882 posse
535 1837 705 1881 proficere,
727 1837 848 1869 scilicet
869 1836 995 1868 malum
1023 1835 1199 1874 declinare,
1231 1837 1262 1866 et
1289 1833 1415 1865 bonum
1436 1832 1551 1864 facere.
1578 1830 1699 1862 Omnes
1714 1841 1791 1872 ergo

187 1897 332 1930 defectus
356 1899 482 1928 nostros
504 1895 645 1939 suscepit
667 1895 831 1934 Christus,
859 1898 975 1938 praeter
1003 1898 1184 1937 peccatum,
1212 1902 1295 1936 quos
1320 1890 1349 1923 ei
1378 1889 1592 1922 conveniebat
1616 1888 1789 1931 suscipere,

189 1959 221 1987 et
235 1954 330 1987 nobis
344 1953 546 1998 expediebat.
565 1953 651 1986 Sunt
673 1953 761 1986 enim
780 1953 878 1997 plura
897 1951 1135 1994 aegritudinum
1158 1961 1290 1993 genera,
1315 1953 1347 1981 et
1367 1948 1512 1992 corporis
1525 1947 1617 1987 vitia,
1637 1958 1656 1978 a
1671 1946 1792 1990 quibus

189 2012 325 2046 omnino
340 2012 499 2044 immunis
513 2011 631 2044 extitit.
649 2011 738 2050 Quos
760 2011 848 2043 enim
874 2010 1018 2044 defectus
1041 2009 1168 2048 habuit,
1201 2008 1252 2040 vel
1281 2007 1321 2039 ad
1338 2006 1556 2039 ostensionem
1576 2015 1661 2038 verae
1676 2004 1793 2036 huma-

190 2070 313 2111 nitatis,
344 2073 381 2102 ut
406 2069 556 2102 timorem
586 2073 618 2101 et
645 2068 835 2109 tristitiam;
866 2068 918 2101 vel
945 2067 986 2100 ad
1010 2066 1236 2111 impletionem
1265 2065 1372 2108 operis
1401 2064 1440 2096 ad
1470 2063 1557 2107 quod
1584 2066 1729 2101 venerat,
1757 2065 1793 2093 ut

190 2128 435 2173 passibilitatem
464 2132 496 2160 et
522 2127 756 2160 mortalitatem
781 2140 789 2168 3
822 2126 875 2159 vel
911 2125 952 2158 ab
985 2123 1242 2157 immortalitatis
1270 2121 1495 2166 desperatione
1527 2131 1618 2164 spem
1647 2124 1792 2152 nostram

190 2186 393 2229 erigendam,
410 2189 448 2218 ut
463 2189 614 2226 mortem,
630 2185 781 2229 suscepit.
803 2184 870 2217 Hos
897 2188 1008 2216 autem
1031 2182 1175 2215 defectus
1195 2192 1261 2214 non
1282 2179 1479 2213 conditionis
1503 2189 1572 2211 suae
1589 2177 1789 2217 necessitate,

189 2244 245 2278 sed
270 2242 488 2276 miserationis
512 2243 680 2275 voluntate
705 2241 856 2286 suscepit.
881 2241 985 2275 Veros
1007 2240 1143 2284 quidem
1164 2238 1280 2271 habuit
1303 2238 1460 2278 defectus,
1485 2236 1569 2269 sieut
1590 2239 1622 2268 et
1637 2246 1695 2267 nos
1712 2247 1720 2275 3
1737 2233 1791 2266 sed

190 2314 256 2335 non
270 2313 310 2335 ex
329 2301 442 2334 eadem
466 2312 574 2333 causa.
604 2300 671 2333 Nos
699 2300 786 2332 enim
815 2311 854 2332 ex
879 2304 1008 2343 peccato
1029 2297 1183 2341 originali
1205 2297 1264 2329 hos
1287 2295 1431 2328 defectus
1453 2293 1689 2332 contrahimus,
1709 2292 1792 2323 sicut

193 2359 367 2404 Apostolus
393 2359 540 2391 insinuat
571 2358 681 2391 dicens
702 2360 713 2377 ¹³
737 2370 744 2390 z
774 2358 899 2401 Corpus
936 2355 1069 2401 quidem
1098 2361 1232 2400 propter
1258 2359 1436 2398 peccatum
1475 2357 1643 2384 mortuum
1671 2355 1731 2389 est,
1758 2348 1792 2381 id

192 2421 239 2449 est
252 2417 474 2450 necessitatem
488 2416 650 2449 moriendi
668 2415 765 2448 habet
781 2415 817 2448 in
830 2426 874 2447 se.
893 2414 1042 2447 Christus
1057 2418 1167 2446 autem
1182 2423 1249 2445 non
1265 2423 1306 2444 ex
1319 2415 1448 2455 peccato
1464 2408 1655 2453 hujusmodi
1676 2406 1792 2439 habuit

194 2474 346 2515 defectus,
363 2475 442 2519 quia
456 2475 525 2507 sine
544 2478 672 2518 peccato
698 2477 745 2506 est
773 2477 947 2517 conceptus
976 2476 1007 2504 et
1035 2476 1141 2512 natus,
1170 2475 1203 2503 et
1225 2470 1260 2502 in
1291 2469 1385 2502 terris
1410 2472 1619 2501 conversatus
1635 2468 1655 2497 ⁵.
1673 2464 1737 2497 Sed
1753 2476 1791 2497 ex

194 2532 264 2565 sola
280 2532 495 2565 miserationis
509 2532 680 2565 voluntate
694 2531 734 2564 de
755 2535 866 2564 nostro
886 2531 920 2563 in
942 2541 975 2562 se
995 2529 1163 2562 transtulit
1185 2539 1298 2561 veram
1318 2526 1557 2565 infirmitatem,
1575 2523 1657 2556 sicut
1672 2522 1794 2566 accepit

227 2604 234 2620 ¹
247 2604 323 2634 Aug„
336 2603 366 2626 de
379 2602 432 2628 Lib.
444 2603 538 2633 Arbit„
553 2603 598 2628 uh.
612 2604 657 2634 111,
669 2610 692 2627 c.
708 2608 784 2634 xvni,
794 2609 819 2626 n.
834 2602 917 2632 52;cle
931 2601 991 2625 Nat.
1005 2602 1028 2624 et
1044 2601 1128 2631 Grae„
1142 2607 1164 2624 c.
1180 2605 1260 2629 mvn,
1274 2606 1300 2622 n.
1317 2599 1355 2622 81.
1367 2598 1416 2615 ——2
1428 2597 1472 2626 td„
1495 2596 1612 2625 Reman„
1627 2594 1672 2618 lib.
1688 2594 1707 2624 l,
1721 2600 1742 2617 c.
1755 2598 1791 2621 ix,

197 2645 223 2662 n.
235 2640 263 2670 ⁶5
277 2638 308 2662 de
319 2639 387 2663 Dono
401 2645 448 2663 seu
461 2638 529 2662 Bono
540 2645 644 2670 persev„
660 2645 684 2662 c.
698 2644 737 2668 11,
747 2645 772 2662 n.
790 2639 829 2662 27.
840 2650 872 2657 —
883 2637 894 2654 Ι
903 2636 968 2661 Ibid-
979 2648 1009 2654 —-
1028 2636 1037 2651 ⁸
1047 2636 1126 2664 Rom„
1138 2641 1198 2666 vni,
1214 2636 1251 2659 10.
1261 2647 1290 2652 —
1299 2634 1309 2649 ⁵
1325 2633 1396 2660 Bar..
1408 2637 1446 2661 111,
1461 2632 1499 2655 38.
