2017 2960
594 396 701 437 tNDEx
724 395 959 436 MATERIARUM
985 395 1062 442 01]AE
1085 393 1121 435 ΙΝ
1144 395 1241 435 'sotto
1267 395 1409 441 QUARTO

254 677 525 732 SANCTI
578 675 1158 730 BONAVENTURAE
1211 674 1751 730 CONTINENTUR

195 973 414 998 AvnnrlssEuENT
430 979 462 997 Dr:
476 972 631 997 L’EmTEuu.

196 1008 355 1034 praefationis
367 1009 435 1039 loco,
451 1015 483 1033 ex
495 1008 650 1033 Prodromo.

195 1045 390 1069 Animadversio
404 1044 432 1069 in
446 1045 504 1068 dist.
518 1045 561 1074 111,
573 1046 639 1075 part.
650 1050 668 1071 1,
681 1046 727 1069 art.
746 1046 768 1075 Ι,
782 1052 807 1076 q.
822 1047 843 1069 1.

195 1081 322 1112 Elogium.

195 1118 384 1148 Argumentum
409 1117 495 1147 quoad
512 1117 613 1147 partum
635 1117 701 1141 hauc
727 1117 899 1148 posteriorem

225 1153 399 1184 expositionis.

194 1188 353 1213 Prooemium
365 1189 391 1212 in
402 1187 495 1212 librum
505 1188 621 1212 tertium.

194 1225 266 1248 Disr.
284 1231 304 1249 1.

193 1259 325 1289 Expositio
339 1261 433 1284 textus.

193 1296 255 1319 Aur.
271 1301 288 1319 1.
304 1295 400 1324 Quaest.
417 1296 439 1318 1.
456 1295 545 1318 Utrum
566 1294 653 1318 divina
676 1296 767 1319 natura
787 1295 898 1326 potuerit

224 1330 292 1355 uniri
306 1337 366 1354 cum
384 1330 497 1354 humana
511 1331 611 1354 natura.

194 1366 289 1395 Quaest.
309 1368 333 1390 2.
360 1367 451 1390 Utrum
472 1372 523 1389 una
541 1372 653 1396 persona
669 1365 749 1396 possit
762 1366 828 1390 uniri
843 1367 897 1390 sine

224 1401 311 1426 attera.

194 1438 289 1467 Quaest.
311 1438 334 1461 3.
352 1437 443 1462 Utrum
457 1443 569 1468 persona
584 1442 635 1461 una
648 1436 729 1467 possit
743 1436 817 1461 simu]
832 1437 898 1462 uniri

224 1480 283 1498 cum
297 1473 354 1504 alia,
363 1473 518 1497 assumendo
527 1479 604 1496 unam
612 1474 637 1496 et
646 1472 764 1496 eamdem
780 1475 898 1497 naturam

223 1516 341 1533 numero.

193 1545 288 1573 Quaest.
313 1547 336 1569 4.
361 1546 451 1569 Utrum
481 1544 601 1575 quaelihet
628 1544 705 1568 trium
728 1551 897 1575 personarum

223 1581 304 1612 possit
318 1580 446 1605 incarnari
459 1587 505 1611 per
526 1580 648 1610 seipsam.

192 1617 255 1641 ART.
280 1623 310 1642 11.
332 1617 427 1645 Quaest.
445 1619 466 1640 t.
478 1617 570 1640 Utrum
584 1616 609 1639 in
623 1622 702 1646 opere
716 1615 899 1640 incarnationis

229 1656 345 1678 servetur
359 1652 446 1676 dehita
460 1651 628 1683 congruentia
641 1658 673 1675 ex
690 1654 761 1682 parte
774 1652 831 1676 Dei.

194 1692 289 1721 Quaest.
305 1692 329 1714 2.
351 1689 390 1713 An
404 1688 470 1712 ratio
491 1687 675 1711 incarnationis
698 1687 774 1712 fuerit
793 1688 898 1712 humani

225 1726 327 1759 generis
341 1724 496 1755 redemptio.

194 1764 291 1793 Quaest.
311 1763 334 1785 3.
355 1760 417 1789 Quae
438 1759 515 1784 trium
532 1765 701 1790 personarum
722 1759 798 1784 fuerit
817 1760 898 1790 magis

225 1799 319 1823 idonea
330 1796 362 1820 ad
378 1795 591 1820 incarnationem.

195 1835 290 1865 Quaest.
309 1834 331 1857 4.
347 1833 402 1860 Quo
424 1833 540 1862 tempore
559 1831 636 1855 fuerit
654 1831 736 1862 magis
755 1838 900 1863 congruum

225 1870 317 1895 Filium
331 1867 377 1892 Dei
391 1867 529 1891 incarnari.

196 1907 269 1931 D1sr.
285 1911 314 1929 11.

196 1940 326 1973 Expositio
338 1940 434 1963 textus.

195 1979 258 2002 Aur.
272 1983 290 2001 1.
308 1976 403 2005 Quaest.
422 1977 443 1998 1.
459 1975 550 1999 Utrum
564 1974 647 2004 major
662 1974 693 1998 sit
703 1974 850 2005 congruitas
869 1975 900 1999 ad

226 2013 350 2037 unionem
362 2011 388 2034 in
399 2010 517 2034 rationaii
528 2011 653 2040 creatura,
663 2016 740 2041 quam
750 2010 776 2034 in
784 2013 837 2035 toto
849 2011 901 2035 uni-

227 2054 311 2077 verso,
326 2053 358 2070 an
373 2053 386 2069 e
398 2045 541 2069 contrario.

196 2085 291 2114 Quaest.
307 2086 330 2107 2.
345 2083 435 2107 Utrum
445 2081 528 2113 major
540 2081 572 2105 sit
580 2081 725 2112 congruitas
735 2082 766 2106 ad
779 2081 901 2106 unionem

227 2121 254 2144 in
267 2120 380 2144 humana
392 2119 490 2147 natura,
507 2124 585 2148 quam
600 2117 625 2141 in
639 2117 742 2149 angelo,
758 2125 791 2142 an
806 2125 820 2142 e
836 2125 899 2143 con-

226 2162 312 2180 verso.

198 2193 291 2221 Quaest.
309 2191 332 2214 3.
348 2191 439 2215 Utrum
451 2188 533 2220 major
542 2187 574 2212 sit
586 2189 733 2219 congruitas
745 2189 771 2214 in
784 2190 838 2214 tota
847 2196 902 2221 spe-

228 2227 266 2251 cie
280 2227 407 2255 humana,
422 2231 500 2256 quum
514 2224 541 2248 iu
557 2223 699 2248 individuo.

197 2264 260 2288 Aur.
276 2268 306 2287 ιι.

197 2300 294 2328 Quaest.
317 2299 339 2322 1.
360 2298 451 2322 Utrum
478 2295 592 2321 Christus
621 2296 788 2327 assumpserit
813 2302 900 2321 veram

229 2341 343 2360 carnem.

198 2372 293 2400 Quaest.
316 2372 340 2395 2.
365 2370 456 2394 Utrum
477 2368 591 2393 Christus
610 2369 777 2400 assumpserit
790 2368 902 2393 animam

229 2406 389 2431 rationalem.

198 2443 293 2472 Quaest.
312 2442 336 2465 3.
350 2442 442 2466 Utrum
458 2440 572 2465 Christus
586 2439 705 2464 hahuerit
719 2447 777 2464 cum
790 2440 845 2465 aliis
856 2441 902 2465 ho·

228 2477 340 2502 minibus
353 2482 517 2500 communem
531 2475 653 2506 speciem.

198 2515 261 2539 ΛΒΤ.
276 2519 314 2538 111.
332 2513 427 2542 Quaest.
443 2513 466 2536 1.
481 2513 571 2537 Utrum
589 2519 682 2543 corpus
696 2512 789 2536 Christi
802 2512 902 2537 unitum

229 2549 306 2574 fuerit
318 2548 446 2573 mediante
460 2548 550 2579 spiritu
563 2548 687 2578 humano,
703 2548 756 2573 sive
775 2548 868 2572 anima.

199 2586 295 2615 Quoest.
310 2586 334 2609 2.
352 2584 443 2609 Utrum
463 2583 549 2608 anima
567 2584 661 2609 Christi
675 2583 751 2608 fuerit
770 2586 900 2616 assumpta

231 2629 246 2647 a
256 2621 351 2650 Verbo,
367 2620 496 2645 mediante
508 2620 592 2652 aliquo
604 2620 693 2646 habitu
706 2621 825 2652 gratuito.

929 533 1078 564 OPERUM

961 979 974 995 V

936 1015 974 1033 vu

926 1051 974 1069 xm

930 1087 975 1105 xiv

941 1159 974 1177 xv

962 1190 972 1212 1

961 1226 974 1248 3

961 1262 974 1284 5

962 1333 975 1356 7

947 1403 975 1427 to

948 1512 956 1534 1
1004 1533 1005 1540 1

963 1583 975 1606 Ur
963 1512 976 1534 [0

948 1584 957 1606 1

949 1655 976 1678 17

949 1727 977 1750 19

948 1798 977 1821 26

949 1870 978 1893 29

949 1906 977 1929 31

950 1942 978 1964 33

950 2047 978 2070 35

951 2154 980 2179 37

951 2225 979 2249 40

951 2262 977 2285 41

950 2333 979 2357 42

950 2406 979 2430 44

950 2476 979 2501 45

950 2549 979 2574 47

950 2621 979 2645 49

1031 974 1124 1002 Quaest.
1149 976 1172 998 3.
1197 975 1286 999 Utrum
1308 976 1421 1000 Verbum
1442 976 1474 1000 sit
1493 976 1591 1001 unitum
1611 977 1730 1002 hnmauae

1061 1010 1161 1033 naturae
1173 1010 1301 1035 mediante
1317 1011 1412 1042 Spiritu
1429 1014 1527 1036 sancto.

1031 1045 1102 1069 D1sr.
1117 1051 1158 1069 111.

1030 1081 1108 1104 PAnT.
1128 1087 1147 1105 1.
1167 1082 1296 1112 Expositio
1311 1084 1404 1107 textus.

1030 1117 1227 1145 Aur.1.Quaest.
1243 1120 1265 1142 1.
1280 1119 1370 1142 Utrum
1388 1126 1447 1143 caro
1463 1119 1574 1150 Virginis
1590 1120 1748 1144 sanctificata

1061 1152 1136 1176 suerit
1151 1155 1208 1177 aute
1223 1153 1417 1178 animationem.

1031 1188 1125 1216 Quaest.
1138 1190 1161 1211 ἱ).
1169 1189 1257 1212 Utrum
1265 1190 1350 1213 anima
1362 1190 1443 1215 heatae
1454 1191 1566 1222 Virginis
1577 1191 1732 1215 sanctificata

1061 1224 1137 1247 fuerit
1161 1227 1219 1248 ante
1245 1226 1374 1256 originalis
1392 1227 1490 1256 peccati
1514 1227 1725 1252 contractionem.

1031 1259 1125 1287 Quaest.
1150 1261 1173 1283 3.
1196 1261 1285 1284 Utrum
1305 1261 1380 1286 beata
1406 1262 1482 1293 Virgo
1500 1262 1657 1286 sanctificata
1673 1263 1748 1287 fuerit

1062 1296 1119 1318 aute
1136 1295 1304 1320 nativitatem.

1032 1330 1094 1354 AnT.
1111 1337 1141 1354 11.
1157 1331 1251 1360 Quaest.
1265 1335 1285 1356 1.
1298 1333 1387 1357 Utrum
1397 1339 1442 1364 per
1450 1333 1658 1357 sanctificationis
1673 1341 1731 1365 gra-

1062 1365 1123 1389 tiam
1134 1367 1231 1390 munda
1245 1368 1320 1392 suerit
1334 1369 1365 1392 ab
1380 1368 1450 1392 omui
1465 1368 1560 1392 actuali
1570 1371 1685 1399 peccato.

1032 1402 1126 1430 Quoest.
1153 1404 1176 1426 2.
1207 1404 1297 1427 Utrum
1324 1404 1350 1427 in
1376 1404 1460 1435 prima
1488 1404 1685 1428 sanctificatione
1707 1405 1733 1428 in

1063 1438 1166 1469 Virgine
1189 1439 1265 1463 fuerit
1279 1439 1374 1464 fomitis
1388 1440 1594 1470 concupiscentia
1608 1441 1728 1464 extincta.

1032 1474 1125 1502 Quaest.
1161 1475 1184 1498 3.
1218 1475 1307 1498 Utrum
1335 1475 1361 1499 iu
1389 1476 1501 1499 secunda
1529 1476 1730 1500 sanctificatione

1062 1510 1146 1534 ablata
1161 1510 1236 1534 fuerit
1250 1511 1282 1534 ab
1302 1518 1331 1534 ea
1346 1512 1470 1541 peccandi
1483 1512 1606 1542 potentia.

1033 1546 1111 1570 PAur.
1125 1551 1154 1570 11,
1173 1546 1303 1576 Expositio
1316 1549 1408 1570 textus.

1032 1583 1094 1606 Aur.
1108 1588 1125 1605 1.
1137 1582 1231 1610 Qucest.
1255 1584 1276 1606 1.
1293 1583 1383 1606 Utrum
1406 1582 1495 1614 aliquis
1514 1582 1639 1607 decimari
1651 1583 1745 1608 habeat

1064 1617 1089 1641 iu
1103 1617 1260 1648 parentibus.

1033 1654 1126 1682 Quoest.
1140 1655 1161 1677 2.
1176 1654 1266 1677 Utrum
1281 1653 1395 1678 Christus
1405 1654 1562 1678 inAbraham
1574 1655 1651 1679 fuerit
1663 1655 1732 1679 deci-

1063 1691 1155 1713 matus.

1035 1726 1095 1749 Aur.
1112 1731 1143 1749 11.
1162 1725 1256 1754 Quaest.
1276 1727 1299 1749 1.
1319 1726 1409 1750 Utrum
1425 1732 1484 1750 caro
1501 1726 1602 1755 Christi,
1618 1726 1643 1750 iu
1659 1726 1737 1750 Abra—

1065 1761 1125 1785 ham
1148 1763 1173 1785 et
1194 1761 1248 1785 aliis
1270 1762 1401 1792 patribus,
1417 1762 1535 1786 distincta
1548 1762 1624 1786 fuerit
1640 1769 1735 1786 sccun-

1065 1797 1126 1820 dum
1153 1797 1298 1828 qualitatem
1316 1805 1330 1821 a
1349 1805 1425 1822 carue
1451 1798 1558 1822 altorum
1582 1798 1702 1822 filiorum.

1032 1833 1126 1861 Quaest.
1151 1834 1174 1857 2.
1199 1833 1289 1857 Utrum
1309 1840 1368 1857 caro
1389 1834 1479 1858 Christi
1504 1834 1622 1858 fueritin
1643 1840 1734 1864 paren-

1062 1868 1129 1892 tibus
1152 1869 1234 1899 atiter,
1249 1876 1326 1900 quam
1342 1877 1401 1893 caro
1414 1870 1523 1893 aliorum
1538 1869 1675 1894 hominum
1692 1876 1733 1893 se-

1063 1904 1175 1928 cundum
1186 1904 1271 1936 legem
1285 1905 1484 1936 propagationis.

1033 1941 1095 1964 Aur.
1119 1945 1160 1964 111.

1033 1977 1126 2004 Quaest.
1152 1978 1176 2000 1.
1194 1977 1284 2001 Utrum
1299 1984 1392 2007 corpus
1407 1977 1499 2001 Christi
1511 1976 1664 2007 productum
1683 1976 1735 2000 fue-

1063 2012 1096 2035 rit
1110 2012 1142 2035 ad
1157 2012 1295 2042 perfectam
1314 2013 1410 2036 molem
1428 2013 1521 2042 subito,
1533 2020 1564 2036 an
1581 2012 1734 2036 successive.

1033 2048 1128 2076 Quaest.
1150 2049 1173 2072 2.
1197 2048 1288 2072 Utrum
1307 2048 1483 2072 membrorum
1501 2048 1620 2072 formatio
1642 2050 1667 2072 et
1684 2048 1735 2072 dis-

1063 2083 1150 2107 tinctio
1164 2083 1230 2108 facta
1249 2084 1281 2108 sit
1295 2084 1389 2115 subito,
1411 2091 1444 2108 an
1463 2083 1618 2114 successive,
1635 2083 1661 2107 in
1675 2090 1733 2108 cor-

1063 2125 1126 2149 pore
1141 2119 1286 2143 Dominico.

1033 2155 1106 2179 D1sr.
1124 2161 1158 2178 ιν.

1033 2190 1163 2221 Expositio
1178 2192 1271 2215 textus.

1033 2228 1096 2251 AM.
1114 2229 1136 2250 1.
1153 2227 1247 2255 Quaest.
1268 2229 1289 2251 t.
1306 2227 1396 2251 Utrum
1412 2225 1467 2251 Filii
1481 2225 1526 2250 Dei
1539 2225 1679 2250 incarnatio
1692 2225 1736 2249 de-

1064 2262 1123 2286 beat
1136 2262 1296 2293 appropriari
1309 2262 1385 2292 Patri,
1396 2261 1548 2293 an-Spiritui
1560 2264 1659 2286 sancto.

1034 2298 1130 2327 Qucest.
1150 2299 1173 2321 2.
1194 2298 1285 2322 Utrum
1304 2297 1418 2322 Christus
1432 2297 1513 2328 possit
1525 2297 1577 2321 dici
1592 2296 1658 2321 fitius
1674 2296 1731 2327 Spi-

1064 2334 1127 2357 ritus
1141 2334 1231 2358 sancti.

1034 2370 1129 2398 Quaest.
1145 2372 1167 2394 3.
1180 2370 1270 2394 Utrum
1285 2369 1399 2394 Christus
1413 2367 1492 2400 possit
1506 2369 1565 2392 dicit
1579 2367 1643 2392 filius
1657 2367 1737 2392 Trini-

1064 2406 1132 2430 tatis.

1034 2441 1096 2465 Anr.
1110 2447 1139 2466 11.
1157 2442 1251 2471 Quaest.
1275 2444 1296 2466 1.
1315 2442 1405 2466 Utrum
1420 2441 1513 2465 Christi
1533 2439 1679 2471 conceptio,
1695 2439 1736 2463 vel

1068 2478 1210 2504 incarnatio
1221 2477 1296 2502 fuerit
1310 2485 1342 2502 ex
1356 2484 1427 2501 mera
1441 2477 1531 2509 gratia,
1548 2483 1581 2500 an
1593 2476 1643 2500 hoc
1653 2475 1738 2507 impe-

1064 2514 1188 2540 traverint
1203 2516 1304 2545 patrum
1318 2513 1411 2537 merita
1425 2515 1581 2537 sanctorum.

1034 2554 1127 2583 Quaest.
1143 2553 1167 2576 2.
1186 2551 1276 2575 Utrum
1290 2549 1412 2574 meruerit
1425 2549 1500 2573 beata
1513 2549 1592 2580 Virgo
1607 2547 1736 2573 Christum

1063 2587 1208 2618 concipere,
1222 2592 1254 2610 an
1265 2585 1340 2610 fuerit
1351 2585 1485 2617 conceptio
1494 2585 1535 2609 illa
1545 2585 1626 2609 solum
1637 2590 1669 2608 ex
1680 2590 1736 2608 mu-

1064 2630 1125 2648 nere
1141 2621 1229 2654 gratiae
1245 2621 1348 2646 diviuae.

1779 1015 1806 1038 51

1780 1050 1809 1073 53

1780 1086 1809 1108 56

1780 1158 1808 1180 58

1779 1229 1809 1252 62

1780 1299 1809 1323 (36

1781 1371 1810 1393 68

1778 1441 1806 1465 ‘Io

1782 1513 1812 1536 72

1782 1547 1811 1571 74

1782 1691 1811 1713 ’Π

1782 1798 1811 1821 79

1783 1906 1812 1929 82

1784 1941 1812 1964 84

1784 2013 1812 2035 85

1784 2119 1813 2142 86

1785 2155 1813 2178 89

1785 2191 1810 2213 91

1783 2261 1813 2285 93

1784 2333 1813 2355 95

1785 2404 1813 2427 97

1785 2511 1814 2534 99

1771 2618 1814 2643 ¹02
