2017 2960
628 175 817 208 DISTINCT.
841 176 893 208 xl.
916 178 1008 210 ΛΒΤ.
1033 179 1072 211 ll.
1095 179 1245 217 QUAEST.
1270 181 1293 213 1.

207 240 285 272 ltem
311 242 451 273 Christus
474 242 500 271 si
515 244 561 272 est
576 245 732 280 creatura,
749 246 806 275 aut
820 245 880 275 hoc
896 248 942 276 est

166 294 287 325 ratione
303 297 437 332 naturae,
453 295 636 326 auti-atione
646 306 806 336 personae:
818 299 941 329 ratione

166 350 290 379 naturae
305 358 380 385 non,
398 349 473 388 quia
490 352 604 380 natura
620 360 683 380 non
696 351 888 390 praedicatur
903 353 940 384 de

166 400 303 439 Christo;
320 401 442 432 ratione
464 411 608 442 personae
624 413 699 442 non,
716 405 791 443 quia
806 414 940 444 persona

165 454 278 484 Christi
300 463 364 484 non
382 458 428 485 est
443 451 557 494 creata,
576 457 630 487 sed
656 457 742 487 Patri
758 461 915 489 coaeterna
932 470 938 489 z

164 516 243 545 ergo
258 507 346 538 nullo
374 509 469 540 modo
484 518 600 540 verum
624 512 671 540 est
696 511 783 550 quod
798 511 941 543 Christus

163 559 204 590 sit
216 562 372 591 creatura.

447 655 674 688 CONCLUSIO.

165 727 300 755 Christum
319 736 370 755 esse
388 731 539 756 creaturam
561 738 613 756 non
635 731 712 758 debet
729 732 872 759 admittere
894 742 939 760 ca-

201 773 311 800 tholicus
327 774 477 807 theologius,
504 776 559 801 nisi
582 784 639 802 cum
659 776 893 811 determinatione,
915 779 941 804 iu

199 822 321 852 quantum
336 818 428 852 homo,
450 820 515 853 quia
536 821 600 846 talis
619 828 701 847 sermo
716 823 786 849 male
805 823 939 857 intelligi-

203 862 266 889 bilis
283 865 332 895 est,
352 866 377 890 et
391 864 462 891 male
477 865 627 892 intellectus
641 867 707 899 fuit.

204 943 297 984 Resp.
314 945 352 975 ad
368 954 439 984 arg.
471 945 643 977 Ulcendum
671 948 756 987 quod
772 950 941 988 praedictus

163 1005 268 1026 sermo
284 1006 302 1027 a
323 998 506 1029 doctoribus
530 1000 702 1039 theologiae
729 1003 942 1033 communiter

164 1059 229 1080 non
244 1051 416 1090 recipitur:
439 1052 618 1091 «Christus,
634 1054 700 1085 sive
714 1055 799 1085 filius
822 1055 874 1086 Dei
895 1059 941 1087 est

164 1106 318 1134 creatura.
347 1116 360 1132 n
382 1106 555 1136 Adbaerent
571 1107 656 1137 enim
674 1109 780 1138 verbis
798 1110 940 1148 Magistri

163 1155 196 1186 in
212 1156 326 1188 littera.
340 1158 430 1188 Ratio
453 1162 558 1190 autem
582 1169 682 1199 quare
696 1171 760 1191 non
776 1163 938 1202 recipitur,

162 1211 207 1239 est
222 1211 298 1249 quia
313 1211 383 1241 talis
399 1221 503 1242 sermo
519 1216 565 1242 est
592 1214 792 1254 propinquus
813 1216 913 1246 errori
932 1228 937 1246 z

161 1263 261 1293 errori
276 1266 383 1294 autem
399 1266 645 1306 appropinquat,
658 1270 688 1298 et
703 1268 779 1307 quia
791 1269 874 1299 male
888 1269 941 1299 ali-

162 1317 290 1356 quando
318 1317 497 1350 intellectus
523 1322 568 1350 est
583 1320 622 1350 ab
638 1321 797 1352 haeretieis
822 1323 940 1353 arianis

165 1370 217 1409 (a),
234 1373 264 1401 et
290 1371 386 1402 etiam
401 1372 477 1412 quia
489 1373 528 1403 de
540 1382 572 1403 se
590 1373 671 1404 male
685 1377 731 1405 est
748 1375 938 1414 intelligibi-

161 1423 210 1454 lis.
226 1424 322 1454 Arius
341 1425 376 1464 (b)
394 1435 533 1466 namque
557 1427 639 1458 dixit
660 1427 778 1458 Filium
794 1428 847 1459 Dei
873 1439 940 1461 esse

162 1480 366 1509 creaturam:
390 1482 420 1510 et
445 1481 595 1520 quoniam
623 1481 768 1513 Christus
795 1483 941 1513 nominat

162 1540 331 1570 personam
348 1532 418 1563 Filii
434 1533 488 1564 Dei
502 1545 509 1572 ;
525 1535 580 1574 qui
600 1535 674 1565 dicit
696 1535 858 1566 Christum
874 1546 940 1567 esse

161 1585 340 1614 creaturam
355 1608 362 1621 ,
402 1594 466 1615 non
512 1585 726 1616 determinans
762 1587 939 1617 seeundum

161 1645 258 1675 quam
278 1640 427 1668 naturam
444 1638 614 1678 intelligat,
633 1639 759 1670 videtur
786 1640 870 1670 idem
889 1640 940 1670 ‹li-

162 1698 232 1720 cere
247 1690 331 1729 quod
348 1691 446 1721 Arius
460 1692 497 1730 (b)
515 1692 611 1731 impie
636 1692 744 1723 sensit.
773 1692 827 1723 Est
844 1694 939 1724 etiam

161 1743 243 1774 male
262 1744 474 1784 intelligibilis
501 1746 539 1776 de
553 1756 586 1776 se
608 1748 738 1786 propter
751 1756 939 1787 repugnan-

158 1797 235 1828 tiam
252 1798 472 1830 intellectuum
486 1811 492 1830 :
508 1803 654 1832 creatura
671 1801 768 1838 enim,
779 1804 939 1841 quantum

157 1854 204 1882 est
217 1852 255 1883 de
277 1853 398 1883 ratione
413 1854 462 1884 sui
485 1854 635 1892 nominis,
652 1855 728 1886 dicit
756 1858 938 1894 respectum

156 1906 194 1936 ad
210 1906 409 1945 Creatorem3
426 1907 501 1938 dicit
515 1908 611 1938 etiam
625 1909 756 1949 aliquid,
773 1909 859 1949 quod
879 1909 936 1939 ha-

158 1960 210 1990 bet
220 1969 288 1990 esse
303 1962 372 2000 post
386 1970 451 1991 non
467 1970 548 1999 esse;
567 1961 640 1992 dicit
658 1963 752 1993 eliam
769 1963 852 2002 quod
881 1963 939 1993 ha-

158 2014 210 2044 bet
225 2022 293 2044 esse
305 2014 433 2044 aliunde
448 2024 503 2054 per
519 2015 716 2046 voluntatem
739 2017 912 2056 procedens
929 2027 935 2047 :

159 2076 238 2106 ergo
255 2067 287 2097 in
303 2067 355 2097 tali
384 2067 544 2098 locutione
570 2068 749 2099 intellectus
776 2069 938 2108 praedicati

161 2130 344 2161 repugnare
360 2121 485 2151 videtur
500 2122 674 2153 intellectui
688 2122 789 2162 ipsius
804 2125 937 2164 subjecti

159 2174 335 2205 secundum
350 2174 507 2214 triplicem
523 2175 766 2207 dissonantiam.
785 2177 822 2207 Et
843 2187 937 2218 prop-

160 2230 246 2258 terea
256 2227 427 2267 praedictus
443 2237 548 2258 sermo
561 2231 606 2259 est
622 2229 702 2259 male
717 2229 936 2269 intelligibilis,

161 2283 191 2312 et
205 2281 264 2312 fuit
278 2281 359 2312 male
375 2281 554 2312 intellectus
569 2293 575 2312 t
594 2285 624 2312 et
636 2292 692 2323 per
708 2283 766 2314 hoc
778 2286 825 2314 est
839 2285 939 2315 errori

163 2335 370 2375 propinquus.
393 2334 430 2365 Et
451 2335 603 2375 quoniam
619 2345 724 2367 sermo
736 2335 939 2376 theologicus

163 2388 254 2419 debet
267 2398 333 2419 esse
349 2388 540 2426 catholicus,
557 2391 587 2418 et
604 2389 740 2420 usitatus
753 2414 761 2427 ,
783 2391 822 2421 ab
843 2391 938 2421 intel-

163 2441 246 2472 lectu
259 2452 324 2473 non
334 2443 492 2479 dissonus,
509 2443 539 2472 et
553 2442 610 2481 rei,
626 2443 664 2473 de
680 2453 744 2483 qua
762 2443 936 2483 loquimur,

164 2504 336 2533 consonus3
365 2498 533 2535 propterea
558 2496 730 2535 praedictus
755 2506 860 2528 sermo
875 2507 939 2528 non

164 2548 324 2588 recipitur,
340 2549 401 2579 nisi
416 2549 649 2581 determinetur
666 2561 672 2580 :
692 2551 776 2581 unde
800 2552 939 2582 rationes

165 2601 371 2632 concedendae
385 2604 551 2642 sunt,quae
564 2604 736 2634 ostendunt
751 2605 938 2644 praedictum

164 2663 345 2686 sermonem
360 2663 422 2684 non
438 2664 507 2686 esse
520 2656 763 2688 admittendum.

1717 190 1772 219 -251

1038 249 1051 277 1
1077 249 1107 278 et
1126 250 1155 278 2.
1180 248 1228 279 Ad
1252 249 1330 280 illud
1360 259 1438 290 ergo
1468 252 1553 290 quod
1569 253 1717 292 objicitur
1742 255 1776 286 in

996 301 1192 332 contrarium
1207 303 1245 333 de
1263 305 1447 334 sanctorum
1462 306 1712 345 auctoritatibus,
1725 309 1776 339 di-

996 354 1132 385 cendum
1147 356 1233 395 quod
1247 357 1346 387 sancti
1360 357 1531 396 aliquando
1557 359 1694 390 multum
1719 370 1777 391 ex-

997 416 1102 446 presse
1131 408 1310 448 loquuntur
1330 410 1485 450 amplius,
1509 420 1608 451 quam
1631 413 1776 444 admittat

996 461 1178 491 communis
1194 471 1271 492 usus
1282 486 1290 500 ,
1307 463 1347 493 ob
1376 463 1497 503 aliquid
1515 465 1773 504 exprimendum.

996 513 1034 543 Et
1050 514 1127 544 tales
1151 524 1315 546 sermones
1331 526 1395 547 non
1410 520 1532 557 oportet
1562 519 1702 558 extendi,
1721 521 1775 551 sed

995 566 1103 606 potius
1120 568 1223 606 magis
1239 572 1316 599 sunt
1336 572 1517 610 exponendi
1534 583 1540 602 :
1557 575 1587 603 et
1603 573 1646 603 sic
1671 576 1717 604 est
1742 574 1775 604 in

995 621 1146 660 praedieto
1172 631 1318 653 sermone
1333 648 1341 661 ,
1374 634 1447 654 cum
1478 626 1586 656 dieunt
1614 627 1772 658 Christum

995 684 1062 705 esse
1085 678 1262 706 creaturam
1291 688 1297 707 ε
1316 678 1376 708 hoc
1399 681 1508 709 autem
1532 680 1640 710 dieunt
1661 691 1776 712 secun-

995 728 1072 758 dum
1088 729 1264 760 humanam
1280 734 1440 769 naturam,
1450 735 1481 762 et
1494 742 1568 763 vere
1583 733 1772 773 loquuntur3

996 792 1061 812 non
1084 785 1189 813 tamen
1217 787 1341 824 oportet
1369 794 1550 817 sermonem
1570 787 1666 818 istum
1692 788 1773 818 trahi

995 836 1035 866 ad
1047 845 1253 868 communem
1268 847 1376 868 usum.

1036 892 1064 920 3.
1077 890 1125 921 Ad
1140 891 1216 921 illud
1233 892 1318 931 quod
1333 892 1481 932 objicitur
1495 893 1533 923 de
1550 893 1655 924 verbis
1672 896 1771 934 Apos-

996 943 1062 981 toli,
1080 953 1143 983 quo
1157 944 1290 975 dicitur:
1309 945 1441 977 Factum
1454 946 1493 977 de
1510 947 1650 984 muliere,
1667 948 1775 979 dicen-

996 995 1074 1026 dum
1089 997 1174 1036 quod
1200 997 1266 1036 ipsa
1282 998 1504 1029 determinatio
1519 999 1558 1030 cle
1583 1000 1732 1039 muliere,
1745 1004 1775 1032 et

996 1049 1057 1079 alia
1069 1049 1302 1089 determinatio,
1329 1061 1389 1091 qua
1421 1052 1494 1082 dicit
1510 1053 1553 1083 acl
1569 1054 1725 1086 Romanos
1739 1055 1746 1071 ¹
1764 1066 1771 1084 s

998 1103 1063 1139 Oui
1080 1103 1185 1141 factus
1203 1107 1249 1135 est
1266 1113 1308 1135 ex
1329 1106 1447 1136 semine
1466 1106 1572 1137 David
1598 1107 1773 1140 secundum

995 1164 1133 1194 carnem,
1151 1157 1284 1188 trahunt
1307 1159 1368 1188 boc
1383 1160 1587 1198 vocabulum,
1602 1161 1717 1198 factus,
1734 1162 1773 1192 ad

995 1210 1155 1248 standum,
1165 1212 1233 1242 sive
1243 1213 1426 1251 ponendam
1439 1222 1506 1242 rem
1522 1222 1613 1243 suam
1624 1214 1706 1244 circa
1722 1224 1774 1244 na-

995 1264 1101 1293 turam
1135 1267 1343 1304 assumptam.
1374 1265 1412 1296 Et
1444 1266 1513 1296 ideo
1543 1275 1607 1296 non
1631 1267 1774 1306 sequitur

995 1319 1123 1357 propter
1137 1317 1198 1348 hoc
1211 1342 1218 1354 ,
1235 1319 1320 1358 quod
1334 1319 1411 1349 tales
1432 1319 1608 1350 locutiones
1628 1320 1691 1350 sint
1706 1320 1773 1351 sine

995 1371 1258 1403 determinatione
1274 1374 1494 1404 concedendae.

1035 1427 1065 1455 ll.
1083 1425 1132 1456 Ad
1143 1426 1223 1457 illud
1238 1427 1324 1466 quod
1340 1428 1500 1467 objicitur,
1516 1428 1600 1467 quod
1617 1428 1687 1458 haec
1696 1437 1774 1458 con—

995 1478 1118 1508 ceditur
1133 1479 1200 1509 sine
1226 1480 1489 1511 determinatione
1506 1492 1511 1510 :
1539 1493 1553 1510 «
1569 1481 1712 1512 Christus
1727 1485 1774 1512 est

996 1530 1133 1569 Creator,
1150 1543 1163 1560 »³
1184 1532 1354 1563 dicendum
1382 1535 1466 1573 quod
1490 1544 1554 1565 non
1581 1537 1627 1565 est
1650 1535 1770 1572 simile;

995 1585 1148 1624 quoniam
1167 1586 1314 1618 Christus
1327 1587 1472 1618 nominat
1488 1597 1655 1628 personam
1665 1589 1771 1626 Verbi,

995 1647 1068 1677 quae
1085 1642 1130 1668 est
1146 1639 1297 1676 increata,
1310 1642 1340 1670 et
1353 1641 1501 1671 increatae
1515 1644 1639 1672 naturae
1654 1651 1710 1681 per
1721 1651 1772 1672 es-

995 1691 1130 1722 sentiam
1142 1695 1173 1723 et
1187 1695 1335 1723 naturam
1363 1695 1536 1734 propriam.
1563 1695 1635 1725 Ideo
1650 1704 1715 1725 non
1730 1695 1773 1726 ita

994 1745 1222 1776 convenienter
1237 1747 1421 1778 attribuitur
1432 1748 1461 1778 ei
1477 1749 1670 1779 vocabulum
1685 1758 1773 1779 crea-

994 1799 1088 1835 turae,
1105 1799 1186 1830 sieut
1203 1800 1368 1838 Creatoris,
1390 1801 1465 1840 quia
1487 1811 1551 1832 non
1566 1804 1612 1832 est
1637 1802 1708 1832 talis
1722 1802 1770 1832 in-

994 1851 1179 1882 tellectuum
1196 1853 1401 1884 dissonantia.
1423 1853 1578 1885 Praeterea
1600 1855 1652 1885 ille
1667 1864 1772 1886 sermo

993 1913 1059 1934 non
1074 1905 1117 1935 ita
1131 1907 1335 1945 approximat
1347 1916 1472 1938 veneno
1484 1908 1612 1945 erroris,
1622 1908 1773 1938 sicutser-

995 1968 1047 1989 mo
1070 1961 1251 1999 propositus
1272 1971 1278 1990 :
1302 1963 1334 1991 et
1354 1961 1398 1991 ita
1421 1963 1506 2000 patet
1525 1961 1609 2000 qnod
1639 1971 1705 1992 non
1728 1964 1773 1991 est

994 2013 1205 2052 respuendus.

1035 2069 1065 2097 5.
1086 2067 1133 2097 Ad
1148 2067 1226 2098 illud
1241 2068 1325 2107 quod
1340 2068 1524 2108 opponitur,
1541 2067 1625 2107 quod
1639 2067 1677 2098 de
1692 2077 1772 2107 quo-

994 2129 1132 2160 cumque
1144 2121 1337 2160 praedieatur
1348 2121 1492 2159 inferius,
1508 2123 1539 2151 et
1553 2121 1712 2161 superius⁷
1725 2122 1771 2151 di-

994 2174 1130 2204 cendum
1154 2175 1239 2214 quod
1259 2184 1372 2206 verum
1398 2177 1455 2213 est,
1477 2177 1637 2215 quantum
1664 2178 1711 2206 est
1734 2176 1774 2206 de

994 2227 1113 2258 virtute
1142 2228 1300 2258 illationis.
1329 2228 1418 2259 Unde
1445 2228 1471 2258 si
1497 2228 1566 2258 haec
1594 2231 1640 2258 est
1666 2237 1740 2259 vera
1764 2239 1770 2258 z

998 2292 1012 2310 «
1030 2280 1139 2312 Petrus
1160 2284 1207 2311 est
1228 2281 1336 2318 homo,
1363 2293 1376 2309 n
1398 2282 1518 2321 absque
1544 2282 1642 2312 dubio
1658 2291 1773 2313 verum

998 2337 1062 2365 est:
1080 2347 1094 2363 (ι
1108 2334 1219 2366 Petrus
1233 2337 1280 2366 est
1292 2335 1423 2365 animal.
1435 2347 1449 2363 »
1465 2335 1516 2365 Sic
1531 2335 1626 2366 etiam
1646 2336 1772 2366 concedi

997 2390 1108 2427 potest,
1125 2389 1210 2428 quod
1221 2388 1247 2418 si
1261 2397 1335 2419 vere
1354 2391 1401 2418 est
1414 2388 1522 2426 homo,
1539 2389 1623 2428 quod
1639 2398 1713 2419 vere
1728 2391 1774 2419 est

994 2443 1140 2472 creatura
1165 2453 1171 2472 :
1191 2451 1255 2472 non
1271 2444 1377 2472 tamen
1392 2443 1516 2481 oportet
1528 2441 1612 2480 quod
1627 2441 1652 2471 si
1666 2441 1773 2481 aliqua

994 2495 1151 2526 locutione
1165 2495 1322 2525 utendum
1345 2496 1392 2525 est
1407 2503 1481 2525 eum
1504 2494 1668 2531 inferiori,
1685 2495 1771 2534 quod

993 2548 1149 2579 utendum
1165 2548 1205 2578 sit
1217 2557 1254 2578 ea
1269 2557 1344 2578 cum
1355 2547 1521 2587 superiori,
1530 2548 1660 2587 propter
1668 2547 1772 2578 diver-

1027 2630 1062 2662 (a)
1075 2630 1133 2654 Coet.
1147 2629 1207 2654 edit.
1225 2629 1346 2654 Arrianis.
1364 2641 1394 2648 —
1409 2628 1445 2660 (b)
1459 2628 1555 2653 Arrius.

1025 2667 1033 2683 ¹
1048 2667 1127 2697 Rom,
1143 2671 1162 2695 1,
1172 2667 1195 2690 2.
