2017 2960
35 1152 101 1181 epit.
121 1153 140 1174 t.

38 1359 104 1388 opis.
113 1361 134 1381 ἱ.

39 1521 104 1549 Opin-
126 1522 137 1541 ³

48 2285 146 2314 lumb.

48 2315 113 2344 Opta.
135 2319 152 2339 t.

658 153 753 186 DlST.
779 154 827 186 tv.
854 154 943 186 ΛΒΤ.
970 155 1024 187 111.
1049 155 1199 194 QUAEST.
1225 156 1247 187 l.
1700 161 1754 189 ¹07

149 222 284 259 cessive.
301 221 361 253 hoc
375 223 420 252 est
437 221 584 261 potentiae
601 222 632 252 iu
655 222 815 253 inssnitum
832 231 922 253 exee-

149 276 251 308 dentis
279 275 451 316 potentium
480 278 603 306 naturae
630 286 636 306 :
667 286 746 316 ergo
775 277 800 306 si
831 276 925 315 virgo

150 329 248 362 Maria
271 328 392 360 nullam
416 328 527 360 hahuit
553 331 741 370 potentiam,
767 331 825 361 nist
854 331 924 362 sini<

152 385 228 420 tum,
241 381 366 413 videtur
378 382 462 422 quod
475 382 606 422 Spiritui
621 386 729 413 sancto
745 393 808 414 non
826 384 927 423 potuit

151 435 312 476 cooperari
325 435 356 466 in
375 436 580 476 conceptione
594 436 655 467 illu.

415 600 641 633 CONCLUSlO.

151 700 235 727 Beata
255 700 336 733 Vn'ryo
349 698 444 725 habuit
461 699 587 725 virtutem
608 698 663 725 sibi·
683 699 816 726 ‹li'w'm'tus
837 700 929 726 dutum

185 751 234 779 per·
244 751 323 778 quam
338 742 543 769 administraret
557 745 704 778 conceptui,
721 747 745 770 et
759 746 930 779 efficientium

186 788 224 815 ad
234 788 323 824 prolis
335 787 431 823 produ(
438 789 543 815 ti‘oncm.

193 868 285 909 Resp.
300 868 339 900 ad
353 878 423 908 arg.
443 869 616 900 Dicendum
635 869 718 909 quod
734 869 856 909 ubsque
871 870 932 900 ‹lu-

151 922 217 960 bio,
233 931 308 953 cum
330 922 424 962 virgo
448 922 547 953 Maria
567 923 608 953 sit
630 925 732 954 mater
748 923 861 953 (Itu-isti
875 947 882 961 ‚
903 926 933 954 et

153 985 229 1008 vere
251 976 357 1016 ipsum
372 977 550 1016 concepisse
566 976 705 1013 dicatur,
727 986 800 1007 vere
825 986 934 1017 coope-

154 1033 223 1062 rata
245 1030 303 1062 suit
325 1030 456 1071 Spiritui
475 1033 583 1061 sancto
605 1031 637 1061 iu
654 1030 709 1061 [ilii
725 1031 774 1061 sui
799 1040 934 1071 concep·

156 1085 252 1116 tione.
269 1084 307 1116 Et
321 1084 381 1115 hoc
394 1084 609 1115 communiter
625 1086 656 1114 et
670 1084 863 1123 generaliter
888 1086 935 1114 te-

157 1140 233 1170 uent
254 1138 398 1169 doctores
416 1136 612 1176 Theologiae.
637 1136 679 1167 De
707 1137 801 1168 modo
827 1139 934 1167 autem

155 1191 344 1233 cooperandi
355 1191 471 1222 diversi
483 1191 621 1221 sentiunt
632 1190 769 1221 diversa.
780 1190 914 1227 Quidam
928 1192 935 1207 ¹

157 1246 244 1278 enim
264 1245 367 1276 dicere
392 1244 585 1281 voluerunt,
609 1244 694 1284 quod
720 1244 814 1283 virgo
839 1245 936 1275 Maria

157 1299 262 1331 solum
295 1301 463 1339 cooperata
491 1298 552 1329 t'uit
583 1298 792 1329 ministrando
819 1299 936 1338 priuci-

161 1354 251 1395 pium
277 1353 459 1390 materiale;
483 1352 536 1383 alii
565 1361 640 1383 vero
661 1352 747 1392 quod
772 1355 938 1392 cooperata

164 1407 222 1438 t'uit
237 1407 270 1438 in
284 1406 407 1438 ultimae
424 1407 534 1437 sormae
551 1405 748 1443 inductione,
768 1409 796 1436 et
816 1406 848 1436 iu
868 1415 937 1436 ma-

164 1461 251 1493 teriae
279 1461 528 1502 praeparatioue,
553 1460 702 1499 quamvis
727 1468 791 1490 uon
815 1460 847 1490 in
874 1462 940 1490 tota

162 1515 365 1556 operatione·,
389 1514 441 1545 alii
464 1523 541 1545 vero
564 1516 669 1544 tenent
692 1513 834 1544 medium
859 1513 940 1543 iuti-r

163 1573 351 1611 utrumque.
368 1569 466 1601 Primi
477 1569 531 1609 qui
548 1569 656 1599 dicunt
671 1568 756 1608 quod
773 1570 940 1608 cooperata

162 1624 221 1656 suit
242 1623 346 1655 solum
363 1624 395 1654 in
411 1622 584 1654 materialis
605 1621 753 1662 principii
777 1622 938 1652 ministra-

162 1678 258 1714 tione,
276 1678 447 1708 moventur
459 1676 518 1706 hac
533 1676 656 1706 ratione
675 1686 682 1705 z
697 1675 784 1715 quia,
801 1676 882 1706 sicut
897 1675 940 1706 di-

161 1731 204 1762 cit
220 1730 444 1771 Philosophus²
457 1753 464 1767 ‚
481 1731 584 1760 mater
599 1729 632 1759 in
650 1729 856 1768 generatione
871 1739 941 1770 pro-

162 1785 200 1816 lis
218 1793 253 1816 se
273 1784 368 1815 hebet
387 1784 469 1814 sicut
491 1783 683 1824 principium
707 1783 885 1820 materiale,
911 1785 942 1814 et

161 1848 272 1870 semen
292 1838 352 1869 viri
372 1837 453 1868 sicut
473 1837 656 1868 effectivum
673 1839 704 1867 et
723 1837 938 1876 operativum.

163 1891 252 1924 Unde
268 1893 472 1932 eomparatur
484 1900 594 1922 semen
611 1891 670 1921 viri
687 1891 726 1921 ad
742 1900 850 1921 semen
868 1900 940 1921 mu-

163 1946 268 1984 lieris,
293 1946 375 1977 sieut
397 1946 511 1977 artifex
535 1945 573 1976 ad
599 1945 764 1976 materiam
793 1956 799 1974 :
825 1945 941 1976 mulier

163 2008 241 2031 vero
261 2008 326 2030 uon
344 1999 417 2030 facit
436 1999 496 2029 nisi
515 1999 680 2030 materiam
697 1999 894 2036 ministrare,
911 2001 942 2030 et

164 2053 298 2085 ulterius
322 2053 429 2084 fovere
457 2063 463 2083 :
489 2054 521 2083 et
542 2052 604 2084 hoc
628 2054 730 2083 totum
751 2052 824 2083 fecit
848 2053 942 2092 virgo

165 2106 276 2139 Maria.
295 2107 332 2138 Et
354 2107 424 2138 ideo
449 2116 524 2138 vere
546 2109 647 2138 mater
668 2109 714 2137 est
734 2106 941 2147 appellanda,

165 2161 239 2202 quia
258 2161 339 2192 nihil
355 2161 382 2192 ei
403 2161 520 2200 defuit,
535 2160 619 2201 quod
637 2163 757 2201 spectet
777 2160 816 2191 ad
832 2169 942 2191 veram

167 2218 302 2247 matrem
322 2216 356 2246 in
372 2215 578 2256 generatione
602 2215 709 2255 prolis.
727 2214 863 2255 Spiritus
882 2224 943 2245 au-

167 2272 230 2301 tem
245 2272 374 2301 sanctus
389 2269 472 2310 quod
494 2269 593 2300 desilit
607 2278 648 2300 ex
664 2271 751 2309 parte
769 2268 828 2299 viri
842 2293 848 2305 ,
867 2278 943 2309 sup-

169 2322 277 2363 plevit.
299 2323 361 2355 Sed
375 2323 446 2355 haec
466 2323 577 2363 positio
598 2322 694 2353 nimis
709 2331 824 2362 parum
839 2321 915 2352 dicit
935 2332 941 2352 z

171 2376 310 2416 primum
339 2376 416 2417 quia
449 2379 550 2408 mater
581 2376 614 2406 in
639 2375 847 2415 generatione
879 2384 944 2406 non

170 2429 274 2460 solum
288 2430 384 2461 habet
399 2430 572 2470 potentiam
587 2430 757 2470 passivam,
775 2429 828 2460 sed
846 2431 876 2461 et
893 2439 945 2460 ac-

172 2483 270 2514 tivam
287 2492 294 2514 :
311 2483 396 2515 unde
412 2483 604 2524 quandoque
627 2482 731 2523 proles
751 2482 946 2514 assimilatur

173 2535 278 2575 magis
294 2536 398 2574 matri,
414 2545 513 2577 quam
527 2536 619 2577 patri.
635 2535 723 2567 Unde
737 2536 822 2576 quod
836 2536 947 2567 dicunt

173 2588 373 2630 philosophi,
400 2589 646 2630 intelligendum
671 2592 718 2620 est
746 2598 801 2629 per
827 2599 946 2630 appro-

206 2654 382 2683 ¹s.'l¹homu,
397 2653 492 2678 Samni.
509 2653 683 2684 theocoq.,111,
694 2660 721 2685 q.
737 2659 821 2683 xxxn,
836 2655 896 2682 nrt..
915 2650 946 2679 ὀἱ

985 223 1184 263 priutiouem.
1214 223 1247 254 l‘It
1283 224 1398 255 iterum
1434 225 1509 256 dicit
1547 225 1758 256 Damas-cetius

983 277 1067 317 quod
1086 277 1225 317 Spiritus
1242 280 1369 309 sanctus
1383 288 1447 309 non
1469 278 1573 309 solum
1588 279 1672 309 dedit
1689 278 1756 308 Vir-

984 331 1052 369 gini
1070 332 1243 371 potentiam
1259 332 1464 372 receptivam,
1479 332 1532 362 sed
1548 332 1643 362 etiam
1659 340 1760 370 gene-

985 384 1119 414 rativam
1142 395 1148 414 :
1165 387 1193 414 et
1207 385 1286 415 sicut
1304 386 1391 425 prius
1405 387 1569 416 ostensum
1585 387 1642 421 est,
1662 393 1759 423 prop-

985 439 1032 467 ter
1068 438 1234 468 [nuteriam
1268 439 1372 469 solum
1407 449 1468 470 non
1495 441 1540 468 est
1571 437 1759 478 appellanda

985 492 1102 527 mater,
1118 491 1198 521 sicut
1216 493 1298 531 patet
1314 492 1344 522 in
1361 492 1548 522 formatione
1566 490 1710 521 mulieris
1723 490 1761 520 de

985 546 1071 573 costa
1086 543 1157 574 viri.
1177 544 1211 574 lit
1226 544 1379 584 quoniam
1397 545 1453 575 ista
1470 545 1580 584 positio
1598 544 1694 574 nimis·
1711 552 1765 583 pa-

986 606 1059 628 rum
1079 597 1171 635 dicit,
1192 598 1260 628 Idi-o
1277 600 1352 628 suut
1366 598 1438 634 ulii,
1455 598 1509 638 qui
1525 596 1763 637 superaddunt,

986 653 1015 681 et
1041 650 1151 680 dicunt
1175 651 1258 691 quod
1287 661 1349 681 nou
1380 652 1484 681 solum
1514 652 1680 690 cooperata
1706 649 1763 679 suit

987 705 1118 744 Spiritui
1134 707 1243 735 sam-10
1259 705 1468 736 ministrando
1485 704 1678 744 principium
1698 712 1764 732 ma-

988 758 1108 795 teriale,
1131 758 1184 789 sed
1209 759 1303 789 elium
1328 759 1358 788 iu
1376 758 1497 788 ultimae
1516 759 1627 788 formae
1655 756 1767 787 iuduc-

990 812 1085 843 tione.
1103 811 1181 843 Num
1199 812 1231 842 in
1248 814 1311 842 tota
1326 811 1508 851 operatione
1524 810 1686 850 cooperari
1704 819 1767 840 non

990 866 1106 908 potuit,
1123 867 1278 907 quoniam
1295 866 1442 897 formatio
1458 865 1599 905 corporis
1615 864 1771 895 instanta-

992 930 1050 951 neu
1063 945 1070 957 ,
1101 923 1195 960 prout
1223 920 1370 950 formatio
1401 918 1642 959 comprehendit
1668 919 1767 947 totam

992 974 1310 1011 transmutationem,
1340 973 1407 1004 (ieri
1433 982 1496 1003 nou
1523 974 1639 1013 potest,
1665 971 1727 1001 uisi
1752 981 1771 1001 a

993 1031 1109 1061 virtute
1126 1030 1259 1060 infinita.
1278 1029 1313 1060 ln
1329 1030 1451 1060 ultima),
1468 1031 1576 1059 autem
1594 1029 1705 1058 t'ormae
1725 1027 1772 1057 in-

991 1084 1140 1115 ductioni·
1162 1083 1323 1124 cooperari
1348 1083 1464 1123 potuit,
1489 1092 1545 1122 pro
1561 1091 1597 1112 eo
1615 1081 1699 1121 quod
1719 1080 1770 1111 ul-

992 1138 1069 1169 tima
1093 1138 1194 1168 forma
1212 1138 1242 1168 iu
1266 1137 1394 1168 instanti
1418 1139 1518 1176 potest
1535 1135 1643 1165 induci
1668 1144 1686 1164 a
1710 1143 1770 1164 na-

993 1194 1076 1227 tura.
1094 1191 1144 1222 vel
1161 1200 1180 1221 a
1196 1191 1313 1221 virtute
1331 1192 1435 1220 creata
1454 1200 1460 1220 :
1478 1191 1508 1219 et
1527 1188 1596 1218 ideo
1613 1188 1643 1217 in
1660 1188 1720 1218 hoc
1737 1187 1770 1217 in

993 1254 1058 1285 quo
1076 1247 1242 1284 cooperata
1265 1244 1324 1274 l'uit
1345 1242 1476 1283 Spiritui
1499 1243 1608 1272 sancto
1634 1241 1773 1280 potentia

995 1298 1135 1335 Virginis
1153 1298 1355 1337 generatim,
1380 1307 1436 1337 pro
1458 1298 1546 1327 tanto
1566 1295 1683 1326 dicitur
1704 1303 1773 1324 ma-

995 1355 1059 1387 ter.
1088 1352 1165 1392 quia
1199 1353 1327 1391 operata
1357 1350 1418 1381 t'uit
1449 1348 1689 1388 conceptionem
1705 1371 1712 1384 ,
1743 1349 1773 1377 et

995 1408 1153 1447 quantum
1177 1405 1215 1435 ad
1236 1405 1381 1438 initium,
1398 1406 1429 1434 et
1452 1404 1609 1442 quantum
1631 1400 1671 1431 ad
1694 1410 1774 1430 eon-

995 1460 1256 1491 summationem.
1273 1458 1332 1489 Sed
1349 1458 1420 1489 hoec
1436 1456 1548 1497 positio
1564 1455 1658 1485 nimis
1673 1453 1747 1485 dicit
1765 1464 1771 1484 :
1790 1475 1886 1502 immol»

996 1515 1137 1554 primum
1148 1538 1156 1551 ,
1184 1513 1259 1553 quia
1291 1511 1434 1551 ejusdem
1471 1513 1518 1540 est
1545 1511 1661 1539 sactum
1688 1517 1771 1545 esse,
1789 1508 1853 1535 mnu.
1875 1508 1895 1526 ²·

996 1569 1089 1607 cujus
1110 1569 1157 1598 est
1175 1566 1242 1597 lieri
1261 1577 1267 1596 z
1285 1565 1369 1605 quod
1393 1565 1418 1594 si
1445 1563 1684 1603 conceptionem
1709 1561 1775 1591 et'sl-

997 1632 1067 1653 cere
1091 1631 1154 1652 non
1176 1623 1221 1651 est
1242 1620 1372 1651 virtutis
1387 1621 1518 1655 creatae,
1535 1618 1587 1647 sed
1605 1617 1772 1650 increatae,

997 1676 1141 1706 similiter
1155 1684 1212 1705 nee
1224 1675 1330 1714 ipsum
1346 1675 1534 1712 conceptum
1547 1681 1624 1702 esse.
1639 1670 1774 1706 Rursus,

998 1730 1150 1760 inducens
1184 1728 1330 1759 ultimam
1365 1727 1500 1757 formam
1537 1723 1676 1755 nobilius
1713 1724 1775 1759 est,

997 1793 1094 1824 quam
1111 1791 1296 1823 praeparans
1313 1792 1318 1811 :
1340 1790 1402 1811 nou
1418 1788 1499 1819 ergo
1521 1778 1648 1809 vitietur
1664 1777 1778 1807 decens

997 1837 1081 1878 quod
1104 1836 1241 1877 Spiritus
1264 1837 1392 1866 sanctus
1414 1834 1571 1874 pra’parct
1596 1841 1651 1872 per
1673 1840 1723 1867 se,
1748 1832 1779 1860 et

998 1891 1144 1922 ultimam
1161 1890 1295 1920 sormam
1315 1888 1444 1919 inducat
1461 1896 1536 1917 euni
1555 1885 1696 1925 Virgine.
1718 1882 1779 1914 Dir-

998 1945 1080 1975 sicile
1095 1946 1141 1975 est
1157 1942 1368 1974 nihilominus
1383 1941 1559 1979 assignare,
1578 1948 1652 1980 quae
1670 1939 1710 1970 sit
1725 1939 1779 1970 illa

999 2000 1099 2029 forma
1115 1998 1245 2035 ultima,
1263 1997 1294 2026 iu
1308 1996 1402 2035 cujus
1417 1994 1600 2025 inductione
1623 2002 1777 2033 coopera-

1000 2055 1052 2084 tur
1068 2051 1209 2091 Virginis
1232 2049 1370 2091 potentia
1390 2048 1588 2088 generativa.
1615 2047 1670 2078 llla
1692 2048 1778 2078 enim

1000 2116 1064 2137 non
1081 2107 1181 2146 potest
1196 2114 1264 2136 esse
1278 2104 1398 2141 anima,
1415 2102 1566 2143 quoniam
1583 2111 1602 2132 a
1616 2101 1683 2132 sola
1696 2110 1781 2132 crea-

1000 2161 1085 2191 tione
1099 2159 1196 2191 habet
1209 2159 1385 2198 erigimur,
1402 2166 1468 2188 non
1492 2156 1690 2195 organizatio
1715 2165 1780 2186 cor-

1002 2222 1112 2254 porea,
1129 2215 1166 2244 ut
1188 2213 1329 2250 videtur,
1347 2211 1423 2252 quia
1448 2210 1501 2241 illa
1527 2219 1590 2240 non
1615 2209 1780 2240 inducitur

1002 2268 1125 2305 subito,
1143 2267 1197 2299 sed
1214 2276 1269 2308 per
1285 2266 1517 2297 successionem
1533 2274 1552 2295 a
1568 2266 1684 2295 natura
1705 2273 1712 2293 :
1731 2264 1779 2293 in-

1002 2321 1129 2352 ducitur
1143 2321 1228 2352 enim
1244 2329 1300 2361 per
1316 2322 1456 2356 motum,
1475 2327 1538 2348 uon
1558 2327 1611 2357 pcr
1628 2316 1780 2347 unitatio-

1003 2385 1088 2406 nem.
1112 2375 1214 2406 Motus
1233 2375 1319 2405 enim
1341 2376 1387 2404 est
1410 2371 1632 2404 transmutatio
1656 2379 1780 2400 succes-

1003 2428 1087 2467 siva,
1104 2437 1167 2459 uon
1184 2427 1318 2458 mutatio
1334 2427 1547 2462 iustautanea,
1565 2426 1600 2455 ut
1613 2423 1687 2453 dicit
1702 2421 1780 2453 Phi·
1860 2462 1861 2465 ,
1884 2462 1885 2465 Ἴ

1005 2482 1156 2523 losophus
1167 2484 1188 2512 ³.
1205 2483 1237 2512 Et
1252 2481 1405 2522 quoniam
1422 2480 1526 2520 prima
1540 2477 1648 2518 opinio
1665 2485 1779 2517 parum
1796 2459 1902 2519 „³355ssin

1004 2536 1090 2574 dicit,
1104 2538 1134 2567 et
1149 2536 1289 2567 secunda
1303 2534 1443 2566 multum
1459 2532 1599 2570 excedit,
1618 2531 1684 2562 suis
1697 2529 1781 2561 obli-

1007 2619 1037 2643 ΙΖΙ
1053 2617 1132 2646 Seni„
1148 2625 1174 2649 q.
1186 2623 1204 2642 ιΙ
1215 2635 1222 2646 ,
1239 2618 1288 2641 art.
1304 2618 1360 2641 1.-
1376 2616 1387 2632 ¹
1401 2614 1486 2642 Arist„
1505 2613 1535 2636 de
1558 2613 1647 2637 Geuier.
1663 2609 1782 2638 animal..

1006 2661 1027 2678 c.
1048 2659 1102 2678 xlx,
1114 2665 1142 2670 —
1153 2653 1164 2670 ¹
1175 2653 1222 2682 td.5
1239 2651 1349 2682 Νεμέα,
1365 2651 1409 2675 lib.
1426 2650 1456 2678 Υ,
1467 2650 1537 2673 cont.
1549 2649 1562 2672 Ἰ
1575 2650 1601 2673 et
1615 2649 1666 2673 tex.
1682 2649 1720 2671 68.
