2017 2960
196 227 234 255 38
743 220 1065 252 SENTENTtARUM.
1090 222 1163 254 LlB.
1189 223 1241 253 ΠΙ.

236 295 263 323 rt.
291 293 367 323 Item
386 296 498 323 natura
523 294 685 330 assumpta
705 292 751 320 cst
775 288 967 329 principium

196 348 310 377 nostrae
327 346 535 387 reparationis
553 356 559 376 :
579 344 604 374 si
620 352 697 382 ergo
714 342 907 373 conveniens
923 342 968 369 est

1028 288 1107 319 Deus
1119 290 1203 320 enim
1219 294 1229 309 ²
1242 298 1400 330 nusquam
1414 291 1540 331 anqelos
1564 289 1793 330 apprehendit,
1812 301 1914 326 congr-1..

1811 334 1857 351 tati>
1865 334 1894 351 ru
1906 338 1917 351 o

1024 343 1080 373 sed
1089 351 1192 375 semen
1208 343 1340 374 Abrahoe
1352 344 1573 383 apprehendit.
1587 344 1677 375 Ratio
1688 345 1792 374 antem
1811 363 1897 388 dmm„

195 400 278 439 quod
295 400 451 439 reparatio
471 400 522 428 fiat
547 407 601 438 per
613 406 649 427 ea
673 405 728 435 per
745 404 817 434 qum
839 394 899 423 fuit
913 393 967 423 de-

195 454 337 491 structio,
354 463 428 483 cum
445 452 579 491 angelus
597 450 689 481 suerit
705 449 800 479 totius
812 447 965 488 praevari-

195 507 325 537 cationis
343 506 534 546 principium
547 529 554 543 ,
579 504 705 534 videtur
725 503 809 542 qnod
834 501 968 540 angelus

194 560 337 590 debuerit
346 559 465 590 assumi
475 559 514 589 ad
521 556 744 597 complendum
754 555 967 586 ministerium

194 613 443 653 redemptionis:
462 614 494 643 et
514 612 557 642 ita
580 612 682 651 maj0r
704 611 762 640 ruit
785 608 968 648 congruitas

195 667 226 696 in
239 669 353 697 natura
367 666 524 705 angelica,
542 674 638 705 qnam
653 664 806 694 humana.

235 719 293 750 Sed
309 721 420 750 contra
436 730 442 750 ;
461 718 645 758 Assumptio
660 720 705 748 est
723 720 811 747 actus
826 725 967 756 persona·

196 774 339 804 habentis
353 774 586 804 distinctionem
600 772 776 803 secundum
788 771 947 809 originem
960 780 965 799 :

195 827 374 867 cujiismodi
390 827 548 857 distinctio
568 829 614 856 est
630 826 661 855 in
675 824 792 856 divinis
807 824 967 864 personis:

195 890 273 919 ergo
286 880 338 910 illa
353 883 478 918 natura⁷
496 880 526 909 in
541 889 605 919 qua
621 879 714 909 habet
730 888 796 908 esse
811 876 968 908 distinctio

195 933 369 973 personalis
398 933 575 964 secundum
602 932 760 971 originem
774 956 781 969 ⁷
816 932 968 970 inajorem

195 986 289 1017 habet
297 987 531 1025 congruitatem
542 986 581 1016 ad
591 986 746 1016 unitatem
758 983 967 1024 personalem,

194 1048 292 1079 quam
305 1039 357 1069 illa
368 1048 441 1079 quae
454 1041 538 1069 caret
549 1038 735 1078 huiusmodi
749 1037 966 1067 distinctione:

195 1092 247 1123 sed
266 1093 299 1122 in
314 1092 498 1123 hominibus
517 1094 563 1123 est
584 1091 769 1131 hujusmodi
793 1090 949 1121 distinctio
961 1113 968 1125 ‚

195 1145 228 1176 in
242 1145 366 1185 angelis
379 1155 455 1176 vero
470 1155 535 1176 non
548 1157 554 1176 :
573 1155 662 1185 ergo,
679 1148 737 1175 ete.

236 1198 313 1229 Item
328 1199 502 1239 assumptio
518 1201 671 1230 creaturae
686 1199 723 1229 ad
739 1199 918 1229 Creatorem
936 1197 969 1227 in

195 1254 317 1285 unitate
331 1263 473 1293 personae
486 1254 543 1284 suit
558 1253 596 1284 ad
608 1252 796 1284 humilitatis
806 1260 970 1282 commen-

195 1307 354 1339 dationem
375 1317 381 1338 :
408 1308 461 1339 sed
486 1309 588 1348 major
611 1307 799 1338 humilitatis
827 1306 970 1345 dignatio

196 1364 325 1402 apparet
350 1361 383 1392 in
405 1362 621 1402 assumptione
647 1360 787 1391 hominis
807 1360 968 1396 mortalis,

196 1425 292 1456 quam
303 1415 432 1456 spiritus
443 1415 648 1446 immortalis:
662 1423 739 1454 ergo
751 1414 877 1444 videtur
887 1413 969 1453 quod

197 1469 301 1508 magis
313 1479 494 1509 congruum
506 1469 600 1499 fuerit
611 1469 651 1499 ad
662 1469 814 1499 unionem
828 1467 972 1498 humana

197 1525 322 1559 natura,
338 1532 435 1563 quam
451 1523 605 1561 angelica.

238 1576 316 1606 Item
340 1576 516 1616 assumptio
539 1579 585 1607 est
609 1575 822 1615 principaliter
845 1575 972 1614 propter

197 1629 324 1668 generis
341 1630 494 1669 assumpti
516 1630 748 1669 reparationem
768 1639 773 1658 z
796 1628 847 1659 sed
865 1627 972 1666 angeli

198 1683 252 1722 qui
271 1683 347 1722 lapsi
361 1686 451 1721 sunt,
470 1685 679 1723 peccaverunt
697 1684 822 1722 peccato
841 1682 971 1712 irreme-

199 1736 316 1773 diabili⁷
334 1736 413 1766 sicut
429 1736 575 1776 superius
590 1736 622 1765 in
637 1735 775 1766 secundo
793 1735 832 1775 (a)
848 1735 908 1765 t'nit
922 1744 972 1765 os-

200 1792 341 1826 tensum;
354 1789 500 1819 homines
513 1798 598 1827 vero,
610 1793 736 1828 peccato
752 1788 947 1819 remediabili
963 1797 970 1818 :

200 1852 278 1882 ergo
291 1843 395 1882 magis
409 1852 591 1882 congruum
606 1843 666 1873 fuit
682 1852 843 1873 assumere
860 1843 974 1873 liuma-

202 1906 276 1927 nam
293 1899 451 1934 naturam⁷
468 1906 565 1936 quani
581 1897 771 1936 angelicam.

243 1950 319 1980 Item
336 1949 417 1980 Deus
430 1950 583 1989 quidquid
595 1950 676 1987 facit,
689 1950 974 1989 congruentissime

203 2003 298 2034 facit:
318 2003 371 2033 sed
398 2003 476 2033 Deus
502 2004 507 2019 ¹
531 2012 689 2043 nusquam
711 2004 834 2043 angelos
857 2011 974 2043 uppre-

203 2056 312 2088 hende't
324 2067 334 2086 .·
351 2066 428 2096 ergo
448 2058 551 2097 major
566 2058 625 2087 fuit
640 2057 849 2096 congruentia
866 2058 897 2086 ln
915 2057 975 2087 hn-

205 2119 298 2141 mana
310 2113 423 2141 natura
436 2111 473 2140 ad
487 2111 650 2149 unionem,
663 2120 758 2150 quarn
777 2111 807 2140 in
819 2110 973 2149 angelica.

477 2230 703 2262 CONCLUSIO.

206 2321 294 2353 Magis
319 2328 461 2355 congruum
485 2322 540 2353 fuit
558 2322 673 2348 Verbum
697 2330 826 2349 assumere
852 2325 979 2349 naturam

242 2365 396 2395 humanam,
409 2373 489 2398 quam
499 2366 663 2399 angelicam
675 2370 699 2394 et
712 2367 770 2399 hoe,
783 2368 807 2394 sz'
822 2368 980 2395 attendatur

243 2410 365 2436 humanae
381 2412 484 2435 naturoe
500 2411 637 2436 institutio
653 2413 677 2437 et
695 2413 843 2446 reparatio.

249 2486 339 2525 Resp.
355 2486 394 2517 ad
409 2487 488 2526 Arg.
507 2487 678 2518 Dicendum
692 2489 775 2528 quod
792 2489 910 2529 absque
923 2491 979 2521 du-

210 2540 260 2569 hic
283 2542 385 2579 major
407 2540 465 2570 fuit
489 2541 698 2579 congruentia
714 2541 753 2571 ad
772 2542 922 2573 unionem
948 2544 980 2575 in

208 2594 352 2623 creatura
364 2593 517 2630 humana,
536 2602 633 2633 quam
649 2594 681 2624 in
694 2595 848 2633 angelica.
869 2596 904 2626 Et
922 2597 980 2627 hoc

209 2645 338 2685 quidem
353 2646 428 2676 satis
438 2646 615 2677 manifestat
628 2647 695 2688 ipsa
705 2649 846 2688 operatio
857 2649 977 2680 divina:

243 2708 276 2734 {al
292 2707 378 2739 anpl.
393 2708 466 2732 libro.

1026 396 1154 435 majoris
1178 397 1398 436 congruentiae
1427 397 1594 437 dupliciter
1622 397 1793 437 accipitur,

1026 448 1168 479 videlicet
1182 449 1357 480 secundnm
1373 449 1525 480 humanae
1536 452 1660 481 naturae
1675 450 1796 480 institu-

1024 501 1154 541 tionem⁷
1166 505 1195 533 et
1210 503 1385 534 secundnm
1397 503 1539 543 ejusdem
1551 504 1796 544 reparationem.

1026 555 1205 586 Secundum
1219 566 1359 597 namque
1372 557 1524 588 humanae
1535 559 1658 588 naturae
1672 558 1799 588 institu-

1025 609 1143 640 tionem
1159 612 1261 650 major
1275 613 1320 642 est
1335 611 1521 650 congruitas
1538 611 1571 641 in
1586 611 1729 642 humana
1742 621 1800 643 na-

1026 665 1115 700 tura⁷
1139 673 1237 703 qnam
1259 664 1292 694 in
1310 665 1473 703 angelica3
1497 667 1527 695 et
1545 664 1606 695 hoc
1627 664 1740 704 triplici
1762 665 1800 695 de

1026 724 1130 746 causa.
1148 716 1254 747 Prima
1265 719 1310 747 est
1325 720 1452 757 propter
1465 717 1662 757 personalem
1673 717 1798 748 distinc-

1026 769 1143 799 tionem
1157 794 1164 807 ,
1189 779 1262 810 quae
1280 770 1410 810 quidem
1435 771 1467 801 in
1484 771 1625 801 humana
1643 771 1800 811 reperitur

1026 823 1200 853 secundum
1219 823 1377 862 originem
1388 848 1395 861 ‚
1413 826 1443 854 et
1457 833 1521 854 non
1538 824 1570 854 in
1583 824 1729 863 angelica
1745 834 1751 854 :
1771 825 1802 854 et

1026 875 1095 906 ideo
1110 876 1213 915 magis
1229 877 1443 916 congruebat,
1461 877 1544 916 qnod
1562 886 1696 916 persona
1711 876 1799 915 Filii,

1025 938 1098 968 quae
1114 930 1321 969 distinguitur
1334 940 1351 961 a
1362 940 1496 971 persona
1512 930 1613 961 Patris
1625 931 1801 961 secundum

1026 983 1203 1022 originem,
1230 993 1300 1014 eam
1322 986 1471 1014 naturam
1496 984 1669 1024 acciperet,
1688 985 1721 1014 in
1738 992 1802 1024 qua

1026 1037 1250 1076 proprietatem
1264 1037 1425 1067 filiationis
1436 1038 1585 1068 retineret
1598 1047 1605 1066 :
1621 1039 1652 1068 et
1661 1037 1720 1068 hoc
1731 1037 1801 1077 qui-

1026 1089 1097 1119 dem
1113 1090 1231 1120 factum
1244 1093 1291 1121 est
1304 1091 1337 1121 in
1350 1091 1501 1121 humanae
1514 1093 1638 1121 natnrae
1654 1099 1802 1131 assump-

1026 1143 1134 1173 tione:
1160 1153 1234 1173 nam
1258 1144 1343 1174 idem
1366 1145 1431 1184 ipse
1454 1145 1508 1184 qui
1534 1145 1573 1174 ab
1593 1147 1714 1175 aeterno
1736 1146 1804 1175 erat

1026 1195 1127 1227 Patris
1151 1196 1248 1227 Filius
1259 1222 1267 1236 ,
1294 1207 1333 1228 ex
1359 1201 1501 1238 tempore
1527 1199 1627 1228 fartus
1648 1200 1692 1228 est
1718 1197 1803 1228 tilius

1027 1250 1164 1289 virginis
1179 1251 1300 1282 matris
1327 1251 1471 1282 Secunda
1491 1254 1537 1282 est
1559 1254 1686 1291 propter
1701 1252 1802 1291 majo-

1026 1316 1094 1337 rem
1119 1307 1219 1337 divini
1249 1308 1440 1348 exemplaris
1469 1308 1780 1348 repraesentationem
1793 1332 1800 1346 ,

1027 1360 1146 1390 ratione
1162 1362 1253 1400 cujus
1274 1361 1371 1392 homo
1387 1361 1502 1391 dicitur
1526 1361 1631 1392 minor
1651 1361 1801 1392 mundus.

1027 1413 1142 1444 Anima
1158 1414 1242 1444 enim
1261 1414 1422 1445 rationalis
1448 1424 1511 1445 non
1535 1417 1659 1445 tantum
1685 1423 1804 1454 reprae-

1027 1469 1130 1498 sentat
1144 1467 1243 1498 Deum
1256 1470 1352 1508 prout
1364 1468 1580 1499 consideratur
1596 1468 1628 1498 in
1643 1477 1687 1506 se,
1702 1468 1755 1499 sed
1770 1468 1804 1498 in

1027 1523 1184 1560 quantum
1199 1522 1311 1552 unitur
1326 1522 1469 1561 corpori,
1494 1522 1578 1562 quod
1594 1522 1698 1561 regit,
1723 1524 1754 1552 et
1769 1522 1803 1552 in

1027 1583 1091 1614 quo
1120 1576 1185 1605 toto
1215 1575 1369 1605 inhabitat
1383 1599 1389 1612 ‚
1420 1575 1500 1605 sicut
1531 1575 1612 1605 Deus
1635 1575 1668 1605 in
1689 1575 1804 1615 maj0ri

1030 1628 1160 1658 mundo.
1185 1627 1223 1658 Et
1250 1628 1310 1658 hoc
1335 1628 1453 1667 pluries
1479 1628 1552 1658 dicit
1580 1628 1783 1668 Augustinus
1794 1652 1802 1667 ‚

1028 1681 1112 1720 quod
1139 1681 1261 1711 ratione
1293 1681 1422 1721 majoris
1451 1681 1550 1721 hujus
1575 1681 1805 1712 conformitatis

1029 1735 1131 1774 major
1146 1737 1212 1765 erat
1234 1737 1312 1765 ratio
1327 1735 1524 1765 unibilitatiS.
1545 1734 1649 1765 Tertia
1663 1735 1745 1766 ratio
1759 1737 1806 1766 est

1030 1791 1157 1828 propter
1166 1788 1256 1818 multi
1262 1789 1374 1828 plicent
1384 1788 1523 1818 hominis
1530 1789 1802 1828 compositionem.

1030 1842 1111 1879 Quia
1132 1842 1216 1872 enim
1242 1842 1338 1872 homo
1363 1841 1557 1881 compositus
1570 1846 1616 1872 est
1636 1851 1677 1872 ex
1692 1845 1806 1873 natura

1031 1895 1183 1935 corporali
1200 1897 1230 1925 et
1239 1894 1407 1935 spirituali,
1422 1898 1451 1926 et
1462 1895 1601 1934 quodam
1613 1895 1705 1926 modo
1719 1905 1804 1926 com-

1032 1950 1171 1980 municat
1187 1958 1260 1979 cum
1276 1949 1362 1979 omni
1378 1951 1532 1985 creatura,
1549 1949 1630 1978 sicut
1642 1948 1715 1979 dicit
1730 1948 1804 1979 Gre-

1031 2003 1143 2042 gorius
1154 2003 1164 2018 ³
1177 2013 1182 2032 :
1201 2002 1275 2032 hinc
1285 2004 1331 2032 est
1344 2002 1429 2041 quod
1446 2010 1519 2032 cnm
1534 2002 1678 2032 humana
1692 2004 1806 2033 natura

1031 2057 1206 2086 assumitur
1216 2058 1247 2085 et
1257 2055 1433 2092 deificatur,
1446 2055 1585 2095 quodam
1597 2055 1690 2086 modo
1702 2056 1806 2086 omnis

1032 2112 1147 2140 natura
1170 2110 1203 2139 in
1221 2119 1258 2140 ea
1280 2109 1456 2146 exaltatur,
1481 2109 1559 2139 dum
1582 2109 1615 2139 in
1634 2118 1692 2139 suo
1711 2109 1805 2139 simili

1032 2163 1140 2194 deitati
1155 2163 1277 2194 unitur.
1298 2163 1335 2193 Et
1355 2163 1429 2193 hinc
1448 2165 1512 2200 est,
1529 2162 1614 2202 quod
1633 2163 1807 2203 assumptio

1033 2217 1185 2247 bumanae
1198 2218 1321 2246 naturae
1334 2216 1406 2256 plus
1420 2216 1492 2246 facit
1507 2215 1545 2246 ad
1558 2216 1656 2246 totius
1664 2216 1807 2247 universi

1034 2270 1271 2309 perfectionem,
1283 2278 1380 2308 quam
1394 2269 1561 2308 angelicae,
1578 2271 1608 2299 et
1619 2269 1689 2300 ideo
1704 2269 1808 2309 major

1034 2326 1079 2354 est
1101 2323 1133 2353 in
1149 2333 1185 2353 ea
1210 2323 1395 2362 congruitas
1411 2323 1449 2353 ad
1468 2322 1621 2353 unionem
1637 2323 1733 2353 etiam
1757 2331 1808 2353 se-

1035 2378 1175 2409 cundum
1190 2388 1281 2409 suam
1296 2378 1537 2409 institutionem.
1555 2377 1706 2409 Similiter
1720 2380 1751 2408 et
1763 2387 1808 2409 se-

1035 2432 1175 2462 cundum
1195 2432 1428 2472 reparationem
1453 2431 1555 2471 major
1570 2432 1753 2470 congruitas
1773 2432 1808 2462 in

1036 2496 1072 2517 ea
1091 2487 1248 2526 reperitur
1268 2486 1306 2517 ad
1327 2486 1481 2516 unionem
1502 2485 1616 2524 triplici
1633 2485 1671 2516 de
1691 2495 1805 2523 causa,

1036 2540 1149 2571 scilicet
1161 2541 1235 2580 quia
1250 2541 1346 2571 homo
1358 2539 1461 2578 magis
1474 2539 1646 2578 indigebat,
1659 2541 1689 2570 et
1699 2539 1808 2570 minus

1036 2594 1187 2633 indignus
1201 2596 1278 2632 erat,
1292 2595 1322 2624 et
1336 2592 1473 2632 amplius
1482 2591 1510 2622 ei
1525 2591 1689 2631 proderat,
1705 2595 1739 2623 ut
1754 2592 1805 2623 Fi-

1070 2673 1176 2703 ¹Heb1·.,
1188 2679 1215 2704 11,
1236 2676 1271 2697 16.
1282 2686 1309 2690 -
1325 2673 1332 2686 ²
1344 2671 1406 2695 Ibz'cl.
1421 2671 1468 2689 -3
1478 2673 1564 2702 Greg„
1576 2674 1602 2697 ιή
1614 2672 1721 2705 Ευαηφ,
1735 2673 1806 2698 hom.

1037 2717 1107 2736 xxm.
