2017 2960
149 1814 180 1834 Ad
191 1821 242 1842 opp.

291 195 349 225 544

291 261 375 292 niam
395 264 460 293 tota
483 265 560 295 fides
574 267 718 295 versatur
737 264 819 294 circa
843 264 941 294 Deum
955 288 962 301 ,
978 264 1058 294 sicut

289 315 370 346 circa
391 317 548 355 objectum
569 329 574 347 :
591 317 642 347 scd
664 326 727 347 non
747 317 892 347 convenit
913 317 1057 356 pluribus

288 371 389 401 modis
412 372 508 402 neum
536 381 740 409 cognoscere,
758 372 817 401 nisi
842 374 995 410 quantuni
1018 372 1056 402 ad

287 423 427 453 divinam
456 427 600 454 naturam
633 427 660 454 et
690 425 864 455 hunninain
893 434 900 454 :

287 481 422 517 utroque
435 479 526 508 niodo
543 479 573 508 in
585 478 736 519 Symbolo
752 480 974 519 Apostolorum
992 481 1055 510 tra-

286 531 370 560 ditur
387 532 494 561 notitia
514 532 551 561 de
576 532 637 562 Deo
650 557 657 568 ,
674 533 799 563 videtur
813 533 896 572 quod
920 533 996 563 tides
1013 533 1054 563 ibi

285 583 481 614 contineatur
497 585 527 614 in
544 586 723 623 integritate
738 586 880 625 perfecta.

325 635 401 665 Item
417 646 481 666 non
496 638 651 676 contingit
667 638 783 668 habere
799 639 943 668 notitiam
958 639 996 669 de
1011 639 1054 668 ‹li-

283 688 357 718 vina
373 690 545 720 substantia
561 691 618 720 nisi
636 701 690 730 per
706 691 845 730 aliquam
861 693 930 731 ejus
944 701 1052 731 opera-

283 741 398 771 tionem
412 766 419 779 ‚
436 743 589 781 quamdin
604 753 715 773 snmus
735 744 765 772 in
788 744 840 773 via
856 753 862 773 :
881 744 934 773 sed
949 744 1052 774 omnis

281 792 387 823 divina
408 795 545 833 operatio
565 796 745 825 continetur
769 797 828 826 sul)
855 797 960 836 aliqua
975 797 1051 827 ista-

282 854 354 875 rum
369 847 476 884 trium,
495 848 637 878 videlicet
646 849 704 878 sub
716 858 809 888 opere
821 849 859 888 (a)
871 851 1048 887 creationis,

281 898 331 927 vel
352 901 572 939 reparationis,
590 902 639 932 vel
652 902 900 939 glorificationis.
924 903 956 933 Si
972 913 1049 942 crgo

288 950 366 981 Deus
380 953 410 982 in
424 953 574 992 Syinbolo
584 954 808 994 Apostolorum
818 956 856 985 ab
867 956 926 986 hac
937 956 1048 996 triplici

279 1005 460 1042 operatione
483 1007 680 1051 notificatur,
706 1009 781 1047 quia
808 1009 985 1039 ostenditur
1004 1010 1046 1039 ibi

277 1056 358 1087 Deus
373 1068 439 1088 esse
456 1063 590 1096 creator,
607 1064 638 1090 et
652 1063 824 1100 reparator,
841 1063 872 1092 et
885 1062 1047 1101 glorifica-

275 1111 333 1147 tor,
350 1111 475 1142 videtur
491 1113 575 1152 quod
595 1115 659 1144 tota
679 1114 757 1144 fides
776 1114 818 1144 ibi
835 1116 1045 1147 contineatur.

314 1163 391 1194 Item
412 1165 471 1195 hoc
487 1166 591 1205 ipsum
612 1167 789 1198 ostenditur
803 1178 842 1198 ex
858 1169 1046 1208 perfectione

273 1220 450 1249 auctorum.
469 1219 500 1250 Si
516 1220 601 1250 enim
618 1220 655 1250 ad
676 1221 857 1260 symbolum
872 1222 949 1252 illud
963 1231 1047 1253 com·

275 1271 458 1309 ponendum
474 1273 620 1303 convenit
635 1276 734 1304 coetus
749 1276 973 1314 apostolorum,
990 1277 1045 1315 qui

274 1321 383 1360 repleti
399 1323 527 1353 suerunt
542 1323 663 1362 Spiritu
683 1328 805 1363 sancto,
822 1328 852 1356 et
866 1326 993 1366 plenam
1015 1329 1046 1357 et

273 1373 432 1413 integram
454 1375 525 1405 tidei
550 1377 695 1407 notitiam
719 1378 917 1416 habuerunt·‚
942 1380 1044 1410 dicere

273 1427 357 1465 quod
380 1428 411 1456 in
435 1429 577 1467 symbolo
594 1429 646 1459 illo
672 1431 869 1461 contineatur
893 1432 969 1462 tides
993 1433 1045 1463 in-

274 1479 483 1518 sufficienter,
510 1490 573 1511 non
598 1484 645 1512 est
674 1483 757 1513 allud
791 1492 888 1522 quam
921 1485 1042 1524 dicere,

274 1535 358 1574 quod
391 1535 527 1575 Spiritus
552 1539 678 1567 sanctus
710 1540 740 1568 et
771 1539 915 1577 magistri
947 1540 1044 1571 totius

274 1586 418 1619 Ecclesiae
434 1589 659 1620 insufficientes
673 1591 812 1622 fuerunt.
832 1592 865 1622 Si
885 1602 963 1632 ergo
984 1593 1043 1624 hoc

273 1641 376 1671 dicere
395 1644 440 1672 est
456 1642 590 1682 impium
605 1645 635 1674 et
649 1644 840 1682 absurdum,
857 1655 982 1678 necesse
998 1650 1044 1678 est

272 1703 387 1733 ponere
401 1695 494 1725 fidem
511 1696 553 1725 ibi
570 1697 721 1727 contineri
735 1698 860 1737 integre
875 1701 905 1729 et
919 1700 1020 1739 plene.

312 1747 369 1778 Sed
388 1750 496 1778 contra
511 1758 518 1778 ε
535 1751 564 1779 1.
581 1749 670 1780 Sicut
683 1759 702 1781 a
716 1751 895 1783 doctoribus
910 1754 1043 1784 traditur

270 1801 429 1831 catholicis
440 1805 460 1838 ¹,
473 1802 654 1841 symbolum
669 1803 747 1834 illud
757 1804 816 1835 suit
831 1806 1041 1844 compositum

270 1856 393 1884 tantum
410 1864 429 1885 a
443 1855 609 1886 duodecim
624 1857 782 1896 apostolis,
797 1858 839 1888 ita
854 1859 938 1897 quod
952 1859 1042 1898 quili-

269 1907 320 1938 bet
351 1908 454 1947 posuit
483 1909 526 1938 ibi
555 1918 645 1939 suam
671 1910 870 1949 particulam.
902 1911 935 1942 Si
961 1921 1040 1951 ergo

268 1961 352 1991 ultra
366 1961 531 1991 duodecim
546 1961 606 1992 tuit
621 1963 780 1994 Barnabas
794 1967 824 1995 et
839 1965 966 2004 Paulus,
983 1966 1038 2006 qui

267 2013 328 2044 suit
350 2014 594 2054 specialissimus
616 2019 647 2046 et
670 2018 830 2048 maximus
846 2019 994 2049 fundator
1009 2022 1040 2050 et

267 2067 394 2106 doctor,
411 2071 441 2098 et
456 2069 513 2108 ipsi
530 2078 593 2100 non
610 2074 785 2109 posuerunt
799 2071 843 2102 ibi
859 2081 949 2103 suam
964 2082 1037 2112 par-

267 2120 407 2160 ticulam,
425 2122 549 2153 videtur
576 2124 659 2163 qnod
683 2124 717 2154 in
738 2125 882 2164 symbolo
901 2126 953 2156 illo
973 2135 1037 2157 non

266 2171 360 2203 ruerit
380 2173 456 2203 fides
478 2174 670 2205 sufficienter
696 2176 824 2214 tradita,
850 2176 900 2208 vel
926 2177 1036 2208 saltem

265 2224 391 2255 videtur
399 2226 480 2265 quod
494 2227 532 2257 ad
542 2227 625 2258 illius
631 2229 890 2269 compositionem
901 2239 965 2260 non
971 2231 1039 2261 suf-

265 2278 406 2309 ficienter
421 2281 603 2311 convenerit
618 2283 807 2313 universitas
821 2284 1001 2322 apostolica.

304 2334 333 2362 2.
350 2331 429 2363 Item
444 2333 570 2364 videtur
586 2335 670 2374 quod
692 2336 920 2367 insufficienter
935 2337 1034 2367 conti-

263 2388 376 2416 neatur
402 2386 445 2416 ibi
474 2387 550 2418 fides
576 2396 595 2418 a
619 2390 707 2428 parte
733 2389 979 2421 credendorum:
1008 2390 1039 2421 si

262 2439 333 2477 quis
358 2439 444 2469 enim
473 2449 535 2470 non
560 2441 697 2471 crederet
720 2442 957 2474 fornicationem
986 2444 1033 2475 vel

294 2501 326 2530 (u)
343 2501 411 2525 Edit.
431 2502 513 2527 senet.
531 2504 588 2527 ¹753
599 2510 701 2534 ,opera

929 434 1006 461 ergo
1030 425 1055 453 si

844 196 1152 229 SENTENTIARUM
1173 199 1246 230 LIB.
1270 200 1322 232 Ill.

1113 265 1305 297 adulterium
1321 276 1388 299 esse
1409 272 1569 308 peccatum
1587 272 1735 310 mortale,
1761 273 1883 311 judica-

1113 320 1199 348 retur
1216 318 1399 356 lni‘retirus3
1426 322 1451 351 si
1466 323 1537 361 quis
1551 324 1646 355 etiam
1663 334 1726 355 non
1743 326 1883 358 crederet

1113 369 1211 400 Deum
1228 381 1312 409 esse,
1329 375 1357 403 ct
1380 374 1480 404 multa
1502 375 1574 406 talia
1590 386 1662 416 quae
1684 377 1715 408 in
1730 378 1882 417 Symbolo

1111 432 1175 453 non
1211 426 1429 463 continentur,
1453 428 1651 466 judicaretur
1682 431 1848 462 Iiaereticus
1871 441 1878 462 z

1110 485 1187 513 ergo
1212 486 1274 507 non
1301 479 1426 510 videtur
1450 480 1534 519 quod
1564 482 1755 514 sufficienter
1780 485 1878 515 eonti—

1109 532 1243 560 neantur
1259 531 1301 562 ibi
1326 532 1389 570 illa,
1413 541 1487 573 quae
1503 536 1578 564 sunt
1600 535 1673 565 fidei
1697 536 1879 569 Cliristianae

1108 584 1296 614 necessaria.

1148 639 1176 666 3.
1196 635 1273 666 item
1298 636 1358 667 hoc
1379 637 1484 677 ipsum
1500 640 1675 670 ostenditur
1689 650 1707 670 a
1727 643 1815 680 parte
1830 643 1877 681 ip-

1107 696 1214 718 sorum
1231 689 1436 720 articulorum
1455 701 1462 722 t
1478 692 1553 731 quia
1566 692 1691 724 credere
1707 694 1793 734 quod
1808 704 1878 725 cor-

1106 749 1164 779 pus
1179 741 1291 771 Christi
1308 742 1346 772 sit
1362 742 1393 772 in
1409 743 1515 782 altari,
1532 747 1562 775 ct
1584 745 1667 785 quod
1691 747 1779 786 panis
1802 757 1878 778 con-

1105 796 1247 824 vertatur
1262 795 1295 825 in
1311 804 1426 835 corpus
1441 796 1569 834 Christi,
1586 798 1646 828 hoc
1662 801 1707 830 est
1728 800 1878 831 maximae

1105 846 1306 885 difficultatis,
1326 850 1356 878 et
1370 849 1402 878 in
1418 858 1482 889 quo
1496 851 1573 880 fides
1589 851 1684 881 habet
1700 853 1877 884 maximum

1105 899 1257 930 meritum
1278 909 1285 930 ι
1304 910 1381 939 ergo
1395 902 1521 932 videtur
1539 904 1622 942 quod
1636 904 1713 935 illud
1730 906 1878 936 credibile

1104 951 1137 981 in
1152 952 1293 983 doctrina
1302 954 1376 984 fidei
1389 955 1447 984 fuit
1462 956 1621 994 potissime
1633 957 1855 996 explicandum
1868 969 1875 989 z

1103 1004 1229 1035 videtur
1244 1015 1321 1044 ergo
1333 1030 1340 1043 ,
1358 1016 1430 1036 cnm
1447 1007 1489 1036 ibi
1504 1016 1568 1038 non
1583 1009 1775 1048 explicetur,
1792 1012 1877 1050 quod

1103 1059 1285 1097 symbolum
1299 1060 1378 1090 illud
1394 1060 1432 1090 sit
1447 1061 1648 1092 defectivum.

1142 1114 1171 1142 4.
1191 1112 1267 1143 Item
1283 1113 1342 1143 hoc
1361 1113 1466 1153 ipsum
1481 1114 1655 1145 ostenditur
1671 1125 1710 1145 ex
1726 1118 1813 1155 parte
1827 1116 1876 1147 di-

1102 1164 1250 1195 vinarum
1266 1166 1483 1197 conditionum
1499 1169 1529 1197 et
1544 1168 1782 1207 operationum,
1801 1169 1876 1209 quia

1102 1217 1181 1247 sicut
1194 1217 1277 1248 Deus
1295 1221 1340 1248 est
1353 1220 1565 1258 omnipotens,
1582 1220 1623 1250 ita
1640 1221 1735 1251 etiam
1750 1224 1796 1252 est
1811 1221 1875 1252 im-

1100 1278 1248 1307 mensus,
1267 1271 1309 1301 ita
1330 1273 1483 1309 aeternus,
1503 1273 1604 1303 bonus
1625 1276 1655 1303 et
1680 1274 1827 1313 sapiens:
1844 1276 1875 1305 et

1099 1323 1180 1352 sicut
1194 1323 1323 1359 creavit,
1341 1324 1382 1354 ita
1395 1324 1550 1362 distinxit,
1565 1326 1690 1357 ornavit
1705 1329 1736 1356 et
1751 1335 1874 1357 conser-

1099 1378 1196 1408 vavit.
1219 1378 1305 1408 Sicut
1329 1379 1424 1409 etiam
1446 1379 1590 1410 Christus
1612 1380 1795 1411 incarnatus
1815 1384 1872 1419 est,

1099 1430 1141 1460 ita
1163 1431 1258 1461 etiam
1284 1432 1366 1462 inter
1392 1432 1538 1463 homines
1566 1436 1770 1465 conversatus
1791 1436 1836 1466 est
1863 1446 1870 1466 ε

1099 1483 1178 1514 sicut
1196 1485 1385 1523 resurrexit,
1403 1486 1446 1516 ita
1460 1486 1555 1516 etiam
1576 1489 1646 1526 post
1669 1489 1874 1520 resurrectio-

1097 1546 1171 1567 nem
1188 1538 1346 1577 apparuit.
1370 1538 1407 1569 Et
1423 1539 1461 1569 de
1478 1540 1626 1570 omnibus
1642 1540 1692 1571 his
1707 1541 1787 1571 nihil
1800 1543 1871 1572 tan-

1096 1590 1185 1628 gitur
1202 1590 1234 1621 in
1255 1591 1397 1621 doctrina
1419 1591 1561 1631 Symboli
1580 1601 1588 1624 :
1604 1602 1681 1632 ergo
1698 1594 1824 1625 videtur
1838 1595 1871 1626 in

1097 1652 1134 1673 ea
1149 1643 1224 1674 fides
1239 1644 1466 1675 insufficienter
1480 1645 1634 1676 contineri
1647 1670 1654 1684 ,
1672 1656 1747 1677 cum
1763 1648 1872 1679 omnia

1097 1695 1166 1726 haec
1181 1699 1322 1736 oporteat
1342 1698 1441 1734 credi,
1460 1701 1490 1728 et
1504 1698 1542 1728 ad
1566 1699 1673 1729 omnia
1689 1699 1757 1730 haec
1771 1702 1872 1732 arcte-

1096 1757 1182 1786 mur,
1199 1750 1280 1780 sicut
1292 1750 1331 1780 ad
1346 1750 1496 1781 articulos
1512 1751 1553 1781 ibi
1568 1760 1742 1791 expressos

1136 1804 1165 1832 5.
1183 1802 1260 1832 Item
1276 1803 1336 1833 hoc
1351 1803 1457 1842 ipsum
1473 1804 1649 1834 ostenditur
1661 1814 1701 1835 ex
1713 1805 1869 1837 additione

1097 1855 1232 1885 aliorum
1257 1856 1496 1894 symbolorum,
1526 1857 1606 1888 sicut
1630 1857 1812 1898 Athanasii,
1839 1861 1870 1891 et

1097 1908 1215 1939 Nicaeni
1233 1909 1372 1939 Concilii.
1385 1909 1417 1939 Si
1431 1909 1516 1939 enim
1533 1909 1565 1939 in
1576 1909 1728 1949 Symbolo
1743 1914 1867 1951 aposto-

1094 1963 1199 1992 lorum
1222 1962 1299 1992 fides
1320 1962 1513 1993 sufficienter
1538 1963 1683 2001 traditur,
1707 1973 1785 2003 ergo
1808 1965 1870 1997 alia

1094 2015 1238 2054 symbola
1261 2015 1464 2054 superfluunt
1485 2026 1491 2046 :
1512 2016 1596 2055 quod
1621 2016 1647 2046 si
1670 2026 1734 2048 non
1757 2027 1869 2058 super—

1094 2068 1210 2105 fluunt,
1226 2077 1304 2107 ergo
1319 2068 1352 2098 in
1366 2068 1419 2099 illo
1434 2069 1512 2100 fides
1525 2069 1750 2102 insufficienter
1765 2072 1868 2111 expri-

1094 2121 1202 2152 mitur.
1218 2121 1313 2152 juxta
1327 2122 1387 2152 hoc
1408 2122 1563 2161 quaeritur
1583 2122 1696 2154 ultimo
1709 2124 1748 2155 de
1762 2124 1866 2157 diver-

1093 2174 1183 2205 sitate
1214 2174 1342 2204 illorum
1375 2175 1596 2214 symbolorum
1632 2179 1788 2216 quantum
1826 2177 1865 2208 ad

1092 2227 1335 2266 continentiam,
1357 2230 1387 2258 et
1401 2230 1557 2267 quantum
1573 2228 1668 2259 etiam
1684 2229 1724 2260 ad
1738 2229 1865 2261 ratioci-

1092 2280 1267 2317 nationem,
1285 2282 1315 2311 et
1329 2282 1486 2320 quantum
1503 2282 1542 2312 ad
1556 2282 1842 2321 frequentationem
1854 2305 1862 2319 ‚

1092 2335 1121 2363 et
1136 2335 1293 2373 quantum
1309 2333 1348 2364 ad
1363 2334 1592 2372 recitationem,
1608 2336 1638 2365 et
1652 2337 1810 2374 quantum
1825 2335 1864 2366 ad

1091 2386 1167 2417 alias
1181 2386 1385 2424 differentias,
1401 2396 1474 2427 quae
1488 2389 1563 2418 sunt
1578 2387 1660 2418 inter
1673 2387 1737 2419 itta.

1124 2474 1130 2489 ¹
1146 2474 1221 2503 Aug„
1235 2473 1259 2497 z'n
1279 2473 1352 2504 I'zyzl.
1372 2475 1493 2497 [witer-uss
1514 2480 1520 2502 ς
1537 2473 1566 2496 nlr
1592 2479 1667 2496 serm.
1685 2480 1757 2503 CCXL,
1774 2474 1799 2498 in
1815 2476 1852 2506 Ap

1092 2509 1168 2538 pcnd.
1186 2512 1248 2534 tom.
1262 2509 1292 2532 V.
