2017 2960
153 1755 256 1774 Fundani.

275 182 334 209 «304

270 248 314 275 est
330 245 367 275 de
382 244 618 284 temporalibus.
639 244 672 273 lit
690 242 832 272 similiter
848 241 948 278 latria,
969 249 1041 279 qnae

270 301 315 328 est
337 298 440 328 cultus
461 298 525 335 liei,
550 300 592 327 est
617 297 676 326 alia
701 296 811 332 virius,
837 303 932 333 quam
956 294 1042 324 dulia

270 361 342 391 qua}
367 355 410 382 est
435 352 536 381 honor
559 350 693 389 proximi
713 357 812 387 :ergo
830 348 895 388 pari
921 348 1041 379 ratione

270 405 346 438 alia.
363 407 391 434 et
408 405 466 434 alia
483 404 583 433 vii-lus
599 402 655 431 erit
668 426 675 439 ,
693 411 757 441 qna
773 401 918 440 diligitur
935 402 1041 441 proxi-

271 467 353 488 mus
371 461 399 487 et
415 467 476 496 qua
492 455 637 493 diligitur
656 455 746 485 llcns.

310 514 337 540 3.
358 511 432 540 ltcm
442 509 622 548 plusdill'ert
633 509 695 537 vita
705 509 807 538 activa
822 518 839 538 a
850 508 1043 547 contempla-

271 564 351 598 tiva,
376 572 471 601 quam
494 562 690 601 operationes
715 561 856 599 eiusdem
874 561 947 591 vitm
968 571 985 591 a
1003 563 1040 597 (al

270 626 301 645 sc
317 616 452 645 invicem
472 626 477 644 2
496 624 573 654 ergo
596 615 740 644 simililer
757 615 826 654 plus
851 614 953 644 dill'eit
977 614 1041 644 vir-

270 671 321 698 tus·
336 677 409 707 quse
425 668 533 705 dirigit
551 667 712 697 hominem
730 667 767 697 ad
785 667 883 697 vitam
900 669 1044 696 contem-

271 722 436 760 plativam,
461 721 500 750 ab
516 731 551 750 ca
568 729 639 759 quse
655 721 768 758 dirigit
792 720 830 750 ad
848 721 946 750 vitam
968 720 1044 749 acti-

270 785 355 812 vam,
373 784 469 814 qnam
490 774 562 804 (luae,
584 774 718 803 virtutes
742 782 814 812 quae
838 773 983 812 dirigunt
1007 772 1045 803 ad

270 829 367 858 vitain
383 826 661 866 contemplativam
679 837 685 855 2
706 827 757 856 sed
774 826 920 863 charit-115,
936 835 1047 856 seeun-

269 882 344 911 dum
367 881 451 920 quod
474 882 520 910 est
543 889 633 910 amor
660 879 728 917 Ilei,
753 879 861 917 dirigit
882 879 920 909 ad
947 879 1046 909 vitam

270 934 569 973 contemplativam3
592 935 685 973 prout
711 934 757 962 est
780 941 868 962 amor
895 932 1044 971 proximi,

269 988 305 1017 ad
330 988 427 1017 vitain
453 987 607 1017 activam:
625 995 698 1016 cum
723 995 801 1024 ergo
825 985 971 1023 charitas,
998 994 1045 1014 se·-

269 1041 409 1071 cundum
432 1040 516 1080 quod
539 1042 583 1070 est
599 1049 690 1069 amor
706 1039 777 1076 Dei,
795 1039 918 1069 differat
933 1048 951 1068 a
969 1038 1046 1072 fide,

270 1095 339 1124 licet
365 1097 498 1133 utraque
523 1102 633 1124 earum
658 1093 697 1123 sit
719 1093 820 1122 virtus
842 1092 987 1131 dirigens
1009 1092 1046 1121 ad

270 1148 368 1178 vitani
391 1147 678 1186 contemplativam.
704 1147 832 1177 videtur
857 1146 957 1176 multo
984 1145 1048 1175 for—

270 1202 331 1231 tius
357 1201 439 1240 quod
467 1209 557 1231 amor
572 1200 636 1238 Dei,
652 1203 680 1230 et
693 1200 843 1240 proximi,
858 1200 897 1230 ab
912 1199 1049 1229 invicem

270 1255 520 1293 distinguantur.

312 1312 340 1337 (ἰ.
358 1308 435 1337 Item
453 1316 542 1336 amor
557 1307 705 1337 amicitiae
722 1308 752 1336 et
773 1314 864 1336 amor
883 1305 1048 1345 concupis-

271 1361 381 1391 centiae
407 1363 479 1390 sunt
504 1360 639 1390 diversae
667 1359 785 1399 species·
817 1359 935 1388 amoris
962 1369 968 1388 z
995 1358 1047 1387 sed

271 1415 409 1444 charitas
424 1416 507 1443 amat
525 1413 622 1442 Deum
641 1421 748 1442 amore
771 1411 1046 1450 concupiscentiae,

271 1467 346 1506 quia
374 1466 445 1497 facit
476 1466 574 1496 ileum
609 1465 786 1495 desiderare
822 1467 852 1494 et
879 1466 1046 1503 appetere3

270 1521 452 1561 proximum
485 1529 571 1557 vero,
587 1528 694 1549 amore
723 1518 868 1548 amicitiae
886 1529 891 1548 :
918 1518 943 1547 si
971 1526 1049 1556 ergo

271 1574 331 1604 illae
346 1576 420 1604 sunt
435 1574 568 1604 diversae
585 1572 767 1603 affectiones
788 1573 818 1601 et
842 1571 976 1601 diversae
1001 1571 1047 1601 di-

272 1628 429 1664 lectiones,
447 1626 572 1657 videtur
590 1625 673 1665 quod
688 1625 796 1655 virtus
811 1624 973 1654 charitatis
990 1624 1048 1654 ha-

272 1681 342 1711 beat
359 1680 561 1720 multiplicari
576 1688 631 1719 per
646 1678 777 1717 species.

313 1733 373 1763 Sed
389 1736 498 1763 contra
516 1743 522 1762 t
541 1733 621 1762 sicut
636 1741 701 1762 una
717 1734 763 1761 est
779 1740 906 1761 summa
920 1731 1048 1767 veritas,

272 1788 314 1817 sic
332 1797 395 1817 nna
410 1789 455 1817 est
470 1795 597 1816 summa
612 1785 736 1815 bonitas
751 1809 758 1821 ,
783 1785 859 1824 quia
875 1784 955 1814 sicut
974 1784 1052 1814 fides

272 1841 404 1871 omnino
421 1840 549 1869 assentit
565 1847 701 1869 summae
717 1837 862 1874 veritati,
878 1839 908 1866 et
924 1839 1052 1876 propter

273 1895 359 1924 illan]
388 1894 485 1923 credit
515 1892 669 1932 quidquid
699 1891 817 1926 credit,
843 1891 885 1920 sic
917 1890 1053 1920 charitas

273 1950 402 1979 omnino
417 1948 557 1978 adhaeret
568 1955 704 1976 summce
719 1945 862 1982 bonitati,
881 1948 911 1974 et
926 1946 1053 1983 propter

273 2003 358 2033 illam
367 2004 451 2032 amat
460 2000 613 2040 quidquid
623 2002 722 2035 amat3
736 2007 815 2036 ergo
829 1998 910 2027 sicut
921 1997 997 2027 fides
1008 2000 1054 2027 est

274 2065 338 2086 una
353 2056 455 2085 virtus
474 2057 503 2084 et
518 2063 601 2084 unus
616 2053 744 2083 habitus
759 2052 903 2090 respectu
921 2050 1052 2080 creden-

274 2110 400 2145 dorum,
419 2108 461 2138 ita
476 2109 506 2137 et
521 2107 657 2137 charitas
672 2106 814 2145 respectu
830 2104 1051 2134 amandorum.

316 2163 393 2193 Item
409 2162 489 2191 sicut
510 2170 542 2190 se
566 2160 660 2190 habet
683 2158 846 2189 rationalis
863 2157 901 2187 ad
927 2166 1053 2194 verum,

277 2218 306 2247 et
323 2214 487 2245 irascibilis
501 2213 537 2242 ad
554 2213 702 2249 arduum,
720 2212 763 2241 sic
779 2220 812 2241 se
828 2210 923 2240 habet
938 2219 1056 2240 concu-

277 2269 427 2309 piscibilis
442 2268 479 2298 ad
495 2268 613 2298 bonum
630 2278 636 2303 ;
654 2269 683 2297 et
698 2267 778 2296 sicut
794 2265 865 2295 aliae
882 2264 956 2295 duae
972 2264 1056 2294 vires

276 2322 394 2352 habent
409 2321 563 2351 unitatem
580 2320 611 2349 in
632 2328 679 2356 se,
698 2319 742 2349 sic
758 2319 788 2349 et
804 2318 870 2357 ipsa
887 2317 1056 2356 concupis-

276 2375 376 2405 cibilis
393 2385 399 2404 :
419 2373 470 2403 sel
494 2372 677 2408 rationalis,
696 2372 728 2401 in
749 2371 906 2401 credendo
924 2380 1054 2408 verum,

277 2437 341 2459 non
355 2428 449 2458 habet
470 2426 576 2466 perfici
593 2425 652 2455 nisi
674 2434 735 2455 una
752 2424 891 2460 virtute3
911 2424 1058 2454 similiter

278 2484 305 2512 et
331 2480 497 2511 irascibilis
520 2479 553 2510 in
579 2477 774 2518 expectando
795 2477 933 2507 arduum
956 2487 1059 2517 :ergo

279 2534 427 2564 similiter
457 2533 584 2563 videtur
617 2531 701 2571 quod
740 2530 991 2570 concupiscibilis
1027 2531 1060 2561 in

312 2605 433 2634 ¹Coloss„
451 2610 490 2635 ιιι,
511 2605 602 2628 l;.-²
618 2603 702 2632 Arist„
719 2602 827 2633 Phyma,
844 2602 886 2624 lib.
903 2602 932 2625 ll.

314 2650 345 2679 (a)
363 2649 403 2674 Al.
421 2649 461 2673 ad.

851 172 1159 207 SENTENTIARUM
1180 172 1254 204 LlB.
1277 173 1330 204 lll.

1098 240 1232 270 amando
1248 241 1368 271 honum
1392 250 1455 272 non
1474 242 1589 273 habeat
1612 242 1671 272 nisi
1693 252 1791 273 unam
1815 253 1864 274 so-

1097 292 1160 322 lam
1193 293 1345 323 virtutem
1381 303 1388 325 :
1419 295 1472 325 sed
1504 295 1571 326 haec
1605 298 1651 326 est
1684 296 1820 327 charitas
1858 308 1865 327 ι

1098 354 1187 385 ergo,
1206 348 1263 376 etc.

1139 399 1215 429 item
1231 401 1351 438 quanto
1375 400 1492 440 aliquid
1509 402 1555 430 cst
1570 402 1672 440 magis
1693 403 1866 441 unitivum,

1098 453 1184 482 tanto
1207 453 1311 491 magis
1325 453 1420 483 habet
1434 453 1466 483 in
1487 462 1519 484 se
1535 454 1690 484 unitatem
1707 465 1713 485 z
1732 456 1785 485 sed
1801 456 1868 486 vir-

1099 507 1150 535 tus
1167 505 1328 536 charitatis
1342 507 1423 536 iuter
1438 509 1567 537 caeteras
1584 507 1716 538 virtutes
1733 510 1779 539 est
1793 518 1870 549 prae-

1099 558 1189 597 cipue
1208 559 1349 597 unitiva,
1367 569 1441 589 cum
1464 560 1532 599 ipsa
1554 561 1594 590 sit
1616 561 1780 592 vinculum
1795 571 1870 601 per-

1100 611 1252 649 fectionis,
1269 613 1349 643 sicut
1362 613 1476 643 dicitur
1493 614 1537 645 ad
1553 614 1870 655 Colossenses¹sergo

1100 664 1236 702 videtur,
1251 665 1334 704 quod
1349 666 1484 696 charitas
1498 667 1580 697 inter
1595 670 1723 698 caeteras
1738 669 1871 700 virtutes

1100 720 1204 748 teneat
1219 718 1374 748 unitatem
1391 730 1397 749 z
1415 728 1493 758 ergo
1513 729 1578 749 non
1600 720 1694 751 habet
1713 721 1871 753 subdividi

1101 780 1157 810 per
1171 771 1247 801 alias
1265 772 1392 811 species,

1142 823 1218 853 Item
1232 824 1264 854 in
1281 825 1369 855 omni
1385 834 1513 864 genere,
1529 826 1562 856 in
1575 835 1637 866 quo
1651 826 1806 866 contingit
1819 836 1872 858 re·-

1102 877 1205 916 perire
1228 878 1370 908 ordinem
1394 881 1565 916 motorum,
1587 888 1713 910 necesse
1738 882 1785 910 est
1805 888 1872 910 esse

1102 932 1218 960 statum
1234 931 1267 960 in
1281 940 1347 961 uno
1364 943 1370 962 :
1390 932 1443 962 sed
1460 933 1595 962 charitas
1610 933 1759 963 omnibus
1774 933 1873 964 virtu-

1102 983 1186 1014 tibus
1201 984 1316 1015 animae
1336 985 1487 1025 imperat,
1503 988 1533 1016 et
1547 995 1657 1016 omnes
1679 988 1787 1017 movet
1807 986 1873 1016 tam

1102 1036 1296 1076 theologicas
1316 1047 1412 1077 quam
1432 1039 1605 1069 cardinales
1621 1050 1628 1069 ·.
1646 1038 1723 1078 ergo
1746 1047 1873 1070 necesse

1104 1093 1149 1120 est
1163 1091 1262 1130 ipsam
1279 1091 1394 1122 habere
1410 1092 1563 1122 unitatem
1581 1102 1588 1123 :
1605 1102 1670 1123 non
1692 1101 1770 1132 ergo
1787 1092 1871 1123 mul-

1103 1143 1263 1183 tiplicatur
1277 1153 1332 1184 per
1348 1145 1477 1184 species.

1372 1268 1597 1300 CONCLUSIO.

1105 1354 1254 1381 Charitatz‘s
1273 1355 1381 1382 habitus
1397 1358 1434 1382 est
1450 1363 1516 1382 unus
1534 1358 1613 1389 atque
1632 1356 1764 1383 indivisus
1784 1364 1875 1384 secun-

1139 1398 1200 1425 dum
1215 1401 1340 1434 speciem,
1366 1401 1426 1426 licet
1441 1400 1583 1427 secundum
1598 1400 1768 1428 individuum
1780 1401 1876 1428 multi-

1135 1444 1273 1478 plicetur:
1295 1444 1374 1470 habet
1397 1446 1466 1471 enim
1485 1452 1567 1471 unum
1589 1445 1729 1479 objectum,
1752 1449 1775 1472 et
1795 1453 1877 1473 unum

1140 1491 1229 1515 actum
1242 1489 1433 1523 principalem,

1146 1569 1236 1608 Resp.
1263 1568 1300 1598 ad
1326 1577 1396 1607 arg.
1426 1568 1615 1605 Dicendum,
1642 1569 1727 1609 quod
1750 1569 1878 1601 habitus

1106 1622 1265 1653 charitatis
1288 1624 1333 1652 est
1359 1631 1443 1652 unus
1470 1624 1500 1652 et
1524 1622 1678 1653 indivisus
1699 1623 1876 1654 secundum

1105 1676 1253 1715 speeiem,
1269 1675 1339 1705 licet
1358 1675 1532 1706 secundum
1552 1684 1727 1707 numerum
1752 1676 1878 1716 plurifi-

1106 1732 1205 1760 cetur.
1238 1729 1273 1759 In
1301 1729 1433 1760 diversis
1460 1729 1547 1759 enim
1577 1730 1745 1761 animabus
1771 1730 1879 1770 plures

1107 1784 1179 1813 sunt
1203 1782 1380 1819 charitates,
1409 1791 1482 1812 cum
1504 1782 1633 1813 habitus
1656 1785 1686 1813 et
1707 1783 1879 1813 accidentia

1107 1838 1318 1866 numerentur
1332 1844 1427 1875 penes
1440 1835 1590 1874 subjecta.
1607 1836 1643 1866 In
1659 1836 1807 1866 omnibus
1821 1845 1880 1867 au-

1107 1892 1171 1919 tem
1194 1889 1225 1918 in
1249 1889 1367 1928 quibus
1385 1891 1446 1926 est,
1463 1891 1509 1919 est
1529 1897 1595 1919 una
1611 1889 1745 1919 charitas
1765 1889 1878 1929 specie,

1109 1944 1236 1982 propter
1259 1942 1318 1971 hoc
1341 1941 1425 1981 quod
1450 1941 1554 1971 unitas
1578 1941 1705 1972 habitus
1726 1941 1814 1973 venit
1841 1942 1881 1972 ab

1109 1995 1230 2026 unitate
1245 1994 1377 2034 objecti,
1393 1996 1419 2024 el
1443 1996 1531 2025 actus
1550 1995 1729 2035 principalis
1746 2005 1752 2025 ε
1770 1997 1801 2025 et
1823 1995 1882 2025 hoc

1109 2048 1237 2088 quidem
1256 2049 1303 2077 est
1318 2047 1456 2087 reperire
1471 2047 1503 2077 in
1520 2047 1670 2078 charitate
1682 2072 1690 2086 ,
1707 2047 1733 2078 si
1747 2047 1819 2087 quis
1834 2047 1882 2078 di-

1110 2102 1245 2141 ligenter
1260 2101 1335 2131 velit
1349 2101 1520 2131 attendere.
1538 2101 1635 2132 Actus
1648 2101 1734 2131 enim
1750 2101 1883 2132 charita-

1110 2155 1150 2185 tis
1175 2157 1221 2185 est
1245 2154 1377 2193 diligere
1398 2164 1404 2183 :
1428 2153 1559 2192 diligere
1585 2155 1692 2184 autem
1715 2154 1800 2197 idem
1824 2156 1881 2192 est,

1112 2208 1196 2248 quod
1214 2207 1290 2238 velle
1307 2207 1460 2238 bonum2.
1477 2206 1554 2236 Cum
1570 2216 1648 2246 ergo
1662 2206 1798 2237 charitas
1813 2205 1882 2236 dili-

1112 2262 1160 2301 git
1175 2261 1329 2300 aliquem,
1346 2261 1467 2290 bonum
1482 2262 1569 2300 optat
1591 2260 1620 2290 ei
1641 2268 1737 2300 quem
1754 2259 1857 2298 diligit
1873 2267 1881 2288 :

1112 2316 1196 2347 istud
1214 2318 1320 2346 autem
1345 2315 1484 2352 bonnm,
1508 2314 1591 2354 quod
1616 2313 1752 2344 charitas
1778 2313 1881 2352 optat,

1114 2379 1215 2400 unum
1232 2369 1336 2399 solum
1349 2370 1405 2406 est,
1421 2367 1567 2399 videlicet
1579 2368 1698 2398 bonum
1713 2367 1881 2403 aeternum,

1115 2426 1145 2454 et
1164 2424 1284 2453 honum
1298 2429 1472 2452 summum.
1490 2421 1575 2451 Istud
1590 2422 1696 2450 autem
1719 2428 1885 2450 summum

1116 2478 1236 2508 bonum
1251 2475 1420 2515 aliquando
1440 2475 1536 2505 homo
1556 2483 1613 2514 per
1627 2474 1812 2504 charitatem
1829 2481 1885 2513 op-

1116 2533 1161 2561 tat
1176 2530 1249 2568 Deo,
1266 2527 1436 2568 aliquando
1450 2527 1521 2565 sihi,
1539 2527 1711 2567 aliquando
1728 2526 1886 2567 proximo.

1118 2584 1299 2617 Secundum
1315 2581 1398 2623 quod
1412 2582 1499 2621 optat
1519 2581 1625 2621 ipsum
1641 2580 1700 2621 ipsi
1715 2580 1792 2617 Deo,
1812 2579 1888 2611 dici-

1118 2641 1171 2670 tur
1187 2637 1320 2676 diligere
1333 2634 1445 2673 Deum,
1457 2634 1534 2674 quia
1545 2633 1615 2666 vult
1628 2634 1714 2674 quod
1727 2633 1793 2674 ipse
1809 2631 1891 2663 Deus
