2017 2960
594 192 788 224 DISTINCT.
812 192 862 224 Xl.
888 193 977 224 ART.
1003 193 1040 224 11.
1065 193 1215 231 QUAEST.
1242 195 1280 227 ll.

147 260 275 292 locutio.
302 260 333 291 Si
363 261 471 290 autem
499 259 729 290 demonstraret
754 269 921 300 personam

146 314 250 352 Verbi,
267 314 344 344 falsa
358 315 423 350 est;
442 312 530 349 falsa,
546 313 690 352 inquam⁷
709 317 867 353 quantum
883 315 921 345 ad

146 368 368 408 proprietatem
383 368 519 403 naturae,
537 366 614 405 quia
630 376 764 406 persona
777 367 870 397 Verbi
884 368 921 398 de

145 421 193 451 sui
216 423 330 451 natura
351 422 398 450 est
422 422 552 450 aeterna.
580 420 740 456 Quantum
764 421 860 451 etiam
883 421 921 451 ad

144 473 466 504 communicationem
487 473 675 503 idiomatum
697 482 761 503 non
777 474 918 503 admitti-

143 529 211 565 tur,
234 526 308 566 quja
331 526 392 556 tale
414 526 533 557 idioma
552 536 617 557 non
642 527 918 564 communicatur,

141 583 269 620 propter
286 580 346 610 hoc
361 580 447 619 quod
467 580 585 610 claudit
602 580 850 619 repugnantiam
868 580 920 610 in-

141 633 338 665 tellectuum.
363 633 400 664 Et
421 634 473 664 hic
497 633 611 664 modus
635 633 852 672 distinguendi
874 643 921 663 ra-

142 687 300 718 tionabilis
315 689 361 718 est
373 712 380 724 ,
397 689 428 717 et
445 687 551 717 minus
565 687 799 717 calumniabilis
821 697 920 727 quam

142 740 296 780 praedicti,
326 742 356 770 et
386 739 457 779 plus
481 740 554 770 facit
581 740 620 770 ad
649 741 864 780 propositum,
890 744 920 772 et

141 794 244 833 magis
259 795 411 824 consonat
424 793 530 823 verbis
544 793 698 833 Magistri,
715 795 769 834 qui
786 795 836 824 (lat
851 804 920 825 sen-

141 857 212 878 sum
232 847 391 887 praedictae
414 847 640 885 distinctionis,
658 848 805 887 quamvis
822 848 919 878 verba

141 909 205 931 non
229 903 340 940 ponat,
366 910 407 931 ne
429 900 585 931 desereret
607 901 740 932 modum
765 901 920 940 theologi-

141 964 226 985 cum.
245 955 458 986 Moderniores
473 965 549 985 vero
564 957 724 995 oporteret
740 956 843 995 magis
858 966 918 987 ex-

140 1009 257 1049 plicare
290 1012 419 1049 propter
455 1009 730 1048 importunitatem
766 1018 918 1049 quaeren-

139 1063 232 1093 tium.
257 1062 451 1093 Determinat
471 1062 556 1093 enim
581 1062 731 1102 Magister
753 1064 839 1102 quod
859 1064 918 1094 iste

139 1115 236 1146 homo
257 1116 387 1154 incoepit
409 1125 477 1146 esse
498 1115 674 1146 secundum
696 1116 782 1155 quod
799 1116 915 1154 hon103

139 1177 205 1199 non
226 1171 333 1199 autem
354 1169 531 1199 secundum
551 1170 636 1208 quod
661 1169 814 1200 Verbum.
836 1170 917 1207 Quid

139 1224 246 1252 autem
266 1224 312 1252 est
335 1222 420 1252 aliud
436 1222 557 1259 dicere,
573 1222 634 1252 nisi
659 1222 744 1262 quod
761 1232 817 1262 per
840 1223 917 1253 illud

138 1284 313 1314 pronomen
328 1278 429 1315 potest
444 1275 654 1306 demonstrari
677 1275 842 1314 singulare
857 1276 914 1306 ho-

139 1328 252 1366 minis,
282 1328 333 1359 vel
362 1337 498 1368 persona
526 1328 597 1358 Filii
626 1328 705 1359 Dei?
732 1328 916 1359 Secundum

138 1381 220 1412 hanc
234 1391 312 1421 ergo
325 1382 560 1413 distinctionem
575 1390 642 1412 non
658 1381 788 1412 omnino
804 1390 916 1412 eonce—

138 1436 240 1467 denda
254 1438 302 1467 est
316 1436 465 1476 praedicta
479 1436 615 1474 locutio,
632 1445 691 1466 nec
706 1436 838 1480 omnino
858 1445 914 1466 ne-

138 1489 256 1529 ganda.
269 1490 400 1521 Concedi
411 1490 496 1520 enim
508 1491 610 1530 potest
619 1489 797 1519 secundum
811 1498 916 1519 unum

137 1552 266 1574 sensum
277 1567 284 1580 ‚
301 1546 332 1574 et
345 1543 458 1583 negari
472 1543 650 1574 secundum
665 1542 776 1572 alium.
794 1542 832 1572 Et
846 1542 916 1573 ideo

136 1597 295 1636 rationes,
318 1607 391 1637 quae
415 1597 550 1637 probant
572 1596 758 1636 praedictam
778 1595 916 1626 locutio-

136 1660 211 1681 nem
234 1651 268 1682 in
294 1651 402 1691 aliquo
427 1660 525 1681 sensu
546 1659 613 1680 esse
636 1658 765 1687 veram,
794 1651 825 1679 et
843 1649 915 1680 aliae

136 1714 210 1744 quae
233 1705 368 1745 probant
390 1705 425 1735 in
447 1704 555 1743 aliquo
577 1712 674 1734 sensu
697 1712 766 1733 esse
789 1703 913 1741 salsam,

135 1758 320 1798 pertransiri
335 1760 489 1798 possunt,
506 1757 580 1797 quia
595 1766 652 1797 per
673 1757 766 1787 istam
787 1757 915 1787 distinc-

134 1812 256 1843 tionem
273 1811 444 1843 solvuntur
461 1821 468 1842 :
485 1811 663 1842 secundum
687 1811 775 1842 enim
790 1811 916 1841 diversa

136 1866 281 1896 membra
303 1868 440 1906 utraque
462 1875 578 1896 verum
600 1865 810 1902 concludunt,
834 1864 917 1895 sicut

136 1921 211 1949 sunt
232 1919 304 1950 duae
326 1919 440 1958 primae
465 1919 604 1949 rationes
626 1918 666 1949 ad
686 1918 824 1958 primam
847 1927 916 1958 par-

136 1975 212 2011 tem,
236 1976 267 2004 et
288 1973 401 2012 primae
425 1972 499 2003 duae
521 1973 560 2003 ad
584 1975 706 2012 partem
728 1972 913 2003 secundam.

137 2027 186 2058 Ad
215 2027 286 2058 illas
318 2036 395 2058 vero
421 2036 493 2067 quae
517 2027 687 2057 ostendunt
720 2027 915 2057 locutionem

136 2090 204 2111 esse
219 2090 328 2112 veram
344 2080 546 2120 simpliciter,
564 2080 614 2110 vel
633 2080 745 2110 falsam
764 2080 915 2120 simplici-

135 2135 194 2172 ter,
211 2134 468 2174 respondendum
482 2136 538 2164 est.

177 2190 205 2218 1.
232 2188 282 2219 Ad
311 2187 391 2218 illud
419 2187 505 2227 quod
533 2187 702 2227 objicitur,
729 2187 813 2227 qnod
841 2190 914 2218 ante

135 2241 247 2272 mundi
263 2241 522 2272 constitutionem
537 2241 606 2271 haec
622 2243 668 2271 est
683 2250 760 2271 vera
776 2249 784 2271 :
803 2253 817 2269 (ι
832 2240 914 2271 Nul-

134 2294 184 2325 lus
205 2295 302 2326 homo
328 2298 392 2333 est,
409 2306 423 2323 »
443 2295 611 2326 dicendum
634 2295 719 2335 quod
744 2304 821 2325 vera
843 2297 912 2332 est;

135 2348 188 2378 sed
211 2351 320 2379 tamen
341 2358 407 2379 non
431 2350 554 2388 oportet
576 2349 661 2389 quod
681 2349 740 2379 ista
762 2358 851 2379 nunc
875 2348 914 2378 sit

136 2409 212 2431 vera
232 2411 240 2432 ε
259 2414 275 2432 «
290 2401 404 2433 Nullus
422 2402 519 2432 homo
540 2402 610 2432 fuit.
627 2413 641 2430 n
662 2402 699 2433 Et
714 2402 795 2433 ratio
814 2402 913 2442 hujus

136 2456 182 2484 est
210 2458 338 2495 propter
363 2456 574 2486 variationem
601 2456 830 2496 suppositionis
852 2458 913 2486 ter-

136 2507 226 2538 mini.
242 2508 340 2547 Nam,
356 2510 438 2540 sicut
450 2511 571 2540 tactum
586 2511 650 2547 est,
668 2509 727 2540 iste
742 2509 910 2546 terminus,

135 2562 240 2601 homo,
256 2563 291 2593 in
306 2563 428 2594 (xhristo
446 2564 542 2594 habet
562 2564 695 2594 modum
712 2564 912 2604 supponendi

134 2617 264 2647 termini
279 2616 476 2647 accidentalis
493 2628 500 2648 ε
517 2618 571 2648 sed
585 2617 665 2648 illud
680 2620 911 2657 argumentum

133 2679 200 2700 non
215 2671 297 2700 valet
315 2681 322 2700 ι
343 2681 358 2698 (ι
374 2669 448 2700 Haec
461 2671 520 2701 fuit
536 2670 613 2701 falsa
630 2683 637 2702 :
655 2672 767 2703 Album
783 2671 907 2711 disgre-

1698 202 1757 230 <255

979 264 1033 300 qut
1050 270 1060 291 .·
1075 271 1153 300 ergo
1174 262 1243 293 haec
1265 266 1311 294 est
1334 264 1411 294 falsa
1432 276 1439 294 ι
1457 264 1571 295 Album
1590 266 1756 306 disgreqa-

979 316 1026 346 vit
1044 326 1050 345 2
1070 327 1083 343 »
1102 316 1246 347 variatur
1261 317 1346 347 enim
1363 318 1476 348 modus
1497 319 1697 358 Supponendi
1713 320 1757 359 ip-

979 368 1044 397 sius
1060 369 1198 399 termini.
1210 369 1244 400 ln
1260 371 1362 409 prima
1378 372 1464 401 enim
1479 371 1614 401 habebat
1629 373 1756 403 unicam

978 422 1247 461 suppositionem.
1265 424 1298 453 in
1321 425 1458 455 secunda
1480 425 1650 464 duplicem.
1670 425 1758 457 Unde

978 475 1128 513 quamvis
1143 476 1201 505 ista
1217 477 1256 506 sit
1271 477 1348 507 falsa
1365 489 1372 508 2
1397 489 1410 506 «
1424 477 1483 508 Iste
1502 478 1599 508 homo
1614 481 1661 508 est
1685 482 1758 510 ante

979 527 1091 557 mundi
1122 529 1402 568 constitutionem5
1431 542 1445 559 n
1477 531 1547 561 haec
1577 534 1682 562 tamen
1712 535 1758 562 est

978 589 1054 609 vera
1072 591 1078 610 :
1100 592 1115 609 «
1133 581 1192 612 Iste
1208 581 1304 613 homo
1320 583 1377 613 suit
1392 586 1464 614 ante
1480 585 1592 615 mundi
1606 585 1758 616 constitu-

978 633 1098 663 tionem
1109 645 1137 664 :»
1151 635 1226 674 quia
1239 645 1351 666 sensus
1365 639 1463 676 potest
1475 646 1542 667 esse
1557 638 1628 668 talis
1642 649 1648 668 ε
1661 638 1755 676 «Iste,

977 687 1032 726 qui
1048 696 1135 718 nunc
1150 691 1195 718 est
1213 689 1328 728 homo,
1343 693 1415 720 ante
1431 691 1541 721 muniti
1558 692 1757 722 constitutio-

977 749 1050 770 nem
1065 741 1124 771 suit
1140 753 1146 771 :
1166 753 1180 769 »
1200 744 1230 772 et
1245 742 1315 773 ideo
1330 752 1394 773 non
1410 743 1495 774 valet
1510 744 1589 774 ratio
1608 744 1671 775 illa.

1017 796 1046 824 9..
1064 794 1113 824 Ad
1134 795 1212 825 illud
1229 796 1314 835 quod
1333 796 1493 835 objicitur,
1511 797 1597 836 quod
1612 797 1758 837 implica-

979 846 1022 876 tio
1037 848 1183 886 sequitur
1204 849 1241 878 ad
1259 849 1506 888 propositionem
1524 849 1556 879 in
1572 859 1636 889 qua
1648 850 1755 890 impli-

976 902 1065 930 catur
1076 924 1083 936 ‚
1103 901 1272 932 dicendum
1289 902 1374 942 quod
1388 911 1501 932 verum
1517 906 1565 933 est
1577 904 1756 934 secuudum

976 964 1046 985 eam
1062 955 1275 987 differentiam
1290 958 1453 996 temporis,
1467 959 1643 989 secundum
1659 968 1756 998 quam

976 1008 1170 1048 implicatur.
1190 1009 1278 1040 Unde
1295 1011 1374 1041 bene
1389 1012 1534 1051 sequitur
1551 1023 1557 1042 :
1580 1024 1594 1041 «
1611 1012 1645 1043 Si
1659 1013 1756 1044 homo

975 1062 1066 1093 albus
1090 1063 1200 1101 currit,
1228 1063 1326 1094 homo
1348 1067 1394 1094 est
1415 1064 1518 1095 albus.
1544 1078 1557 1093 n
1587 1066 1648 1097 Sed
1673 1067 1755 1105 haec,

974 1125 1047 1145 cum
1071 1116 1243 1155 implicatio
1263 1119 1310 1147 est
1325 1119 1468 1156 respectu
1484 1119 1573 1149 verbi
1588 1119 1626 1150 de
1640 1123 1755 1159 praete—

973 1168 1053 1205 rito,
1083 1171 1160 1199 tunc
1184 1169 1280 1199 habet
1304 1169 1464 1209 duplicem
1489 1172 1754 1210 suppositionem,

973 1221 1048 1260 qnia
1063 1222 1214 1261 supponit
1228 1231 1285 1261 pro
1309 1223 1520 1262 praesentibus
1542 1227 1572 1255 et
1595 1234 1652 1264 pro
1676 1235 1757 1266 prae-

972 1274 1083 1304 teritis.
1108 1274 1147 1304 Et
1170 1275 1238 1305 ideo
1263 1284 1329 1306 non
1351 1277 1518 1316 sequitur:
1543 1277 1634 1309 «Iste
1657 1279 1754 1311 homo

972 1326 1012 1356 ab
1027 1330 1147 1358 aeterno
1160 1327 1220 1358 fuit
1233 1337 1330 1367 :ergo
1344 1330 1384 1360 ab
1399 1332 1521 1361 aeteruo
1537 1331 1595 1361 fuit
1611 1331 1722 1370 hom0;
1735 1345 1749 1362 »

972 1380 1053 1411 sicut
1067 1390 1132 1411 non
1148 1382 1292 1421 sequitur
1311 1393 1317 1412 :
1342 1394 1357 1411 α
1378 1382 1444 1413 Hoc
1458 1383 1566 1414 album
1581 1385 1639 1415 fuit
1651 1409 1658 1423 ‚
1676 1395 1754 1426 ergo

972 1433 1031 1464 hoc
1046 1434 1106 1464 fuit
1120 1434 1228 1465 album
1240 1459 1249 1473 ,
1266 1446 1280 1463 n
1298 1436 1373 1475 quia
1390 1437 1504 1476 regula
1522 1440 1570 1468 est
1592 1439 1675 1478 quod
1695 1442 1756 1470 ter-

973 1487 1080 1517 minus
1103 1497 1264 1528 apponens
1286 1490 1384 1520 verbo
1406 1491 1614 1530 restringitur
1639 1502 1754 1524 secun-

971 1538 1048 1568 dum
1076 1539 1358 1578 consignificatum
1386 1541 1497 1580 verbi,
1523 1543 1754 1584 cujuscumque

972 1593 1124 1632 temporis
1145 1594 1245 1624 verbo
1261 1598 1401 1634 apponat
1416 1606 1422 1626 :
1442 1605 1508 1626 non
1524 1599 1632 1627 autem
1647 1598 1693 1628 sio
1707 1600 1755 1629 est

971 1646 1010 1677 de
1030 1648 1166 1678 termino
1190 1657 1231 1678 ex
1254 1641 1343 1687 parte
1369 1649 1514 1689 subjecti.
1539 1649 1578 1681 Et
1601 1654 1754 1691 praeterea

971 1701 1051 1731 ratio
1076 1701 1131 1732 illa
1155 1705 1262 1741 peccat
1287 1712 1327 1733 ex
1358 1703 1534 1734 mutatione
1566 1705 1755 1745 suppositio-

970 1754 1030 1784 nis.
1053 1754 1102 1785 Ad
1123 1755 1202 1786 duas
1223 1758 1332 1786 autem
1357 1756 1494 1787 rationes
1514 1757 1546 1787 in
1569 1759 1752 1798 oppositum

971 1817 1035 1839 non
1051 1811 1175 1848 oportet
1194 1810 1383 1850 respondere
1394 1834 1402 1848 ,
1419 1810 1496 1850 quia
1519 1812 1693 1850 procedunt
1708 1822 1754 1844 se-

971 1863 1114 1894 cundum
1138 1863 1237 1894 alium
1262 1873 1414 1901 sensum,
1440 1864 1557 1895 scilicet
1581 1869 1677 1905 prout
1702 1867 1753 1898 me

971 1916 1166 1948 demonstrat
1195 1927 1376 1957 personam.
1406 1917 1565 1949 Praeterea
1591 1928 1657 1950 non
1681 1929 1754 1951 con-

971 1971 1105 2002 cludunt
1132 1971 1217 2011 quod
1250 1971 1401 2011 praedicta
1429 1971 1547 2003 locutio
1577 1973 1616 2003 sit
1641 1973 1718 2005 falsa
1743 1985 1749 2004 :

971 2025 1047 2065 quia
1065 2028 1196 2065 possunt
1210 2025 1281 2055 haec
1296 2025 1393 2056 simul
1408 2027 1507 2063 stare,
1524 2026 1608 2065 quod
1627 2036 1753 2067 semper

970 2078 1082 2116 fuerit,
1108 2081 1139 2109 et
1163 2079 1249 2118 quod
1272 2078 1439 2118 incoeperit
1460 2088 1549 2118 esse,
1573 2081 1751 2112 secundum

971 2132 1111 2163 diversas
1124 2134 1267 2163 naturas

1012 2189 1040 2217 3.
1068 2186 1117 2216 Ad
1142 2186 1221 2217 illud
1245 2185 1330 2226 quod
1355 2186 1505 2226 objicitur
1528 2188 1641 2226 tertio,
1665 2189 1749 2228 quod

970 2249 1148 2280 pronomen
1162 2240 1357 2271 demonstrat
1376 2249 1562 2280 personam,
1579 2241 1749 2273 dicendum

970 2294 1054 2333 quod
1067 2303 1202 2334 persona
1214 2293 1368 2333 accipitur
1381 2293 1472 2333 large
1487 2304 1545 2334 pro
1560 2295 1650 2326 omni
1664 2296 1749 2335 quod

969 2349 1071 2380 reddit
1084 2349 1333 2380 determinatum
1348 2350 1549 2390 suppositum
1564 2351 1680 2387 verbo;
1697 2360 1750 2390 po-

969 2404 1029 2433 test
1042 2402 1129 2433 enim
1145 2402 1206 2433 dici
1222 2412 1230 2433 ε
1251 2414 1266 2431 «
1281 2402 1356 2433 Haec
1370 2402 1497 2441 albedo;
1515 2414 1529 2431 »
1547 2403 1633 2434 etsie
1648 2405 1749 2442 potest

968 2455 1049 2487 bene
1061 2456 1279 2487 demonstrare
1291 2455 1457 2495 singulare
1472 2456 1671 2496 suppositum
1687 2456 1745 2487 ho-

968 2509 1080 2546 minis,
1106 2509 1138 2539 id
1162 2511 1227 2546 est,
1253 2511 1398 2539 atomum
1420 2511 1544 2539 naturae
1570 2509 1745 2548 humanae,

967 2563 1052 2603 quod
1066 2565 1268 2602 assumptum
1282 2564 1329 2593 est
1345 2572 1360 2591 a
1370 2561 1484 2599 Verbo,
1501 2563 1553 2592 vel
1567 2562 1669 2602 ipsam
1683 2563 1744 2603 hy-

967 2616 1134 2657 postasim,
1151 2616 1233 2647 facta
1252 2615 1521 2647 demonstratione
1536 2624 1601 2646 non
1618 2616 1658 2647 ad
1672 2626 1746 2648 sen-

966 2680 1051 2708 sum,
1073 2668 1128 2700 sed
1148 2669 1188 2700 ad
1212 2669 1420 2699 intellectum.
1445 2667 1483 2698 Et
1505 2668 1531 2698 si
1555 2669 1743 2709 objiciatur,
