2017 2960
95 936 127 955 Ad
141 942 192 962 opp.

212 168 269 195 388

211 232 320 261 eodeni
357 231 485 261 instanti
520 231 629 269 incipit
654 238 737 267 esse,
766 232 796 259 et
829 229 936 259 lucere
973 239 980 259 ι

211 294 288 324 ergo
325 285 350 314 si
387 284 494 315 anima
533 283 645 313 Christi
690 282 792 313 multo
832 282 983 319 nobilior,

211 340 239 367 et
256 338 422 377 potentior,
445 339 475 366 ot
496 335 678 366 deiformior
692 337 748 371 est,
761 334 887 365 videtur
899 335 984 374 quod

211 390 474 426 11151111111110110111,
494 390 524 418 in
541 398 604 428 quo
618 388 710 428 coepit
725 397 803 426 esse,
820 389 917 428 coepit
931 387 986 419 ha-

211 445 284 474 bere
300 443 516 483 operationem
532 442 590 471 sibi
606 442 744 472 debitam
761 452 768 472 ι
786 442 838 472 sed
856 441 926 472 telis
939 443 986 472 est

211 496 350 536 operatio
366 495 527 525 meritoria
545 505 551 525 :
569 503 658 533 ergo,
675 496 733 524 etc.

253 550 340 585 item,
362 548 442 578 sicut
466 548 583 578 Δ«1111111113
608 550 724 578 nostrae
747 556 779 577 se
806 547 925 577 habent
946 546 985 577 ad

211 602 412 639 demeritum,
439 601 483 631 ita
505 601 612 631 anima
636 600 748 631 Christi
771 609 803 630 se
827 599 922 630 habet
946 599 985 629 ad

212 655 363 686 meritum
392 664 398 685 :
425 654 477 684 sed
503 654 619 684 aniniae
639 655 756 683 nostrae
781 652 813 682 111
833 652 899 691 ipso
921 651 986 681 ins-

211 708 289 739 tanti
304 707 470 738 infusionis
484 706 601 737 habent
617 708 740 736 reatum
763 704 865 744 culpae
884 704 986 743 origi-

212 761 291 792 nalis
306 772 312 791 t
330 770 407 799 ergo
426 760 534 790 anima
554 758 666 789 Christi
689 767 708 788 a
730 758 833 797 primo
858 757 985 787 instanti

212 814 443 854 conceptionis,
460 815 490 843 et
508 811 684 849 infusioniS,
701 811 815 842 habuit
836 810 985 841 meritum

214 868 352 899 virtutis.

253 921 313 952 Sed
349 922 458 951 contra
486 928 494 949 :
526 922 554 949 1.
582 918 674 949 Prius
702 919 750 947 est
776 926 858 955 esse,
887 925 985 956 quam

212 983 308 1013 agere
337 985 344 1004 :
374 974 400 1003 si
427 982 505 1012 ergo
530 971 644 1002 mereri
670 973 716 1001 est
739 979 847 1009 agere,
877 970 987 1000 anima

211 1029 323 1059 Christi
344 1028 431 1068 prius
447 1026 558 1058 habuit
573 1035 640 1056 esse
655 1024 847 1064 completum
860 1048 868 1061 ‚
888 1033 986 1064 quam

210 1081 358 1112 habuerit
374 1081 476 1111 meriti
492 1089 589 1111 usum
615 1088 622 1109 z
643 1087 721 1118 ergo
743 1087 807 1108 non
831 1077 948 1108 meruit
968 1086 987 1108 a

211 1135 384 1175 primordio
407 1132 632 1173 conceptionis.

250 1191 279 1219 2.
299 1188 375 1218 ltem
390 1196 484 1217 omne
499 1185 581 1226 quod
599 1185 663 1215 exit
683 1184 723 1214 ab
738 1184 801 1215 otio
816 1184 848 1214 in
864 1186 985 1221 actum,

212 1242 300 1282 prius
314 1241 445 1281 quiescit
460 1248 556 1279 quain
571 1241 657 1278 agat,
674 1240 704 1268 et
717 1246 812 1268 omne
827 1237 888 1267 tale
899 1238 987 1277 prius

212 1298 258 1326 est
270 1304 367 1335 quam
383 1296 530 1334 operetur
547 1302 554 1323 :
570 1292 623 1322 sed
639 1291 745 1321 anima
761 1291 873 1321 Christi
889 1291 986 1320 111οω-

212 1350 257 1390 pit
272 1349 386 1379 mereri
405 1359 411 1378 z
435 1356 513 1386 ergo
528 1347 566 1377 de
584 1355 649 1376 non
671 1346 820 1385 operante
840 1344 919 1374 facta
943 1346 989 1374 est

214 1411 347 1442 operans
363 1410 370 1430 :
387 1410 465 1440 ergo
480 1401 512 1430 in
529 1398 680 1430 merendo
696 1398 797 1428 exivit
815 1397 854 1427 ab
876 1397 939 1427 otio
955 1397 989 1426 in

214 1458 319 1486 actum
337 1464 343 1485 :
363 1463 440 1493 ergo
459 1454 547 1493 prius
562 1452 687 1492 quiev1t
708 1462 715 1482 :
737 1460 814 1490 ergo
837 1459 902 1481 non
926 1459 989 1481 me-

215 1509 280 1540 ruit
292 1510 331 1539 ab
345 1507 474 1538 instanti
488 1505 713 1545 conceptionis.

257 1565 286 1593 3.
305 1561 381 1592 Item
398 1560 548 1590 meritum
567 1561 613 1589 est
625 1568 644 1589 a
659 1558 823 1588 voluntate
835 1556 991 1587 delibera-

217 1617 292 1653 tiva,
318 1616 351 1645 in
372 1616 529 1654 quantum
552 1611 756 1643 deliberativa
778 1612 824 1641 est
842 1622 847 1640 :
866 1610 919 1641 sed
936 1609 991 1640 ubi

216 1672 263 1699 est
285 1667 488 1702 deliberatio,
513 1665 556 1696 ibi
583 1667 628 1695 est
643 1664 766 1695 collatio
784 1675 790 1694 z
813 1664 867 1694 uhi
883 1666 992 1694 autem

217 1723 287 1753 haec
300 1724 357 1758 est,
373 1721 416 1751 ibi
430 1722 476 1751 est
486 1719 635 1758 temporis
648 1717 820 1748 successio:
835 1726 912 1756 ergo
928 1726 993 1746 non

218 1776 345 1805 videtur
369 1773 452 1813 quod
476 1772 626 1803 meritum
648 1770 762 1801 Christi
776 1770 912 1810 potuerit
927 1779 993 1800 esse

219 1840 238 1861 a
251 1839 318 1860 suae
334 1827 544 1868 conceptionis
559 1826 724 1866 principio.

262 1886 291 1913 4.
320 1882 409 1919 item,
432 1880 567 1919 angelus
592 1887 656 1908 non
683 1877 824 1918 peccavit
846 1886 865 1908 a
891 1877 994 1917 primo

223 1935 350 1967 instanti
380 1943 447 1964 suae
476 1931 652 1968 creationis,
683 1932 713 1961 et
737 1932 844 1960 tamen
865 1930 909 1960 ita
935 1931 995 1960 cito

223 1999 318 2020 usum
340 1988 430 2018 liberi
455 1985 578 2016 arbitrii
609 1984 722 2015 habuit
734 2007 742 2021 ‚
777 1985 858 2014 sicut
889 1984 996 2024 aliqua

223 2044 331 2074 anima
354 2040 525 2076 rationalis,
546 2048 619 2069 cum
644 2040 768 2068 creatus
787 2040 867 2068 esset
889 2039 921 2068 in
943 2047 994 2068 co-

223 2095 377 2136 gnitionis
392 2093 580 2134 perfectione
598 2103 604 2121 ι
621 2101 699 2130 ergo
721 2091 789 2131 pari
811 2091 933 2122 ratione
948 2091 994 2121 vi-

224 2151 316 2181 detur
340 2148 422 2188 quod
446 2156 503 2177 nec
530 2145 638 2176 anima
661 2144 773 2175 Christi
801 2145 841 2175 ab
867 2145 997 2176 instanti

224 2201 436 2242 conceptionis
453 2200 565 2231 mereri
581 2198 729 2239 potuerit.

264 2259 293 2287 5.
316 2256 392 2287 Item
412 2263 507 2285 omne
527 2253 623 2289 iilud,
647 2251 731 2291 quod
755 2251 862 2282 anima
885 2251 997 2282 Christi

225 2311 335 2342 habuit
345 2320 363 2339 a
378 2307 550 2349 primordio
562 2304 776 2344 conceptionis
791 2313 870 2343 suae,
886 2305 999 2336 habuit

225 2366 264 2395 ab
279 2365 340 2394 ulio
356 2372 364 2393 ·.
381 2361 433 2392 sed
451 2360 602 2390 meritum
612 2360 719 2389 ortum
731 2357 845 2388 habuit
863 2368 882 2388 a
899 2357 999 2388 libero

226 2417 357 2448 arbitrio
374 2416 411 2455 (a)
433 2413 536 2453 gratia
559 2412 727 2442 informato
751 2420 758 2441 :
779 2420 857 2450 ergo
873 2420 937 2441 nou
952 2411 1000 2442 vi-

226 2472 318 2502 detur
332 2469 416 2509 quod
431 2476 527 2498 usum
544 2466 647 2496 nieriti
659 2465 771 2496 habuit
785 2465 825 2495 ab
839 2465 907 2504 ipso
922 2473 999 2495 con-

227 2523 378 2564 ceptionis
394 2520 579 2562 primordio.

262 2607 293 2635 m>
319 2608 379 2629 ΕΜ.
397 2605 456 2629 edit.
483 2611 496 2627 a
520 2591 591 2627 liberi
610 2602 715 2627 arbitrii.
735 2596 812 2630 -κῦΙ
837 2600 953 2624 infundit·
968 2613 999 2617 ““

231 2644 260 2671 (cp
273 2648 336 2671 qua:-

762 161 1072 194 SENTENTIARUM
1094 162 1168 193 LlB.
1192 162 1245 192 111.

1313 290 1537 323 CONCLUSIO.

1044 379 1164 406 Christus
1176 381 1273 406 meruit
1293 380 1327 406 ab
1343 381 1461 407 instanti
1474 388 1526 407 sztoe
1541 383 1732 416 conceptionis,
1747 383 1812 415 quia

1077 425 1148 450 omni
1164 423 1228 450 bono
1244 426 1268 451 et
1283 426 1394 459 praemz‘o
1409 424 1506 458 (11971113
1523 426 1580 457 snit
1594 428 1705 460 propter
1721 426 1812 460 pleni-

1080 468 1197 495 tudinem
1209 469 1315 502 qratioe,
1323 476 1403 502 quam
1413 470 1478 495 Deus
1486 470 1584 495 animoe
1591 477 1643 496 suoe
1652 470 1756 502 infudit
1765 470 1811 504 (b).

1082 546 1175 587 Resp.
1192 548 1231 578 ad
1244 557 1314 587 arg.
1332 548 1379 579 Ad
1396 548 1620 588 praedictorum
1638 548 1816 588 intelligen-

1041 600 1118 630 tiam
1141 602 1188 630 est
1209 601 1396 638 notandum,
1419 601 1504 640 quod
1528 600 1566 631 ad
1593 600 1815 640 perfectionem

1043 653 1149 683 meriti
1159 653 1222 684 duo
1235 656 1441 692 concurrunt,
1454 654 1599 685 videlicet
1609 654 1675 694 ipse
1688 653 1817 684 habitus

1042 711 1214 749 gratuitus,
1232 713 1262 741 et
1279 711 1378 751 ipsius
1394 711 1522 742 habitus
1537 714 1637 749 actus,
1655 711 1706 742 vel
1727 721 1815 742 usus.

1042 763 1075 793 Si
1099 773 1177 803 ergo
1201 764 1372 804 loquamur
1395 764 1433 795 de
1458 765 1571 795 merito
1594 766 1751 804 quantum
1778 765 1817 795 ad

1041 815 1198 855 habitum,
1215 817 1270 856 qui
1288 817 1388 847 reddit
1402 817 1571 848 habentem
1586 817 1723 857 dignum
1738 825 1818 857 prae-

1042 871 1126 908 mio,
1158 871 1202 901 sic
1226 872 1345 911 absque
1369 871 1466 902 dubio
1489 872 1723 902 concedendum
1757 874 1815 910 est,

1041 924 1127 963 quod
1142 934 1161 954 a
1174 924 1331 964 principio
1350 933 1416 955 suae
1439 925 1652 964 conceptionis
1675 925 1815 955 Christus

1042 977 1160 1008 meruit
1176 988 1182 1008 ε
1199 977 1275 1017 quia
1289 977 1375 1008 omni
1396 977 1479 1008 bono
1497 980 1527 1008 et
1543 977 1676 1018 praemio
1699 977 1815 1016 dignus

1041 1030 1101 1061 fuit
1130 1033 1258 1070 propter
1292 1031 1523 1070 plenitudinem
1559 1030 1690 1070 gratiae,
1719 1039 1817 1070 quam

1042 1082 1125 1114 Deus
1139 1083 1256 1114 animae
1272 1092 1339 1114 suae
1360 1084 1493 1114 contulit
1514 1086 1545 1114 et
1568 1083 1694 1114 infudit.
1720 1082 1759 1114 Et
1779 1083 1818 1114 ab

1043 1136 1102 1167 hoc
1114 1146 1177 1167 non
1190 1137 1347 1168 discordat
1368 1137 1482 1176 aliquis
1503 1137 1612 1167 doctor
1632 1136 1817 1168 catholicus.

1043 1188 1075 1220 Si
1087 1192 1194 1220 autem
1219 1190 1274 1220 fiat
1294 1199 1397 1220 sermo
1421 1190 1458 1220 de
1480 1190 1592 1220 merito
1607 1192 1764 1229 quantum
1779 1189 1819 1220 ad

1043 1243 1169 1273 virtutis
1184 1244 1302 1280 actum,
1327 1243 1394 1273 sive
1415 1252 1523 1281 usum,
1548 1243 1582 1272 in
1603 1251 1666 1282 quo
1688 1241 1814 1282 proprie

1043 1296 1216 1326 attenditur
1239 1295 1395 1335 completa
1416 1296 1498 1326 ratio
1523 1295 1674 1332 merendi,
1703 1295 1748 1325 sic
1771 1296 1818 1325 est

1043 1347 1162 1386 duplex
1176 1347 1289 1377 modus
1303 1347 1436 1377 dicendi.
1454 1346 1553 1384 Unus,
1579 1346 1664 1385 quod
1679 1344 1819 1376 Christus
1833 1357 1896 1384 opio.
1910 1359 1928 1377 1.

1044 1399 1162 1430 meruit
1176 1400 1279 1430 statim
1295 1401 1364 1439 post
1380 1399 1573 1439 principium
1594 1398 1817 1438 conceptionis,

1045 1462 1110 1483 non
1126 1454 1234 1483 autem
1250 1453 1283 1482 111
1309 1453 1377 1492 ipso
1400 1453 1502 1492 primo
1526 1451 1675 1489 instanti3
1692 1453 1723 1482 et
1742 1451 1821 1482 ratio

1046 1506 1143 1545 hujus
1166 1508 1222 1544 est,
1246 1506 1322 1545 quia
1346 1506 1487 1546 operatio
1517 1505 1609 1535 debet
1637 1504 1728 1544 sequi
1755 1513 1822 1535 esse

1045 1560 1231 1590 substantiae
1243 1571 1249 1590 ε
1264 1560 1332 1590 ideo
1347 1569 1475 1590 necesse
1487 1559 1547 1589 fuit
1557 1558 1698 1589 animam
1710 1557 1823 1589 Christi

1047 1614 1135 1653 prius
1160 1623 1239 1652 esse,
1266 1623 1363 1653 quam
1390 1622 1507 1652 agere,
1532 1612 1691 1652 praecipue
1715 1620 1752 1642 eo
1776 1620 1826 1642 ac-

1047 1667 1141 1698 tionis
1153 1676 1282 1706 genere,
1299 1667 1383 1706 quod
1401 1668 1518 1706 spectat
1535 1666 1574 1696 ad
1596 1675 1691 1696 usum
1706 1665 1827 1696 volun-

1048 1721 1119 1751 tatis
1132 1721 1344 1751 deliberativae
1361 1729 1368 1750 :
1388 1720 1457 1749 talis
1471 1722 1578 1749 autem
1597 1720 1643 1749 est
1659 1721 1747 1748 actus
1762 1727 1826 1748 me-

1047 1774 1186 1804 ritorius.
1204 1773 1242 1804 Et
1256 1774 1336 1809 ideo,
1353 1773 1378 1802 si
1394 1773 1518 1803 dicatur
1531 1772 1647 1802 alicubi
1663 1771 1824 1802 Christum

1049 1836 1067 1857 a
1085 1827 1260 1866 primordio
1275 1835 1341 1856 suae
1366 1825 1580 1865 conceptionis
1595 1824 1758 1862 meruisse,
1774 1824 1823 1855 di-

1049 1883 1126 1911 cunt
1139 1889 1252 1911 verum
1266 1889 1342 1917 esse,
1360 1879 1537 1909 secundum
1550 1877 1635 1917 quod
1649 1877 1723 1908 dicit
1737 1878 1821 1908 ordi-

1049 1942 1123 1964 nem
1147 1934 1186 1964 ad
1209 1933 1401 1973 principium
1431 1934 1522 1962 extra
1543 1933 1729 1971 sumptum,
1758 1939 1823 1962 non

1050 1988 1145 2018 intra.
1175 1987 1229 2017 Est
1256 1989 1286 2017 et
1313 1986 1395 2016 alius
1423 1986 1537 2016 modus
1564 1984 1704 2021 dicendi,
1738 1984 1823 2024 quod

1052 2041 1202 2078 Christus,
1224 2042 1381 2079 quantum
1405 2039 1444 2069 ad
1466 2038 1591 2069 virtutis
1611 2046 1708 2068 usum
1722 2040 1753 2068 et
1767 2046 1822 2067 ac-

1051 2096 1131 2130 tum,
1148 2093 1266 2124 meruit
1278 2093 1310 2123 in
1319 2093 1388 2132 ipso
1398 2091 1612 2131 conceptionis
1625 2090 1799 2130 primordio
1812 2101 1819 2121 :

1052 2148 1112 2179 hoc
1126 2149 1211 2179 enim
1237 2148 1347 2178 datum
1369 2149 1415 2177 est
1437 2146 1465 2177 ei
1480 2155 1537 2186 per
1552 2145 1689 2185 gratiam
1703 2145 1824 2185 perfec-

1052 2202 1218 2240 tissimam,
1244 2204 1281 2232 ut
1304 2201 1336 2231 in
1357 2200 1460 2240 primo
1476 2199 1616 2237 instanti,
1642 2198 1676 2229 in
1696 2206 1759 2238 quo
1773 2198 1823 2227 in-

1052 2256 1148 2295 coepit
1175 2264 1256 2291 esse,
1286 2264 1351 2285 non
1379 2256 1504 2284 tantum
1527 2252 1658 2283 haberet
1680 2250 1823 2281 habitum

1052 2309 1228 2346 virtutum,
1247 2308 1301 2338 sed
1322 2307 1418 2338 etiam
1446 2308 1552 2336 actum
1581 2314 1588 2335 :
1615 2303 1699 2334 unde
1727 2303 1824 2333 simul

1052 2362 1149 2401 coepit
1160 2370 1238 2398 esse,
1248 2363 1279 2391 et
1288 2369 1383 2391 usum
1392 2356 1679 2398 comprehensionis
1687 2356 1804 2387 habere
1814 2367 1821 2386 z

1052 2417 1084 2445 et
1106 2415 1213 2445 anima
1236 2414 1349 2445 Christi
1370 2414 1403 2443 in
1427 2412 1538 2442 eodem
1564 2408 1694 2439 instanti
1712 2408 1825 2440 habuit

1052 2468 1165 2506 creari,
1190 2470 1220 2498 et
1244 2467 1388 2504 iniundi,
1410 2467 1441 2495 et
1465 2462 1570 2503 gratia
1592 2461 1768 2500 informari,
1793 2463 1825 2492 et

1052 2521 1139 2551 exire
1153 2520 1187 2550 in
1197 2523 1302 2551 actum
1310 2518 1426 2555 meriti,
1437 2517 1493 2558 qui
1503 2516 1536 2557 (c)
1548 2515 1677 2556 quidem
1685 2514 1825 2545 consistit

1051 2573 1085 2604 in
1111 2576 1201 2605 motu
1225 2574 1318 2605 bonae
1345 2571 1527 2604 voluntatis.
1554 2569 1690 2609 Uterque
1717 2572 1823 2600 tamen

1052 2627 1186 2658 istorum
1202 2627 1370 2657 modorum
1384 2626 1458 2656 satis
1479 2626 1526 2655 est
1541 2622 1753 2659 rationabilis;
1769 2622 1823 2653 sed

1838 2008 1901 2035 Opin.
1912 2010 1932 2029 2.
