2017 2960
571 164 760 196 DISTINCT.
784 163 891 194 xxvi.
917 162 1010 194 ΛΒΤ.
1035 163 1073 194 ΙΙ.
1096 162 1245 200 QUAEST.
1271 162 1320 193 lV.

140 234 253 264 nititur
277 234 337 264 nisi
357 234 390 264 in
409 242 457 272 eo,
474 234 529 273 qui
552 243 611 264 nec
630 233 727 273 possit
739 257 747 271 ,
763 241 821 263 nec
844 232 918 262 velit

140 287 199 318 sibi
213 288 345 318 deficere
362 298 368 317 ε
386 287 458 317 talis
472 290 580 318 autem
602 297 666 317 non
689 288 736 317 est
758 285 818 316 nisi
843 285 894 315 ille
907 309 914 322 ,

140 342 194 380 qui
210 344 256 371 est
271 341 509 380 potentissimus
532 341 565 371 in
584 341 704 371 virtute
715 365 722 378 ,
740 343 769 371 et
785 340 917 370 muniti-

140 394 341 424 ceutissimus
356 394 388 424 in
404 394 606 432 libe1·alitate;
623 398 653 425 et
669 395 728 424 hoc
741 403 807 425 nou
822 394 917 424 habet

139 447 198 477 nisi
216 447 331 477 haheat
345 448 564 478 excellentiam
587 448 715 478 virtutis
734 450 764 478 et
786 447 917 486 largita-

139 501 189 532 tis.
208 500 287 531 Cum
308 504 417 532 autem
440 502 512 541 quis
535 504 633 532 totam
659 501 809 531 fiduciam
824 510 916 530 suam

138 553 171 584 iu
187 564 262 585 eum
282 555 400 594 posuit,
419 555 473 594 qui
495 555 768 585 excellentissimae
789 554 917 584 virtutis

139 610 195 645 est,
212 611 243 638 et
257 608 462 646 liberalitatis,
479 617 596 647 magna
612 609 651 638 ab
670 618 707 639 eo
725 611 867 648 expectat
884 618 916 638 se

139 665 371 693 assecuturum.
396 662 555 699 Quoniam
570 671 648 700 ergo
664 671 734 702 spes
750 662 844 692 habet
858 662 916 692 ob-

135 716 256 754 Jectum
275 725 432 754 magnum
447 718 477 745 et
499 716 638 747 arduum
660 716 693 745 in
717 715 914 753 confidendo,

138 768 214 799 hinc
229 772 275 799 est
289 769 375 809 quod
389 769 483 800 habet
497 778 554 809 pro
571 769 694 808 objecto
710 778 870 808 maguum
886 771 917 799 et

138 823 276 853 arduum
305 823 339 853 in
361 823 568 862 expectando.
592 822 629 854 Et
652 823 726 853 hinc
749 825 805 860 est,
831 822 916 861 quod

138 875 204 916 ipse
218 876 381 915 Dominus,
396 877 429 907 in
443 886 507 917 quo
522 886 699 916 speramus,
713 886 831 915 magna
846 885 917 915 pro-

140 931 236 961 mittit
262 931 354 961 nobis
381 931 414 961 in
445 931 659 962 consolatione
691 931 756 970 spei
782 934 914 968 nostrae,

135 984 229 1023 juxta
258 984 343 1024 quod
371 985 445 1015 dicit
474 985 635 1015 Abrahae*
658 996 664 1016 2
696 985 769 1016 Noli
794 985 914 1022 timere,

139 1038 317 1075 Abraham,
335 1040 415 1078 quia
435 1047 489 1079 eqo
507 1042 664 1078 protector
681 1042 755 1071 τιιιιε
780 1047 869 1077 sum,
887 1042 917 1071 et

138 1100 254 1123 merces
269 1096 326 1124 tua
339 1101 457 1133 magna
475 1094 593 1126 nimis,
611 1093 701 1133 quasi
726 1093 807 1123 dicat
825 1103 831 1123 :
851 1093 916 1132 Ego

138 1148 309 1185 protector,
325 1146 357 1176 in
372 1156 436 1186 quo
451 1147 546 1177 debes
561 1147 730 1184 confidere,
747 1149 777 1177 et
797 1156 918 1178 merces

139 1201 194 1230 tua
215 1209 344 1239 magna,
368 1209 465 1239 quam
490 1201 584 1231 debes
602 1203 778 1240 expectare.
805 1200 918 1231 Conce-

138 1252 279 1283 dendum
304 1256 349 1284 est
376 1262 455 1292 ergo
479 1253 563 1293 quod
593 1254 753 1292 objectum
779 1254 845 1293 spei
871 1256 917 1284 est

138 1306 260 1337 honum
276 1307 336 1338 sub
353 1308 476 1338 ratione
492 1307 605 1346 magni
619 1310 648 1337 et
664 1307 755 1338 ardui
772 1318 778 1338 z
795 1310 826 1337 et
842 1307 917 1347 quia

139 1359 317 1399 gloriosum
345 1360 490 1391 nominat
514 1369 674 1399 magnum
701 1360 914 1399 sublimitate,

139 1415 297 1444 aeternum
327 1414 473 1444 nominat
496 1423 656 1453 magnum
686 1414 915 1452 diuturnitate,

138 1466 216 1497 illud
231 1467 399 1505 intensive,
416 1468 498 1498 istud
518 1468 681 1498 extensive
695 1478 701 1504 ;
720 1468 789 1498 ideo
805 1477 918 1498 conce-

138 1520 170 1550 di
191 1523 293 1560 potest
313 1521 410 1552 etiam
429 1522 514 1561 quod
534 1522 696 1561 objectum
718 1522 784 1561 spei
799 1522 837 1551 sit
860 1522 917 1552 bo-

138 1583 219 1604 num
244 1575 304 1605 sub
328 1575 450 1606 ratione
475 1576 628 1615 gloriosi,
656 1578 686 1606 et
712 1575 771 1606 sub
796 1575 917 1606 ratione

139 1628 265 1666 aeterni,
282 1631 313 1659 et
327 1628 386 1659 hoc
400 1629 459 1659 sub
482 1630 604 1660 ratione
619 1629 802 1660 excellentis
817 1631 847 1660 et
868 1630 916 1660 in-

138 1681 312 1712 deficientis
329 1694 335 1712 :
352 1691 426 1722 quae
445 1682 509 1713 duo
530 1685 727 1714 concurrunt
748 1683 787 1713 ad
802 1684 919 1722 perfec-

137 1738 205 1766 tam
241 1736 396 1767 rationem
434 1737 671 1775 magnitudinis
697 1737 798 1777 ipsius
828 1737 915 1768 honi.

139 1789 353 1821 Concedendae
376 1793 451 1821 sunt
471 1800 550 1830 ergo
567 1790 722 1829 rationes,
746 1799 819 1830 quae
842 1793 918 1821 sunt

139 1844 177 1874 ad
192 1846 315 1884 partem
330 1844 434 1875 istam.

180 1900 209 1928 1.
225 1897 273 1928 Ad
294 1898 371 1928 illud
385 1898 469 1937 quod
486 1897 655 1937 objicitur,
673 1898 759 1937 quod
783 1899 863 1930 sicut
885 1908 919 1930 se

139 1953 235 1984 habet
242 1953 373 1984 scientia
381 1953 420 1983 ad
430 1962 556 1991 verum,
565 1953 609 1983 ita
617 1953 720 1983 virtus
727 1954 766 1984 ad
778 1954 897 1985 bonum
907 1964 916 1994 3

140 2006 309 2037 dicendum
328 2007 413 2046 quod
432 2007 492 2037 hoc
506 2016 572 2037 non
588 2009 634 2037 est
650 2007 782 2038 omniuo
797 2008 916 2046 simile,

139 2059 216 2099 quia
239 2060 404 2099 cognitiva
434 2070 499 2091 non
523 2060 619 2091 habet
645 2061 825 2100 obiectum,
857 2062 919 2092 nisi

140 2113 236 2144 unitus
253 2114 394 2150 rationis,
411 2114 529 2144 scilicet
541 2123 654 2145 verum
668 2124 675 2145 ;
692 2115 744 2145 sed
761 2115 916 2154 affectiva,

140 2175 214 2197 cum
237 2167 417 2206 duplicetur
442 2168 475 2198 iu
499 2168 579 2198 duas
602 2168 701 2206 vires,
726 2169 869 2200 videlicet
884 2170 919 2200 in

140 2220 419 2259 concupiscibilem
432 2224 462 2251 et
476 2221 675 2259 irascibilem,
688 2222 850 2261 objectum
865 2223 920 2253 ha-

139 2273 193 2304 bet
207 2273 342 2313 duplicis
356 2274 486 2304 rationis
498 2298 507 2312 ,
524 2274 668 2305 videlicet
688 2275 809 2306 bouum
833 2276 919 2316 quod

141 2327 345 2366 concupiscit,
362 2329 392 2358 et
405 2328 543 2358 arduum
558 2329 596 2359 ad
612 2329 697 2368 quod
714 2338 746 2359 se
759 2329 868 2368 erigit.

181 2381 211 2409 ἐξ.
236 2380 285 2411 Ad
307 2381 384 2411 illud
413 2382 498 2421 quod
519 2382 680 2422 objicitur,
707 2383 792 2422 quod
817 2383 920 2414 virtus

142 2433 319 2472 theologica
339 2435 424 2466 idem
450 2436 545 2467 habet.
566 2445 623 2476 pro
650 2437 772 2476 obJ'ecto
805 2439 835 2467 et
862 2446 920 2477 pro

142 2488 227 2525 fine;
251 2487 420 2520 dicendum
436 2490 520 2530 quod
543 2491 569 2520 si
584 2490 645 2521 hoc
667 2490 866 2529 intelligatur
881 2491 919 2522 (le

143 2542 305 2573 identitate
319 2546 476 2583 quantum
499 2545 538 2575 ad
553 2545 779 2583 substantiam,
803 2546 848 2576 sic
861 2555 919 2576 ve-

143 2605 218 2626 rum
232 2598 290 2634 est,
304 2597 380 2637 quia
393 2597 459 2637 ipse
473 2598 556 2629 Deus
566 2601 614 2630 est
627 2599 712 2638 finiS,
721 2601 752 2630 et
759 2599 920 2639 obiectum

179 2660 185 2675 ¹
199 2659 270 2690 Gen.‚
284 2665 327 2690 xv,
344 2663 393 2684 1.—
412 2659 497 2690 (11)aest
515 2661 638 2691 procedit.

1693 170 1751 198 589

970 239 1093 262 earum.
1109 231 1140 262 Si
1163 233 1270 261 autem
1285 230 1457 270 loquamur
1468 234 1627 270 quantum
1643 234 1681 263 ad
1700 243 1750 264 ra-

971 285 1091 315 tionem
1119 285 1289 322 movendi,
1310 285 1355 314 sic
1382 293 1446 314 non
1469 284 1564 314 habet
1586 286 1751 317 veritatem

972 339 1031 368 nisi
1048 339 1081 368 in
1097 339 1162 369 sola
1180 339 1314 375 virtute,
1333 346 1406 377 quae
1429 340 1474 368 est
1496 338 1634 370 charitas
1653 350 1658 369 :
1685 340 1753 379 ipsa

971 393 1056 423 enim
1072 393 1165 424 habet
1182 393 1304 423 bonum
1319 393 1379 422 sub
1394 393 1516 423 ratione
1532 393 1605 424 boui
1617 418 1624 431 ,
1647 396 1677 424 et
1696 404 1753 434 pro

971 448 1103 486 objecto,
1119 450 1147 477 et
1165 448 1228 477 fine
1246 458 1252 477 t
1274 446 1344 476 ideo
1360 446 1576 486 priiicipatum
1594 449 1678 477 tenet
1702 447 1752 478 in-

971 502 1018 531 ter
1033 502 1164 531 caeteras
1178 501 1321 537 virtutes,
1340 500 1422 530 sicut
1437 500 1520 530 infra
1537 501 1755 532 manifestabi-

971 555 1024 583 tur
1042 564 1048 590 ;
1066 553 1099 583 in
1117 553 1176 584 [ide
1190 556 1298 584 autem
1321 556 1351 583 et
1373 562 1427 592 spe
1445 562 1508 583 non
1525 554 1621 584 habet
1635 555 1755 585 verita-

970 608 1035 637 tem
1048 616 1055 637 :
1068 610 1097 638 et
1107 608 1260 647 quoniam
1272 607 1304 637 in
1318 608 1371 637 illa
1385 608 1505 637 ratione
1520 609 1699 646 proceditur
1714 609 1753 648 (a)

971 660 1010 690 ab
1022 660 1183 691 identitate
1194 660 1370 691 secundum
1386 660 1600 691 substantiam
1613 662 1652 692 ad
1663 662 1753 693 ideu-

971 713 1093 744 titatem
1107 714 1283 745 secuudum
1297 714 1464 751 rationem,
1476 714 1545 745 ideo
1556 715 1590 745 in
1605 724 1755 754 processu

971 766 1024 797 illo
1040 769 1085 797 est
1100 769 1266 807 peccatum
1281 767 1457 797 secundum
1475 768 1632 799 accidens.

1012 822 1041 851 3.
1055 820 1102 851 Ad
1115 821 1193 851 illud
1202 821 1285 860 quod
1294 821 1456 860 objicitur,
1469 822 1554 861 quod
1565 822 1608 853 sic
1616 832 1649 853 se
1660 823 1755 854 habet

971 883 1041 913 spes
1055 877 1201 914 respectu
1219 874 1317 905 futuri
1333 875 1413 905 sicut
1429 875 1587 914 gaudium
1611 879 1755 915 respectu

970 928 1153 966 praeseutis,
1173 928 1344 958 dicendum
1359 928 1444 968 quod
1465 929 1644 960 similitudo
1672 930 1756 961 bona

971 983 1017 1011 est
1032 984 1189 1020 quantum
1203 981 1241 1011 ad
1257 981 1469 1012 differentiam
1487 983 1685 1013 futuritionis
1700 1007 1709 1021 ,
1725 986 1756 1014 et

972 1035 1240 1074 praesentialitatis
1256 1045 1262 1065 ;
1280 1035 1334 1065 sed
1351 1038 1509 1074 quantum
1533 1036 1573 1066 ad
1598 1037 1754 1068 rationem

972 1089 1048 1119 boui
1063 1089 1175 1119 motivi
1189 1097 1253 1118 non
1267 1091 1313 1118 est
1327 1088 1512 1119 similitudo.
1527 1088 1653 1120 Bonum
1669 1091 1755 1122 euim

972 1143 1030 1173 sub
1046 1143 1167 1173 ratione
1183 1143 1258 1173 boni
1271 1166 1278 1180 ,
1295 1143 1424 1182 quaudo
1452 1152 1593 1182 praesens
1613 1146 1681 1181 est,
1697 1145 1755 1176 de-

971 1196 1064 1227 lectat
1079 1199 1110 1227 et
1125 1196 1226 1226 reficit
1248 1196 1349 1235 ipsam
1373 1197 1649 1236 concupiscibilem
1672 1207 1679 1228 :
1701 1199 1755 1229 sed

971 1249 1032 1279 suh
1048 1249 1109 1279 hac
1123 1249 1244 1279 ratione
1256 1258 1322 1279 non
1332 1250 1426 1280 habet
1439 1249 1564 1280 elevare
1574 1253 1603 1281 et
1618 1251 1753 1290 erigere,

971 1302 1036 1332 imo
1050 1302 1223 1342 potiussub
1239 1303 1362 1333 ratione
1377 1302 1570 1334 excellentis.
1586 1303 1756 1335 Delectatio

971 1356 1058 1386 enim
1072 1380 1079 1394 ,
1100 1365 1173 1396 quae
1194 1358 1240 1386 est
1262 1356 1296 1386 iu
1319 1356 1439 1395 gaudio
1452 1381 1460 1394 ,
1488 1357 1616 1397 respicit
1638 1367 1757 1389 conve-

971 1410 1143 1448 nientiam3
1166 1410 1221 1441 sed
1235 1411 1368 1448 erectio,
1395 1419 1469 1450 quae
1483 1414 1528 1441 est
1546 1412 1578 1441 in
1594 1421 1667 1452 spe,
1687 1421 1754 1443 res-

972 1464 1047 1503 picit
1059 1464 1291 1495 excellentiam.

1012 1520 1042 1548 4.
1059 1517 1106 1548 Ad
1129 1517 1207 1548 illud
1223 1517 1310 1557 quod
1325 1517 1475 1557 objicitur
1486 1542 1494 1555 ,
1511 1519 1595 1557 quod
1619 1528 1690 1559 spes
1709 1522 1756 1550 est

972 1575 1116 1611 respectu
1132 1571 1207 1602 boui
1222 1574 1364 1610 tautum,
1382 1581 1461 1610 ergo
1476 1572 1571 1602 habet
1593 1573 1756 1613 objectum

973 1626 1094 1656 bonum
1109 1626 1168 1656 sub
1186 1626 1308 1657 ratione
1320 1626 1412 1663 boni,
1430 1626 1599 1656 dicendum
1615 1627 1700 1666 quod
1715 1628 1754 1658 il-

973 1680 1028 1710 lud
1044 1690 1109 1711 nou
1123 1681 1270 1721 sequitur
1281 1705 1288 1718 ,
1304 1690 1362 1720 pro
1377 1689 1414 1711 θο
1428 1680 1513 1720 quod
1537 1681 1596 1711 ista
1619 1691 1685 1712 non
1709 1684 1756 1713 est

973 1734 1039 1765 sola
1053 1735 1152 1771 ratio,
1171 1737 1299 1774 propter
1313 1744 1411 1774 quam
1435 1735 1555 1774 aliquid
1579 1736 1680 1766 tendit
1703 1745 1755 1767 so-

975 1788 1139 1819 lummodo
1154 1788 1187 1819 in
1204 1789 1325 1819 bonum
1336 1812 1345 1826 ,
1362 1789 1438 1828 quia
1453 1789 1611 1820 motivum
1628 1791 1697 1829 eJus
1710 1793 1757 1821 est

975 1842 1097 1873 bonum
1113 1843 1173 1873 sub
1189 1842 1311 1872 ratione
1325 1842 1419 1879 boni;
1437 1842 1491 1873 sed
1506 1843 1601 1873 etiam
1627 1847 1756 1883 propter

974 1896 1046 1934 hoc,
1061 1895 1145 1935 quod
1159 1895 1247 1932 illud,
1260 1895 1345 1935 quod
1358 1897 1405 1926 est
1418 1896 1575 1926 motivum
1594 1898 1678 1937 ejus,
1696 1898 1756 1928 ha·-

975 1950 1026 1980 bet
1045 1959 1170 1989 semper
1191 1950 1316 1980 bonum
1335 1949 1395 1980 sibi
1412 1950 1621 1981 substratum.
1639 1951 1677 1982 Et
1697 1952 1757 1983 hoc

975 2004 1070 2035 modo
1094 2003 1339 2043 intelligendum
1362 2006 1408 2034 est
1431 2013 1464 2034 se
1483 2004 1601 2036 habere
1624 2006 1657 2036 in
1678 2016 1754 2046 spe:

974 2058 1054 2089 illud
1066 2058 1153 2088 enim
1168 2057 1308 2088 arduum
1318 2060 1348 2087 et
1363 2057 1532 2096 excellens,
1550 2059 1588 2089 ad
1605 2060 1689 2099 quod
1704 2070 1756 2091 as-

975 2112 1176 2152 sequendum
1191 2111 1328 2151 erigitur
1342 2111 1450 2142 anima
1461 2135 1470 2150 ,
1484 2121 1551 2143 non
1573 2116 1674 2153 potest
1689 2123 1756 2145 esse

975 2166 1036 2196 nisi
1050 2166 1183 2196 honum.

1015 2221 1045 2250 ὃ.
1062 2219 1110 2249 Ad
1126 2219 1202 2249 illud
1217 2218 1303 2258 quod
1319 2219 1488 2258 objicitur,
1506 2221 1590 2260 quod
1615 2230 1686 2261 spes
1710 2225 1757 2252 est

975 2273 1152 2312 expectatio
1184 2272 1302 2303 futurae
1337 2273 1557 2312 beatitudinis,
1586 2275 1755 2306 dicendum

976 2326 1061 2366 quod
1081 2335 1151 2366 spes
1172 2335 1238 2356 non
1259 2329 1405 2365 expectat
1426 2326 1653 2359 beatitudinem
1668 2352 1675 2365 ,
1693 2330 1755 2360 nisi

976 2381 1010 2410 iu
1025 2384 1183 2420 quantum
1193 2382 1279 2410 tenet
1291 2380 1448 2411 rationem
1463 2382 1572 2421 magni
1589 2386 1619 2413 et
1641 2384 1753 2422 ardui,

976 2434 1037 2465 hoc
1050 2437 1096 2465 est
1112 2435 1270 2465 rationem
1285 2436 1468 2466 excellentis
1483 2439 1513 2466 et
1534 2437 1753 2471 indeficientis.

977 2489 1014 2520 Et
1024 2490 1100 2529 quia
1115 2489 1174 2520 ista
1199 2489 1263 2519 duo
1278 2489 1429 2529 importat
1444 2490 1605 2521 beatitudo
1633 2492 1672 2523 de
1696 2503 1755 2525 sua

977 2543 1080 2583 prima
1092 2543 1227 2581 ratione,
1244 2542 1319 2573 hinc
1334 2543 1476 2582 estquod
1490 2553 1560 2583 spes
1576 2546 1678 2585 magis
1693 2547 1754 2578 ha-

978 2597 1029 2628 bet
1055 2596 1187 2628 diffiniri
1211 2605 1268 2637 per
1288 2596 1517 2628 beatitudinem
1531 2621 1539 2636 ,
1567 2608 1666 2639 quam
1693 2601 1755 2634 alia

977 2651 1080 2682 virtus
1095 2660 1103 2681 ;
1120 2651 1206 2681 uude
1220 2650 1253 2680 in
1268 2651 1389 2681 ratione
1402 2650 1454 2681 illa
1467 2653 1515 2681 est
1530 2655 1694 2692 peccatum
1704 2664 1754 2686 se-
