1997 2986
220 231 273 251 vm

220 305 311 336 papa,
322 297 503 337 Anselmus,
514 300 693 339 Apparatus
706 304 725 337 ¹,
739 300 904 340 Apuleius,
920 300 1112 338 Aristoteles,
1124 301 1328 339 Athanasius,
1339 302 1506 341 Averroes,
1517 302 1731 342 Augustinus,
1742 303 1815 335 Avi-

218 368 330 398 cenna,
340 360 484 400 Basilius,
492 361 526 392 B.
540 362 727 394 Benedictus
736 363 843 401 abbas,
856 362 950 401 Beda,
962 362 1153 401 Bernardus,
1163 363 1300 402 Boetius,
1312 363 1457 395 Callistus
1468 373 1560 405 papa,
1570 365 1712 397 Canones
1720 366 1812 404 sacri,

217 421 393 462 Cassianus,
413 424 623 463 Cassiodorus,
639 425 824 455 Coelestinus
840 434 931 465 papa,
950 424 1205 466 Chrysostomus,
1224 426 1343 464 CicerO,
1364 426 1506 458 Clemens
1523 436 1617 468 papa,
1637 427 1814 459 Concilium

216 484 417 523 caesariense,
434 485 609 517 Concilium
620 486 880 526 Carthaginensc,
891 487 1067 518 Concilium
1084 487 1349 527 chalcedonense,
1364 488 1540 519 Concilium
1552 488 1812 530 Compendiense,

215 547 390 578 Concilium
397 547 638 587 Eliberitanum,
646 548 823 580 Concilium
831 549 1031 589 Laodicense,
1041 550 1215 581 Concilium
1222 550 1444 590 Lateranense,
1453 550 1627 583 Concilium
1634 551 1812 591 Nicaenum,

215 614 390 645 Concilium
407 615 585 647 Rhemense
596 639 605 654 ,
622 616 797 647 Concilium
812 616 1010 655 Toletanum,
1029 616 1219 657 Cyprianus,
1233 616 1458 656 DamascenuS,
1482 617 1622 656 Decreta,
1649 618 1813 659 Didymus,

214 675 395 716 Dionysius,
418 677 554 708 Ecclesia
569 678 792 716 Ambrosiam,
812 678 949 710 Ecclesia
963 679 1169 718 Gregoriana,
1186 678 1350 710 Evaristus
1364 689 1457 720 papa,
1471 679 1627 719 EuclideS,
1643 679 1813 719 Eusebius,

213 737 372 770 Fabianus
384 739 479 779 Papa,
495 739 694 779 Fulgentius,
713 740 854 772 Gelasius
870 741 966 781 Papa,
984 740 1142 772 Gilbertus
1156 740 1349 772 Porretanus
1364 744 1386 780 2,
1402 741 1510 772 Glossa
1522 742 1692 780 ordinaria,
1708 741 1816 774 Glossa

211 800 430 839 interlinearis,
441 802 620 839 Gratianus,
633 802 805 842 Gregorius
813 812 904 843 papa,
913 803 1087 842 Gregorius
1095 802 1322 840 Nazianzenus,
1334 803 1522 834 Guillelmus
1530 803 1813 844 Antisiodorensis‚

212 861 398 895 Guillelmus
413 863 597 895 Parisiensis
609 865 619 882 ³
631 889 639 903 ,
658 865 791 905 Ilaymo,
816 865 1003 905 Hesychius,
1023 865 1249 905 Hieronymus,
1267 864 1418 903 Hilarius,
1433 865 1583 896 Horatius
1599 866 1701 905 poeta,
1718 865 1814 906 Hugo

211 925 249 955 de
274 925 306 956 S.
332 925 466 964 Victore,
492 927 648 966 Ilugutio,
676 928 876 958 Innocentius
904 927 998 967 Papa,
1025 926 1169 958 Joachim
1192 926 1298 957 Abbas
1310 929 1340 964 4;
1360 926 1528 967 Josephus,
1555 926 1639 958 Isaac
1663 925 1813 965 Medicus,

210 988 359 1027 Isidorus,
386 990 487 1021 Julius
508 991 602 1031 Papa,
628 991 779 1030 Legenda
804 992 957 1031 passionis
984 991 1017 1021 B.
1050 991 1227 1028 Laurentii,
1253 991 1402 1030 Legenda
1428 991 1461 1021 B.
1494 990 1637 1029 Martini,
1666 990 1815 1030 Legenda

209 1048 240 1080 S.
257 1049 434 1090 Genovefae‚
452 1052 600 1091 Legenda
623 1054 654 1083 S.
680 1052 812 1089 Maniai,
832 1053 892 1083 Leo
916 1053 1010 1092 Papa,
1035 1053 1113 1082 liber
1128 1052 1164 1083 de
1185 1053 1309 1090 causis,
1336 1052 1414 1082 liber
1437 1052 1475 1084 de
1495 1052 1622 1092 Spiritu
1638 1055 1667 1084 et
1683 1054 1812 1092 Anima,

208 1111 288 1142 liber
298 1112 336 1144 cle
346 1113 475 1153 Requlz's
487 1114 595 1152 Fidei,
612 1115 690 1145 liber
699 1115 736 1146 de
749 1115 985 1146 Ecclesiasttcis
994 1114 1200 1154 Doqmacz'bus
1215 1115 1236 1151 ⁵,
1252 1114 1332 1144 liber
1345 1114 1602 1152 Institutionum,
1620 1115 1810 1153 Macrobius,

209 1170 360 1211 Magister
384 1173 417 1203 in
442 1172 597 1210 Historiis,
623 1174 774 1213 Magister
790 1174 1028 1214 Praeposiuvus,
1052 1174 1205 1213 Magister
1227 1174 1474 1211 Sententiarum,
1502 1174 1690 1206 Melchiades
1716 1175 1811 1215 Papa,

208 1234 386 1266 Mercurius
400 1235 637 1275 Trismegistus,
655 1236 804 1268 Nicolaus
820 1237 916 1277 Papa,
934 1236 999 1268 Odo
1015 1236 1225 1267 Cancellarius
1240 1236 1261 1274 ⁶,
1278 1235 1441 1275 Origenes,
1454 1236 1584 1267 Ovidius
1601 1236 1707 1275 Poeta,
1723 1236 1814 1268 Pela-

207 1297 282 1336 gius
296 1297 392 1337 Papa,
410 1297 521 1328 Petrus
535 1298 751 1338 Chrysologus
763 1300 902 1339 archiep.
915 1299 1072 1337 Ravenn.,
1088 1298 1252 1338 Philippus
1263 1298 1474 1329 Cancellarius
1484 1297 1505 1335 ⁷,
1516 1297 1591 1329 Pius
1604 1298 1699 1338 Papa,
1712 1298 1810 1338 Plato,

208 1358 416 1399 Porphyrius,
434 1359 626 1398 Priscianus,
644 1359 843 1399 Ptolemaeus,
861 1361 1022 1398 Rabanus,
1039 1360 1217 1399 Remigius,
1235 1359 1411 1390 Richardus
1423 1359 1461 1390 de
1476 1359 1509 1390 S.
1526 1359 1661 1399 Victore,
1680 1359 1810 1400 Seneca,

207 1421 316 1453 Simon
331 1421 549 1461 Tornacensis,
568 1423 697 1453 Soterus
713 1423 809 1463 Papa,
827 1423 952 1461 Strabo,
971 1423 1160 1463 Symbolum
1177 1422 1412 1462 Apostolorum,
1430 1422 1619 1462 Symbolum
1633 1422 1810 1462 Athanasii,

207 1483 397 1524 Symbolum
414 1483 594 1523 Nicaenurn,
610 1484 794 1516 Theodorus
809 1485 905 1524 Papa,
922 1484 1112 1523 Victorinus,
1127 1484 1273 1516 Urbanus
1288 1484 1327 1521 11,
1344 1484 1508 1515 Zacharias
1522 1483 1616 1524 Papa.

245 1558 260 1573 »
276 1546 385 1585 Porro,
398 1555 499 1586 quum
509 1556 549 1577 ex
560 1547 619 1577 hoc
629 1547 773 1586 catalogo
786 1550 906 1578 constet
915 1557 979 1577 non
991 1548 1085 1578 fuisse
1097 1547 1225 1586 quidem
1234 1556 1253 1577 a
1262 1545 1487 1577 Bonaventura
1497 1546 1811 1587 laudatosRaymun-

206 1608 284 1639 dum
297 1608 335 1639 de
352 1608 535 1647 Pennafort,
553 1609 719 1640 Albertum
728 1609 895 1648 Magnum,
912 1609 1068 1640 Thomam
1077 1609 1115 1639 de
1128 1609 1267 1649 Aquino,
1286 1611 1316 1639 et
1328 1607 1531 1639 Vincentium
1542 1608 1809 1649 Bellovacensem,

205 1669 286 1701 bene
300 1679 375 1701 vero
389 1671 607 1702 Alexendrum
622 1671 782 1709 Alensem,
800 1671 1005 1701 Guillelinum
1022 1670 1244 1706 Parisiensem,
1262 1669 1402 1701 Odonem
1419 1669 1664 1709 Cancellarium,
1682 1680 1718 1702 ac
1734 1670 1808 1702 Phi-

205 1732 329 1773 lippum
343 1733 452 1763 itidem
469 1732 709 1770 Cancellarium,
725 1733 781 1773 qui
805 1733 888 1763 intra
913 1733 1147 1764 Bonaventurae
1170 1734 1314 1771 tempora
1337 1732 1372 1762 in
1393 1732 1477 1762 vivis
1499 1733 1598 1770 fuere,
1615 1742 1810 1773 consequens

206 1796 262 1832 est,
279 1803 343 1824 non
358 1803 447 1834 posse
464 1795 642 1833 generatim
658 1795 792 1831 admitti,
810 1795 895 1834 quod
911 1795 1078 1825 novissimi
1095 1794 1226 1832 (Veneti)
1241 1794 1376 1825 editores
1390 1795 1641 1834 pronuntiarunt
1656 1795 1666 1810 ⁸
1684 1804 1691 1825 :
1712 1806 1727 1824 (1
1742 1794 1810 1826 Mos

206 1865 373 1896 nunquam
389 1856 586 1896 Scriptorum
601 1857 660 1887 fuit
675 1857 772 1888 seculi
788 1866 862 1895 xm,
885 1860 920 1887 ut
934 1856 985 1887 vel
1008 1856 1042 1886 in
1069 1856 1135 1886 suis
1158 1856 1335 1894 firmandis,
1353 1858 1409 1886 aut
1434 1856 1466 1886 in
1481 1856 1592 1887 alienis
1606 1857 1810 1896 dogmatibus

206 1918 394 1956 evertendis,
411 1918 450 1949 ad
475 1918 544 1949 illos
567 1918 787 1957 confugerent,
805 1918 998 1957 quibuscum
1014 1927 1079 1948 una
1095 1917 1265 1948 vixissent.
1279 1928 1293 1945 »
1314 1917 1401 1948 Certe
1415 1920 1445 1948 et
1459 1917 1632 1949 Cardinalis
1647 1917 1807 1957 Ostiensis,

206 1979 262 2019 qui
279 1980 358 2010 obiit
372 1988 456 2010 anno
477 1982 566 2018 1:271,
588 1981 621 2010 10
644 1990 701 2011 sua
723 1980 854 2011 Summa
868 1984 878 1999 ⁹
899 1980 972 2011 citat
987 1979 1039 2010 Fr.
1064 1979 1302 2019 Raymundum,
1326 1988 1423 2019 quem
1443 1979 1549 2010 ferunt
1563 1988 1580 2010 e
1593 1979 1676 2011 vivis
1695 1979 1809 2011 abiisse

207 2050 291 2072 anno
307 2043 396 2073 1:275.

247 2115 261 2131 »
277 2103 384 2140 Quum
399 2103 507 2134 itidem
523 2106 643 2134 constet
662 2105 694 2134 in
709 2104 847 2144 praefatis
866 2103 1024 2143 seraphici
1043 2103 1183 2134 Doctoris
1200 2103 1442 2135 Commentariis
1458 2103 1613 2142 majorem
1631 2102 1808 2134 doctrinam

207 2165 344 2203 elucere,
358 2165 459 2196 nolim
475 2166 547 2205 quis
561 2165 666 2196 credat
689 2166 795 2205 ipsum
817 2165 951 2195 minime
973 2164 1158 2196 habendum
1183 2164 1370 2196 eorumdem
1392 2167 1587 2196 auctorem...
1594 2174 1607 2204 ;
1620 2164 1660 2195 ad
1676 2164 1709 2196 id
1721 2164 1808 2196 enim

207 2227 341 2267 ipsemet
351 2226 577 2259 Bonaventura
585 2228 630 2258 sic
641 2227 808 2268 respondet
821 2228 842 2246 ¹⁰
856 2239 862 2258 ε
877 2239 891 2256 α
899 2227 1105 2267 Quadruplex
1113 2228 1159 2258 est
1167 2227 1281 2257 modus
1293 2226 1426 2257 faciendi
1435 2226 1565 2258 librum.
1582 2226 1706 2267 Aliquis
1719 2227 1807 2258 enim

208 2289 315 2320 scribit
341 2290 479 2321 alienam
508 2290 674 2321 materiam
701 2290 781 2320 nihil
809 2290 963 2328 addendo,
993 2289 1044 2322 vel
1067 2289 1222 2321 mutando
1235 2300 1242 2327 ;
1260 2291 1291 2320 et
1312 2289 1371 2320 iste
1401 2297 1488 2320 mere
1518 2289 1633 2320 dicitur
1654 2289 1806 2330 Scriptor.

242 2380 250 2396 ¹
266 2387 279 2402 «
293 2379 420 2410 Numquid
433 2380 491 2410 ille,
508 2380 550 2410 qui
564 2381 602 2403 est
620 2379 760 2403 innocentii
777 2380 818 2409 lv,
835 2382 878 2403 aut
901 2379 1022 2403 Bernardi
1038 2377 1240 2409 compostellani
1261 2378 1287 2402 S.
1313 2378 1501 2402 Bonaventurae
1523 2378 1602 2402 coaevi
1613 2379 1625 2401 ¹?
1640 2378 1727 2402 Tacuit
1738 2378 1807 2403 enim

208 2426 302 2444 nomen
317 2420 436 2444 auctoris.
450 2430 463 2442 »
473 2433 504 2437 —
515 2420 526 2435 ²
541 2428 553 2441 «
570 2420 641 2443 llunc
657 2419 771 2442 nominat
785 2420 930 2443 confutandi
946 2419 1034 2450 gratia.
1045 2432 1076 2437 —
1088 2419 1098 2435 ³
1112 2427 1125 2441 «
1140 2419 1213 2442 Hunc
1228 2426 1254 2442 se
1269 2418 1372 2442 novisse
1383 2420 1489 2442 testatur
1500 2419 1680 2442 Bonaventura
1692 2418 1719 2442 in
1733 2418 1807 2443 tertio

208 2459 290 2489 libro,
306 2460 363 2489 dist,
380 2465 432 2490 xw,
448 2463 496 2484 art.
515 2462 533 2490 1,
551 2467 574 2490 q.
592 2466 609 2489 1,
625 2459 656 2483 ad
669 2465 693 2488 1,
708 2460 747 2482 liis
760 2460 861 2482 verbis:
880 2468 893 2481 «
908 2460 998 2483 Audivi
1014 2459 1180 2483 Parisiensem
1197 2459 1345 2489 episcopum
1359 2458 1522 2482 Guillelmum
1537 2458 1642 2487 reterre,
1653 2466 1666 2481 »
1684 2460 1731 2482 etc.
1748 2469 1779 2476 —
1791 2466 1806 2481 1)

208 2499 218 2515 ⁴
232 2508 244 2521 «
258 2500 330 2524 Hunc
341 2507 442 2531 quoque
453 2502 579 2524 memorat
590 2499 770 2523 confutationis
780 2506 864 2524 causa.
875 2508 888 2522 »
902 2513 932 2517 —-
941 2500 951 2515 5
961 2508 973 2521 «
986 2500 1011 2523 10
1023 2499 1146 2529 Apologia
1153 2506 1288 2530 pauperum
1301 2498 1415 2522 attribuit
1423 2499 1475 2529 ipse
1485 2497 1616 2522 Gennadio
1623 2497 1783 2523 Massiliensi.
1791 2506 1805 2520 »

208 2552 238 2557 -—
250 2539 259 2554 ‘³
272 2548 285 2561 «
299 2541 324 2564 S.
342 2542 529 2564 Boiiaveniuroe
543 2547 662 2568 coaevus,
678 2546 755 2570 quem
774 2540 858 2563 laudat
882 2540 950 2563 idem
972 2540 1168 2569 Bonaventuru,
1185 2540 1246 2562 dum
1267 2538 1331 2562 libro
1347 2539 1376 2569 11,
1393 2540 1438 2562 art.
1456 2541 1479 2568 2,
1495 2545 1517 2569 q.
1536 2539 1550 2562 3
1571 2537 1633 2567 (ubi
1650 2538 1751 2568 supra),
1764 2544 1805 2561 re-

209 2582 296 2603 censet
323 2587 335 2601 «
350 2580 438 2604 decem
457 2580 576 2605 articulos
591 2580 742 2610 reprobatos
756 2580 788 2603 ab
810 2580 975 2603 universitate
989 2579 1169 2610 magistrorum
1184 2578 1364 2603 Parisiensium
1378 2580 1493 2609 tempore
1503 2578 1622 2609 Episcopi
1634 2577 1769 2608 Guilielmi,
1781 2580 1806 2602 et

210 2618 306 2643 odonis
319 2620 479 2651 cancellarii,
491 2629 503 2643 »
521 2622 591 2644 etc.»
609 2633 635 2638 -
651 2621 661 2636 ⁷
675 2620 728 2643 Lib.
742 2626 781 2648 111,
791 2620 848 2643 dist.
861 2625 914 2650 xw,
924 2622 971 2644 art.
986 2622 1010 2650 2,
1021 2627 1046 2650 q.
1059 2625 1100 2649 111,
1116 2619 1156 2642 liic
1171 2626 1196 2649 p.
1211 2620 1264 2648 363,
1277 2618 1324 2642 col.
1339 2620 1362 2642 2.
1375 2619 1424 2636 -Β
1435 2618 1547 2642 Dz’atrib.
1562 2618 1705 2649 deScriptis
1718 2617 1745 2641 S.
1760 2617 1807 2642 Bo-

210 2660 360 2689 rmventuroe,
375 2663 437 2683 sect.
450 2666 488 2689 111,
500 2667 526 2683 n.
544 2666 600 2690 v111,
616 2667 706 2690 supra,
724 2662 787 2683 tom.
806 2660 825 2690 1,
841 2667 865 2690 p.
881 2666 912 2683 Lx
923 2672 953 2677 -
963 2661 972 2675 ⁹
989 2660 1043 2684 Lib.
1059 2661 1078 2690 1,
1092 2660 1120 2683 <le
1133 2660 1212 2682 servis
1227 2658 1309 2682 ordin.
1322 2661 1346 2682 ee
1360 2665 1444 2682 eorum
1457 2665 1597 2684 manum-
1611 2659 1631 2675 ¹⁰
1643 2659 1670 2682 10
1684 2657 1806 2681 Prooemz'o

209 2696 253 2720 lib.
270 2698 288 2726 l,
302 2706 327 2729 q.
344 2704 379 2727 iv,
392 2706 476 2729 supra,
492 2702 554 2723 tom.
569 2701 587 2729 1,
599 2707 622 2730 p.
639 2701 676 2725 2⁰.
