2017 2960
63 660 142 682 enem-

98 702 104 708 “
161 704 257 735 maris
270 706 300 736 et
316 704 445 735 seminae
470 704 503 734 in
528 704 658 735 instanti
677 703 863 744 perduceret
885 704 940 735 l'oe-

42 1849 76 1871 u
94 1857 145 1878 opp.

658 100 753 131 ntST.
780 100 829 132 tv.
854 100 944 132 ΛΒΤ.
969 100 1021 132 lll.
1045 100 1195 139 QUAEST.
1218 101 1255 133 ll.

163 169 289 209 operari
301 179 307 199 :
319 169 363 199 sic
376 168 462 199 enim
473 167 583 208 accipit
595 167 799 207 Augustinus
814 168 856 199 ihi
875 179 881 199 :
896 177 937 199 ex

163 221 223 253 hoc
238 224 342 253 tamen
364 230 429 252 non
448 220 629 252 excluditur
649 222 728 261 quin
748 221 856 261 aliqua
880 231 938 261 po-

163 275 261 307 tentia
275 277 390 316 praeter
410 283 531 305 moreni
548 274 677 305 solitum
702 275 856 306 divinitus
870 275 939 306 Vir—

161 329 229 369 gini
244 329 285 360 sit
298 327 421 359 collata.
440 327 596 359 Praetereu
617 329 738 359 ratione
760 328 865 359 adhuc
889 338 940 368 po-

160 382 268 414 tenliae
284 381 375 412 istius
389 381 502 412 activae
518 391 580 412 nnn
597 381 689 412 debet
703 382 762 412 dic-i
785 382 881 412 fuisse
896 381 939 412 ilii

159 434 337 467 secundum
350 435 506 467 rationem
520 435 718 472 seminalem,
735 444 792 475 pro
803 444 840 465 eo
853 434 938 475 quod

158 487 198 519 ad
212 489 322 519 actum
337 489 512 529 perfectum
527 488 678 529 perducta
692 488 750 518 snit
766 497 822 528 pei·
837 488 938 518 virtu-

158 543 224 574 tem
237 551 335 583 supra
356 544 506 574 naturam
523 550 531 573 ε
546 544 577 573 et
595 544 739 582 respectu
757 542 828 572 talis
852 541 938 572 modi

158 596 311 637 operandi
328 596 388 627 t'uit
402 596 445 627 ibi
460 596 565 627 solum
580 596 719 636 potentia
735 595 938 626 obedientiae.

161 649 197 681 Et
220 652 267 681 est
292 650 409 688 simile,
435 650 459 680 si.
484 649 566 681 Deus
593 658 651 690 per
677 649 939 680 commixtionem

159 757 238 789 dum
253 757 293 789 ad
308 758 579 798 complementum
599 757 849 798 organizationis
869 767 941 798 per-

159 810 261 849 reetae,
279 811 350 842 talis
364 811 512 843 formatio
527 820 591 842 non
606 811 764 842 diceretur
779 821 845 843 esse
861 812 941 842 tacta

160 864 337 896 secundum
367 865 523 896 rationem
556 865 762 903 seminalem,
792 865 941 906 quamvis

159 921 242 950 esset
256 919 298 950 ibi
322 919 370 950 vis
391 920 496 951 activa
515 922 660 960 respectu
682 920 754 950 talis
771 920 941 959 organiza-

161 972 256 1003 tionis
275 973 447 1004 educendae
471 973 505 1004 in
525 982 594 1004 esse
618 982 674 1014 per
696 973 848 1014 temporis
866 983 942 1005 suc-

161 1026 335 1058 ceaeionem
351 1037 358 1058 :
373 1027 417 1058 sic
432 1029 463 1058 et
478 1027 509 1058 in
524 1027 683 1068 proposito
696 1027 941 1068 intelligendum

161 1082 220 1111 aet.

202 1135 232 1164 4.
246 1132 294 1165 Ad
310 1133 455 1165 ultimam
479 1134 636 1166 rationem
653 1134 835 1173 dicendum,
855 1134 940 1175 quod

161 1187 242 1218 ratio
266 1187 319 1218 illa
343 1196 410 1218 non
432 1187 518 1227 cogit
541 1187 627 1228 qnod
642 1188 736 1227 virgo
761 1187 860 1218 Maria
875 1197 941 1219 non

161 1240 257 1271 fuerit
279 1244 448 1281 cooperata
470 1240 603 1282 Spiritui
625 1244 734 1272 sancto
756 1242 790 1272 in
805 1241 876 1272 Filii
891 1242 942 1273 sui

160 1294 366 1334 conceptione
386 1295 494 1336 aliquo
517 1296 627 1334 modo;
650 1296 703 1327 sed
726 1296 831 1327 solum
856 1296 942 1336 quod

161 1355 226 1379 non
249 1348 346 1379 fuerit
368 1351 536 1389 cooperata
564 1349 599 1380 in
626 1350 827 1390 perducendo
854 1350 942 1381 illam

162 1401 328 1433 materiam
354 1403 393 1434 ad
412 1412 480 1435 esse
501 1404 698 1444 completum
725 1415 732 1435 :
758 1407 789 1436 ct
812 1405 874 1436 hoc
896 1407 943 1436 est

160 1455 247 1496 quod
263 1455 367 1496 primo
382 1457 443 1488 fuit
458 1466 643 1490 concessum
662 1469 670 1489 ι
686 1461 768 1490 etex
782 1459 842 1490 hoc
858 1461 943 1499 patet

162 1510 324 1550 responsio
337 1510 377 1542 ad
391 1511 525 1551 objecta.

431 1624 612 1662 OUAESTIO
639 1625 678 1657 ll.

183 1703 230 1732 An
247 1706 400 1739 cooperatio
417 1705 502 1733 beatae
524 1707 650 1741 Virginis
664 1707 750 1740 fuer-it
763 1707 921 1739 naturalis,

422 1752 465 1779 vel
479 1753 642 1780 miraculosa
658 1753 678 1779 ¹.

203 1829 318 1863 Utrum
333 1832 387 1864 illa
405 1833 586 1874 cooperatio
598 1834 700 1866 beatae
713 1834 856 1875 Virginis
877 1835 943 1867 fue-

164 1884 204 1915 rit
217 1886 383 1925 naturalis,
401 1887 453 1918 vel
469 1887 674 1926 miraculosa;
693 1890 724 1919 et
738 1888 824 1929 quod
843 1892 941 1921 natu-

162 1939 249 1978 ralis,
266 1939 402 1971 videtur.
421 1940 531 1972 Omnis
546 1941 600 1972 itta
617 1942 757 1982 operatio
773 1943 824 1974 vel
840 1952 942 1983 geue,-

160 1995 241 2026 ratio
263 1998 311 2027 est
335 1996 504 2036 naturalis,
537 1997 659 2029 ratione
687 1999 781 2038 cujus
812 1998 943 2038 genitus

159 2048 276 2081 dicitur
291 2059 359 2081 esse
373 2050 460 2081 filius
476 2051 632 2083 naturalis
649 2062 654 2082 :
672 2051 726 2082 sed
739 2052 882 2084 Christus
895 2055 943 2084 est

159 2102 246 2134 filius
259 2104 415 2136 naturalis
428 2104 571 2145 Virginis
586 2105 687 2137 beatae
704 2115 711 2137 :
724 2115 803 2146 ergo
815 2106 943 2138 videtur

159 2156 245 2197 quod
259 2157 350 2189 beata
363 2157 463 2198 Virgo
476 2159 508 2190 in
523 2159 595 2199 eJus
612 2161 766 2200 conceptu
782 2159 877 2191 fuerit
887 2169 944 2191 na-

159 2210 305 2242 turaliter
319 2214 498 2253 cooperata.

198 2265 229 2296 9.
242 2263 320 2296 Item
337 2266 467 2306 quando
480 2265 533 2296 vir
547 2266 665 2298 excitat
682 2269 713 2297 et
732 2266 865 2306 adjuvat
884 2275 942 2307 po-

159 2317 291 2349 tentiam
306 2319 464 2358 mulieris,
480 2328 546 2351 non
560 2320 708 2360 privatur
722 2322 797 2352 actu
808 2329 869 2352 suo
883 2330 942 2352 na-

161 2371 255 2402 turali
275 2382 283 2403 t
306 2382 385 2412 ergo
399 2373 426 2404 si
442 2373 544 2404 virtus
563 2373 701 2414 Spiritus
720 2375 819 2405 sancti
840 2374 942 2405 multo

162 2424 329 2463 perfectius
345 2427 552 2464 toecundavit,
573 2437 672 2468 quam
687 2428 791 2459 virtus
809 2428 942 2459 seminis

164 2476 264 2509 virilis
277 2479 497 2518 necandas-³2¹,
516 2491 596 2519 ergo
611 2481 710 2522 ipsius
724 2482 827 2513 virtus
839 2491 941 2521 gene-

199 2558 253 2589 1c's.
264 2560 290 2583 S.
307 2559 409 2590 Tuom..
423 2567 448 2592 p.
461 2561 502 2592 tlt,
516 2569 541 2593 q.
559 2567 652 2591 xxxw,
668 2566 715 2587 art.
733 2565 760 2592 ες
776 2567 800 2587 et
815 2563 845 2587 tlt
861 2564 941 2591 Sene„

162 2594 219 2618 dist.
235 2600 278 2626 ιιι,
289 2601 316 2627 q.
329 2601 360 2626 ιι,
372 2598 421 2621 ut.
436 2596 587 2628 250201101.
606 2598 649 2629 Vt,
661 2605 687 2630 q.
699 2598 891 2629 :manemus
905 2597 940 2623 de

1718 105 1774 133 tuo

996 168 1106 199 rativm
1119 171 1227 199 actum
1245 178 1307 199 non
1324 168 1464 204 abstulit,
1490 167 1544 197 sed
1566 168 1705 207 perfecit.
1735 169 1773 200 Et

995 221 1019 251 si
1037 222 1095 252 lioe
1110 231 1225 253 verum
1237 224 1294 258 est,
1312 224 1387 252 tnnc
1400 220 1497 260 Virgo
1513 221 1698 252 naturaliter
1713 222 1773 253 suit

995 278 1173 315 cooperata.

1036 332 1064 360 3.
1085 329 1171 367 llum,
1187 330 1212 360 si
1228 330 1342 370 uliquis
1357 331 1508 370 operatur
1522 329 1698 360 secundum
1713 338 1775 370 po-

997 383 1127 413 tentiani
1142 383 1296 414 divinitus
1310 383 1367 414 sibi
1382 382 1540 420 collatam,
1562 383 1704 422 operatio
1722 383 1774 414 illa

996 436 1150 466 nsum-atis
1174 437 1300 474 (licitur,
1327 446 1391 467 non
1421 436 1621 474 miraculosa,
1653 445 1709 476 pro
1737 446 1775 467 eo

995 489 1079 528 quod
1105 489 1174 520 licet
1190 490 1324 520 virtutes
1344 489 1504 520 naturales
1524 498 1636 520 omnes
1653 489 1774 521 collntae

995 542 1057 572 sint
1071 542 1099 573 ei
1116 543 1279 580 divinitus,
1297 545 1404 573 tamen
1421 543 1560 582 operatio
1575 542 1743 582 egrediens
1757 553 1776 574 a

997 596 1136 635 potentia
1153 596 1324 627 intrinseca
1335 596 1489 627 naturalis
1496 598 1553 635 est,
1565 598 1596 627 et
1608 599 1776 628 exercetur

996 649 1193 688 naturaliter,
1219 650 1279 680 nisi
1298 650 1483 690 egrediatur
1498 650 1678 681 voluntarie
1697 660 1704 681 :
1721 650 1775 681 sed

995 704 1136 743 potentia
1150 704 1336 743 generativa
1351 703 1463 734 collata
1478 703 1537 734 suit
1553 703 1581 734 ei
1593 727 1601 740 ,
1622 713 1681 734 nec
1703 713 1777 735 coo-

996 757 1168 798 perabatur
1193 758 1251 798 ipsi
1282 757 1391 788 virtuti
1416 757 1525 797 agenti
1553 757 1735 789 voluntarie
1769 767 1778 788 ε

996 820 1075 851 ergo
1097 811 1225 842 videtur
1255 811 1340 851 quod
1373 812 1598 851 cooperaretur
1629 811 1777 851 potentiae

998 865 1148 903 naturali,
1163 867 1194 896 et
1208 864 1396 896 naturaliter
1411 864 1531 904 agenti.

1037 919 1067 947 A.
1092 916 1169 947 Item
1191 917 1295 956 major
1317 918 1362 947 est
1389 915 1573 946 inhabilitas
1593 915 1626 946 in
1650 917 1780 946 mortuo

996 970 1035 1000 ad
1051 979 1159 1010 opera,
1177 978 1249 1010 qua?
1265 971 1340 1000 sunt
1355 968 1495 999 hominis
1509 968 1665 1007 viventis,
1681 977 1779 1009 quam

998 1026 1029 1056 in
1055 1025 1188 1065 Virgine
1215 1027 1360 1065 respectu
1391 1024 1536 1055 mulieris
1568 1024 1778 1064 praegnantis.

997 1079 1056 1110 Sed
1070 1079 1094 1109 si
1112 1078 1194 1110 Deus
1204 1079 1242 1109 de
1256 1081 1385 1110 mortuo
1401 1078 1493 1109 saciat
1509 1077 1639 1115 vivum,
1663 1087 1780 1118 opera-

998 1132 1100 1163 tiones
1114 1132 1345 1172 subsequentes
1354 1131 1496 1162 suntsibi
1508 1131 1681 1168 naturales,
1698 1131 1780 1162 sicut

998 1187 1029 1217 in
1057 1185 1187 1220 Lazaro.
1216 1186 1272 1226 qui
1301 1185 1489 1216 naturaliter
1519 1185 1721 1224 comedebat,
1747 1187 1779 1216 et

997 1240 1059 1271 alia
1074 1240 1206 1271 faciebat
1222 1250 1229 1269 ι
1247 1248 1326 1280 ergo
1346 1240 1415 1280 pari
1438 1240 1578 1278 ratione,
1596 1239 1663 1270 imo
1678 1238 1778 1270 multo

997 1294 1119 1325 fortiori
1140 1294 1267 1325 videtur
1289 1293 1376 1334 quod
1399 1293 1453 1324 illa
1470 1293 1612 1334 operatio
1635 1292 1779 1333 Virginis

997 1348 1154 1379 naturalis
1174 1348 1279 1386 fuerit,
1296 1350 1467 1388 postquam
1478 1346 1591 1378 collata
1605 1346 1708 1378 fuitei
1721 1355 1779 1386 po-

998 1402 1096 1433 tentia
1111 1401 1300 1442 generandi.

1038 1455 1099 1487 Sed
1116 1458 1248 1486 contra:
1273 1454 1367 1486 Nulla
1389 1455 1530 1496 operatio
1554 1454 1709 1486 naturalis
1730 1456 1778 1485 est
1813 1469 1824 1482 u

998 1509 1165 1546 mirabitis,
1180 1509 1335 1549 quoniam
1347 1518 1388 1540 ex
1404 1509 1548 1550 opposito
1565 1508 1753 1540 dividuntur
1767 1518 1776 1539 ι

997 1563 1050 1594 sed
1067 1563 1231 1603 conceptio
1254 1562 1324 1593 Filii
1343 1561 1396 1593 Dei
1413 1572 1432 1593 a
1446 1562 1578 1602 Virgine
1599 1562 1659 1594 ruit
1676 1562 1778 1593 mira-

997 1616 1068 1646 bilis
1090 1625 1195 1656 :ergo
1217 1625 1281 1647 non
1305 1615 1433 1647 videtur
1451 1615 1536 1657 quod
1557 1615 1653 1647 suerit
1677 1617 1777 1647 natu-

997 1669 1084 1700 ralis.

1039 1723 1117 1754 Item
1132 1723 1212 1754 nihil
1222 1723 1308 1764 quod
1319 1723 1507 1754 naturaliter
1519 1724 1565 1762 fit,
1578 1725 1624 1754 est
1638 1732 1776 1762 novum,

999 1786 1056 1818 pro
1070 1787 1108 1809 eo
1122 1777 1209 1818 quod
1223 1785 1319 1808 omne
1334 1776 1395 1808 tale
1418 1777 1580 1817 praecessit
1595 1777 1629 1808 in
1651 1786 1710 1808 suo
1735 1777 1779 1808 si-

998 1832 1065 1863 mili
1083 1843 1089 1862 :
1107 1832 1160 1863 sed
1175 1832 1340 1873 conceptio
1352 1831 1466 1863 Christi
1478 1842 1497 1863 a
1508 1831 1640 1872 Virgine
1655 1841 1778 1863 novum

997 1885 1074 1926 quid
1090 1886 1160 1923 tuit,
1178 1888 1213 1917 ut
1228 1885 1346 1917 dieitur
1359 1889 1370 1905 ¹
1386 1895 1394 1916 ε
1411 1886 1537 1918 Novum
1555 1886 1651 1925 faciet
1666 1886 1778 1919 Domi-

998 1948 1060 1972 nus
1074 1947 1170 1980 super
1186 1943 1315 1972 terram.

1040 1994 1118 2025 ltem
1143 1994 1288 2025 naturale
1312 1995 1361 2025 est
1383 1993 1480 2031 illud,
1510 1994 1595 2034 quod
1622 1994 1707 2026 idem
1733 1997 1780 2026 est

997 2048 1083 2089 apud
1098 2057 1211 2080 omnes
1227 2059 1234 2078 :
1249 2047 1303 2079 sed
1321 2047 1435 2079 modus
1456 2047 1653 2087 concipiendi
1678 2048 1778 2080 beatae

997 2101 1140 2142 Virginis
1165 2111 1230 2133 non
1254 2101 1358 2132 solum
1378 2110 1444 2132 uon
1466 2101 1527 2132 suit
1543 2101 1629 2142 apud
1653 2111 1777 2140 omne5‚

997 2156 1052 2187 sed
1069 2164 1229 2196 nusquam
1246 2155 1405 2196 reperitur
1419 2155 1479 2185 nisi
1495 2155 1527 2185 in
1542 2164 1579 2186 ea
1591 2155 1659 2186 sola
1675 2167 1681 2187 ε
1699 2165 1779 2196 ergo

997 2211 1126 2242 videtur
1144 2210 1230 2251 quod
1244 2210 1386 2250 operatio
1405 2209 1460 2240 illa
1477 2218 1542 2240 non
1567 2209 1663 2241 fuerit
1682 2212 1779 2241 natu-

998 2265 1084 2303 ralis,
1101 2264 1154 2296 sed
1171 2263 1374 2295 miraculosa.

1039 2318 1118 2350 ltem
1142 2318 1168 2348 si
1189 2318 1296 2358 aliqua
1325 2318 1430 2349 virtus
1455 2320 1608 2358 operatur
1634 2318 1688 2348 illo
1709 2327 1780 2349 ma-

998 2374 1105 2410 nente,
1125 2371 1211 2412 quod
1227 2374 1274 2402 est
1292 2372 1320 2402 ei
1345 2372 1599 2412 incompossibile
1614 2381 1670 2412 per
1684 2374 1779 2403 natu-

998 2435 1080 2463 ram,
1096 2425 1184 2456 illius
1205 2426 1347 2466 operatio
1370 2435 1435 2457 non
1460 2429 1507 2457 est
1529 2425 1698 2464 naturalis,
1724 2425 1779 2457 sed

999 2479 1190 2511 miraculosa
1216 2488 1224 2509 ε
1247 2479 1301 2511 sed
1326 2479 1494 2519 virginitas
1513 2479 1780 2520 incompassibilis

999 2561 1092 2594 Mayr„
1109 2560 1138 2584 tlt
1152 2559 1298 2589 Sen1.‚‹tt=t.
1314 2566 1349 2591 iv,
1359 2568 1384 2592 q.
1396 2567 1414 2589 1,
1426 2564 1472 2585 nrt.
1484 2563 1510 2590 η
1524 2559 1778 2594 Mai-sitinsluguen„

999 2598 1031 2622 ΙΙΙ
1048 2597 1131 2627 Sene„
1145 2602 1172 2627 q.
1187 2601 1216 2626 ν,
1231 2600 1280 2621 ut.
1291 2598 1315 2622 2.
1325 2610 1356 2615 —
1367 2597 1379 2613 ¹
1388 2597 1488 2625 lenem„
1500 2601 1574 2628 xxxi,
1584 2598 1625 2623 22,
