2017 2960
691 178 787 210 DlST.
810 177 918 210 XXVI.
941 177 1032 210 ART.
1056 178 1080 210 t.
1103 177 1253 216 QUAEST.
1277 178 1314 209 V.

205 247 278 284 siti,
303 246 357 277 sed
382 246 477 277 etiam
503 246 625 277 ratione
647 245 781 285 subjecti
800 246 978 285 :quoniam

207 309 271 331 una
291 302 337 330 est
358 299 440 329 circa
457 299 669 337 intellectum,
685 298 783 329 altera
798 307 875 329 vero
897 299 979 329 circa

104 356 193 402 ‘’ksljvu·
206 354 367 385 affectum.
385 353 445 383 Sed
461 352 687 384 attendendum
704 354 769 390 est,
786 352 870 391 quod
885 352 978 382 certi-

104 416 170 434 um,
208 407 283 438 tudo
307 406 390 437 circa
415 406 612 437 intellectum
639 406 735 436 habet
762 415 829 436 esse
852 405 979 436 duobus

85 453 130 465 ⁵⁰¹⁰
156 451 186 464 “⁴
207 460 319 491 modis.
336 459 488 497 Quaedam
503 460 590 490 enim
608 461 668 497 est,
694 468 767 498 quae
789 458 861 489 facit
884 457 979 488 intel-

206 513 324 544 lectum
351 515 512 553 potentem
535 513 576 546 ad
600 511 794 542 vincendum
817 520 956 542 errorem
970 534 978 548 ‚

206 569 237 597 et
259 566 297 597 ad
320 566 550 597 excludendam
573 565 804 596 dubitationem
825 574 835 594 :
858 566 889 594 et
912 563 982 594 talis

157 654 160 656 ,
208 619 362 650 certitudo
377 621 423 650 est
437 618 593 649 certitudo
607 618 682 649 viae.
705 617 857 655 Quaedam
873 619 981 647 autem

211 675 257 703 est
270 671 442 710 certitudo,
455 680 527 711 quae
540 671 641 702 reddit
656 670 852 701 intellectum
866 670 982 709 impos-

208 726 331 757 sibilem
355 726 394 756 ad
415 734 581 756 errorem:
607 727 637 755 et
662 724 731 755 haec
757 727 803 754 est
827 723 995 771 certitudo-

210 780 330 819 patriae.
349 779 409 810 Per
422 779 508 809 bunc
524 779 620 808 etiam
642 778 774 809 modum
793 777 997 816 intelligen-¹

209 832 287 863 dum
309 835 354 862 est
375 833 405 862 et
428 831 464 862 in
486 831 674 862 certitudine
697 830 884 862 affectionis.
902 830 983 861 Nam

209 885 357 925 quaedam
372 885 416 915 sic
430 885 537 915 firmat
551 884 700 915 affectum
711 908 720 923 ,
737 887 773 915 ut.
787 884 884 924 possit
898 884 982 914 diffi-

209 940 350 970 dentiam
366 948 536 979 superare3
562 939 711 979 quaedam
736 938 779 968 sic
804 939 929 974 firmat,
949 940 985 968 ut

210 1002 275 1024 non
295 993 392 1032 poffit
413 992 574 1023 ullatenus
588 992 731 1022 amoveri
741 1016 749 1030 ‚
765 992 816 1022 vel
829 991 982 1022 haesitari.

212 1046 320 1077 Prima
343 1048 390 1076 est
411 1045 478 1086 spei
502 1045 536 1075 in
568 1045 640 1082 via3
673 1045 812 1075 secunda
838 1048 884 1075 est
912 1047 985 1076 ten-

211 1100 306 1130 tionis
320 1100 354 1130 in
374 1099 487 1139 patria.
512 1098 561 1129 Sic
582 1107 661 1138 ergo
677 1101 762 1139 patet
783 1098 869 1138 quod
884 1099 986 1129 virtus

211 1153 277 1193 spei
292 1153 388 1184 habet
402 1151 626 1183 certitudinem
648 1152 683 1182 in
709 1154 784 1182 actu
805 1161 884 1182 suoz
901 1154 987 1192 patet

212 1206 306 1237 etiam
320 1215 392 1246 quae
408 1208 438 1236 et
454 1206 557 1245 qualis
581 1207 626 1236 est
648 1205 701 1235 illa
715 1205 869 1235 certitudo
881 1229 889 1243 ‚
906 1214 986 1245 quo-

212 1260 300 1290 niam
315 1262 362 1290 est
376 1259 525 1290 differens
539 1268 558 1288 a
573 1258 760 1288 certitudine
773 1258 866 1295 fidei,
879 1260 909 1288 et
924 1258 988 1288 mi-

213 1321 272 1343 nor
293 1314 339 1343 est
354 1321 452 1351 quam
473 1311 627 1342 certitudo
651 1311 765 1350 gloriae
784 1320 791 1342 :
810 1320 876 1341 non
898 1312 985 1342 enim

213 1368 260 1396 est
272 1365 428 1396 certitudo
442 1367 604 1404 perpetuae
617 1364 903 1395 consummationis
913 1389 921 1402 ,
934 1365 989 1395 sed

215 1418 383 1458 cuiusdam
409 1417 510 1448 virilis
542 1417 744 1448 adhaesionis.
774 1417 987 1449 Concedendae

1749 188 1806 219 579

1035 246 1091 286 qui
1106 248 1152 277 est
1166 246 1301 276 firmitas
1308 247 1426 284 nostra,
1442 248 1618 280 secundum
1633 252 1718 290 quod
1734 254 1807 286 dicit

1036 300 1238 339 Augustinus
1267 299 1300 329 in
1332 299 1412 330 libro
1443 300 1682 340 confessionum
1698 308 1717 343 ¹,
1748 308 1808 339 hoc

1036 352 1130 383 modo
1155 355 1257 391 potest
1280 353 1397 383 habere
1411 353 1510 385 robur
1524 357 1554 385 et
1569 357 1806 391 certitudinem:

1037 408 1067 435 et
1088 405 1143 436 tali
1169 405 1263 436 modo
1279 406 1372 437 hahet
1387 416 1458 447 spes
1471 408 1640 441 consistere
1655 411 1689 441 in
1704 417 1810 445 nostra

1037 460 1200 490 voluntate
1223 471 1229 490 :
1247 460 1320 490 facit
1345 461 1430 491 enim
1457 471 1534 500 nos,
1552 472 1689 495 summae
1704 466 1810 498 firmi-

1039 513 1093 542 tati
1108 513 1283 551 innitendo,
1302 514 1336 543 in
1352 514 1420 553 ipsa
1439 517 1468 545 et
1490 515 1528 546 de
1549 516 1618 557 ipsa
1641 520 1812 560 confidere,

1038 574 1074 596 ac
1088 574 1144 605 per
1158 565 1218 596 hoc
1234 566 1325 596 nobis
1340 568 1512 606 quamdam
1524 571 1746 605 certitudinem
1760 575 1813 605 tri—

1038 618 1107 648 buit
1122 618 1160 648 de
1175 619 1370 658 assequenda
1384 620 1496 652 salute.

1079 674 1109 702 3.
1126 671 1175 701 Ad
1189 671 1267 701 illud
1282 672 1367 710 quod
1378 673 1538 712 objicitur,
1549 677 1633 715 quod
1646 678 1754 710 nullus
1768 684 1816 713 est

1039 726 1145 754 certus
1155 723 1193 754 de
1207 725 1402 756 assecutione
1411 725 1497 757 illius
1505 728 1562 765 rei,
1576 729 1615 760 ad
1625 739 1722 770 quam
1733 742 1816 764 nun-

1040 786 1135 817 quam
1149 778 1322 817 perveniet,
1333 779 1504 811 dicendum
1512 782 1596 821 quod
1607 787 1652 814 est
1661 787 1816 818 certitudo

1040 831 1170 869 ordinis,
1183 833 1212 862 et
1227 832 1380 863 certitudo
1393 837 1527 865 eventus
1539 844 1547 866 :
1558 845 1634 868 cum
1647 847 1725 878 ergo
1740 840 1815 870 dici-

1040 887 1103 923 tur,
1114 885 1200 925 quod
1209 895 1280 925 spes
1289 885 1383 917 habet
1393 888 1614 921 certitudinem
1620 891 1655 922 in
1665 901 1723 924 suo
1733 896 1814 933 actu,

1041 937 1210 969 dicendum
1222 939 1307 979 quod
1322 939 1382 970 boc
1396 943 1443 971 est
1453 950 1568 973 verum
1581 943 1618 974 de
1629 946 1817 978 certitudine

1042 990 1161 1022 ordinis
1173 1016 1180 1028 ‚
1198 993 1273 1031 quia
1293 993 1460 1024 efficaciter
1475 997 1505 1025 et
1522 995 1728 1029 infallibiliter
1742 1008 1818 1031 vera

1042 1052 1113 1083 spes
1121 1044 1245 1075 ordinat
1253 1045 1292 1075 ad
1301 1046 1448 1078 salutem.
1464 1047 1525 1079 Sed
1535 1058 1609 1080 cum
1620 1050 1688 1090 ipse
1697 1051 1817 1092 objicit,

1043 1097 1130 1136 quod
1144 1098 1251 1129 nullus
1265 1101 1312 1129 est
1325 1102 1429 1130 certus
1445 1100 1484 1131 de
1499 1110 1536 1132 eo
1552 1103 1637 1142 quod
1653 1113 1719 1136 non
1732 1115 1820 1138 asse-

1043 1150 1164 1190 quitur,
1180 1151 1315 1191 objectio
1329 1153 1430 1183 currit
1447 1154 1485 1185 de
1501 1156 1687 1188 certitudine
1703 1167 1820 1190 secun-

1044 1203 1121 1234 dum
1130 1203 1226 1234 aliam
1236 1204 1459 1244 differentiam,
1471 1216 1544 1246 qnae
1554 1208 1684 1247 quidem
1694 1213 1741 1242 est
1751 1221 1820 1242 cer-

1044 1255 1148 1286 titudo
1165 1259 1299 1288 eventus
1314 1268 1321 1288 :
1339 1260 1370 1288 et
1384 1258 1454 1289 ideo
1469 1268 1534 1290 non
1549 1261 1635 1300 cogit
1656 1262 1710 1294 illa
1725 1265 1818 1296 ratio.

1085 1311 1115 1340 4.
1140 1310 1189 1341 Ad
1211 1310 1291 1341 illud
1311 1311 1397 1350 quod
1420 1312 1580 1352 objicitur,
1597 1316 1683 1354 quod
1701 1317 1728 1348 si
1750 1328 1822 1359 spes

1046 1366 1130 1394 certa
1153 1366 1232 1394 esset
1242 1387 1252 1402 ,
1269 1373 1333 1395 non
1354 1368 1459 1405 posset
1472 1367 1548 1405 falli,
1562 1369 1645 1400 sicut
1659 1380 1718 1402 nec
1730 1372 1820 1412 fides,

1046 1416 1216 1447 dicendum
1232 1418 1329 1457 quod,
1347 1419 1426 1450 sicut
1445 1419 1564 1460 duplex
1580 1425 1626 1453 est
1639 1426 1820 1465 necessitas,

215 1474 292 1502 sunt
313 1479 392 1510 ergo
413 1470 552 1501 rationes
576 1470 793 1507 ostendentes,
809 1471 896 1511 quod
918 1480 990 1511 spes
990 1474 1022 1520 A
1046 1470 1165 1501 scilicet
1186 1471 1341 1510 absoluta,
1360 1475 1390 1504 et
1404 1474 1628 1515 conditionata,
1644 1478 1689 1509 sic
1703 1479 1823 1520 duplex

215 1526 251 1556 in
264 1535 324 1556 suo
339 1527 412 1555 actu
425 1524 520 1555 habet
534 1523 767 1555 certitudinem.

260 1582 286 1609 l.
303 1578 352 1609 Ad
365 1578 443 1609 illud
466 1586 542 1609 vero
563 1577 648 1617 quod
666 1577 773 1617 primo
793 1577 942 1617 objicitur
956 1579 991 1609 in

216 1631 432 1670 contrarium,
451 1631 537 1671 quod
560 1630 650 1661 nulla
673 1631 828 1662 certitudo
853 1631 991 1663 habetur

216 1686 255 1717 de
267 1685 390 1716 meritis
404 1688 435 1716 et
451 1685 575 1725 gratia,
592 1693 632 1715 ex
655 1694 718 1725 qua
741 1686 882 1725 procedit
901 1695 989 1725 spes,

216 1739 386 1771 dicendum
409 1740 512 1779 quod,
537 1739 686 1779 quamvis
710 1739 749 1770 de
778 1739 901 1770 meritis
924 1748 992 1770 non

216 1793 372 1824 habeatur
398 1792 552 1823 certitudo
577 1801 634 1832 per
657 1792 824 1823 scientiam
852 1802 994 1824 necessa·

216 1846 297 1877 riam
305 1869 313 1883 ,
324 1846 436 1877 haberi
446 1848 556 1876 tamen
570 1847 672 1885 potest
684 1845 839 1877 certitudo
852 1855 909 1886 per
921 1855 992 1886 pro-

217 1900 354 1931 babilem
363 1900 590 1939 conjecturam,
602 1901 632 1929 et
642 1908 699 1939 per
707 1900 881 1939 quamdam
891 1900 993 1940 ipsius

218 1953 310 1984 bonae
324 1953 500 1984 voluntatis
512 1953 737 1983 confidentiam
746 1976 753 1989 ‚
770 1962 843 1992 quae
859 1962 992 1985 consur-

218 2007 268 2047 git
281 2015 321 2037 ex
335 2006 526 2037 conscientia
547 2006 642 2037 bona.
664 2006 792 2038 Puritas
811 2006 898 2037 enim
913 2016 993 2038 con-

218 2060 376 2099 scientiae,
403 2068 478 2100 quae
504 2060 718 2091 introducitur
746 2069 803 2100 per
828 2060 994 2100 expulsio-

219 2123 293 2145 nem
307 2113 410 2153 culpae
420 2137 428 2152 ‚
445 2113 497 2144 dat
511 2113 571 2153 ipsi
586 2113 702 2144 animae
718 2114 891 2154 quamdam
906 2124 996 2146 secu-

219 2167 346 2198 ritatem
360 2169 390 2197 et
409 2167 631 2198 certitudinem
655 2167 694 2198 de
718 2167 832 2198 merito
852 2168 921 2208 Jam
940 2168 994 2199 in-

219 2219 352 2258 choato,
368 2222 399 2251 et
419 2229 476 2260 per
498 2229 696 2260 consequens
719 2220 941 2252 certitudinem
956 2221 994 2252 de

218 2275 352 2314 praemio
368 2274 601 2314 consequendo.

258 2331 289 2359 2.
306 2328 355 2359 Ad
376 2328 455 2359 illud
475 2329 561 2368 quod
587 2329 747 2369 objicitur,
770 2340 784 2358 (ι
802 2329 889 2360 Nihil
912 2338 993 2369 pen-

219 2383 296 2414 dens
309 2392 350 2414 ex
367 2383 571 2414 vertibilitate
593 2383 768 2415 voluntatis
787 2384 883 2415 babet
901 2384 997 2415 certi-

218 2436 374 2474 tudinem,
384 2447 398 2464 »
413 2436 583 2468 dicendum
591 2437 677 2477 quod
691 2446 807 2469 verum
826 2440 872 2469 est
885 2438 910 2468 si
926 2447 997 2468 con-

220 2489 310 2520 sistat
323 2489 357 2519 in
370 2490 438 2530 ipsa
451 2490 615 2522 voluntate
625 2491 659 2521 in
671 2493 831 2531 quantum
847 2492 997 2523 voluntas

220 2542 370 2574 innititur
384 2543 446 2574 sibi
462 2555 469 2575 ι
487 2544 578 2575 sedsi
586 2545 736 2576 consistat
745 2545 779 2576 in
794 2545 864 2586 ipsa
879 2545 996 2577 volun-

221 2598 284 2626 tate
297 2596 474 2627 secundum
494 2598 577 2637 quod
595 2598 744 2629 voluntas
758 2599 906 2630 innititur
922 2599 995 2638 Deo,

256 2658 262 2674 ¹
277 2657 361 2687 Cous„
375 2657 410 2682 lib
433 2659 476 2688 xl,
491 2666 514 2682 c.
529 2665 592 2684 xxx.

1047 1526 1094 1554 est
1117 1524 1283 1556 certitudo.
1312 1524 1346 1556 Si
1368 1525 1541 1566 loquamur
1567 1529 1606 1560 de
1633 1532 1823 1566 certitudine

1047 1577 1271 1615 conditionata,
1293 1578 1337 1609 sic
1354 1583 1401 1611 est
1421 1580 1455 1611 in
1469 1590 1525 1621 spe
1539 1583 1693 1615 certitudo
1713 1595 1824 1619 neces-

1048 1631 1148 1661 sitatis
1175 1634 1204 1662 et
1232 1632 1462 1665 infallibilitatis
1492 1646 1499 1666 :
1531 1639 1636 1668 certus
1661 1642 1708 1671 est
1737 1641 1823 1673 enim

1049 1685 1271 1725 unusquisque
1292 1686 1514 1727 infallibiliter,
1531 1691 1615 1730 quod
1634 1692 1661 1722 si
1675 1702 1824 1733 perseve-

1049 1738 1169 1769 raverit
1182 1748 1284 1778 usque
1305 1739 1339 1770 in
1359 1740 1458 1772 finem
1471 1742 1506 1773 in
1521 1744 1626 1782 gratia
1637 1747 1669 1777 et
1685 1746 1718 1777 in
1732 1747 1825 1780 bonis

1049 1793 1170 1823 meritis
1181 1816 1189 1829 ,
1207 1794 1293 1833 quod
1313 1794 1351 1824 ad
1367 1795 1502 1827 salutem
1525 1800 1698 1838 perveniet.
1716 1802 1749 1833 Si
1769 1813 1825 1835 au-

1048 1848 1114 1876 tem
1133 1845 1305 1886 loquamur
1327 1848 1365 1879 de
1385 1850 1572 1882 certitudine
1597 1853 1752 1895 absoluta,
1780 1858 1824 1889 sic

1049 1902 1096 1930 est
1118 1900 1152 1930 in
1172 1900 1240 1940 ipsa
1260 1910 1315 1941 spe
1335 1903 1489 1934 certitudo
1505 1905 1753 1944 probabilitatis:
1769 1912 1825 1951 qui

1050 1953 1136 1983 enim
1151 1953 1268 1984 bonam
1284 1955 1380 1986 babet
1395 1957 1630 1999 conscientiam,
1646 1963 1742 2002 atque
1753 1973 1826 2004 pro-

1049 2007 1204 2046 positum,
1241 2008 1445 2048 probabiliter
1476 2014 1578 2051 potest
1611 2023 1678 2046 esse
1707 2019 1824 2058 certus,

1050 2061 1135 2101 quod
1163 2070 1259 2101 opera
1285 2071 1326 2093 ex
1352 2063 1409 2094 tali
1434 2064 1599 2098 voluntate
1623 2071 1826 2107 procedentia

1050 2114 1112 2144 sint
1131 2115 1216 2155 apud
1238 2115 1340 2147 Deum
1363 2117 1536 2158 meritoria,
1555 2122 1585 2151 et
1602 2131 1658 2162 per
1672 2123 1734 2155 hoc
1748 2134 1825 2156 con-

1050 2170 1148 2201 fidere
1161 2180 1194 2201 se
1208 2173 1429 2203 assecuturum
1442 2173 1542 2205 vitam
1557 2179 1722 2210 aeternam.
1738 2178 1826 2213 Unde

1050 2224 1135 2264 quod
1152 2224 1220 2264 ipse
1237 2225 1344 2265 objicit
1361 2226 1400 2265 (a)
1415 2226 1453 2258 de
1468 2227 1522 2259 illa
1536 2230 1725 2271 conditione,
1737 2234 1824 2273 quod

1051 2279 1100 2308 est
1124 2278 1231 2317 dubia,
1248 2281 1278 2309 et
1296 2279 1382 2319 quod
1410 2289 1481 2312 eam
1508 2292 1573 2314 non
1597 2286 1727 2325 apponit
1741 2296 1824 2327 spes,

1051 2331 1222 2363 dicendum
1247 2333 1333 2373 quod
1352 2334 1411 2364 etsi
1433 2344 1505 2375 spes
1519 2346 1584 2368 non
1598 2342 1735 2379 apponat
1754 2350 1826 2373 eam

1051 2393 1108 2424 per
1135 2394 1179 2424 se,
1209 2386 1339 2426 apponit
1369 2396 1440 2418 eam
1467 2391 1574 2421 tamen
1600 2400 1657 2431 per
1679 2393 1827 2433 regulam

1051 2438 1125 2468 fidei
1135 2438 1311 2478 dirigentis
1323 2439 1362 2471 Et
1372 2440 1446 2472 licet
1460 2442 1555 2473 etiam
1566 2452 1632 2475 non
1645 2445 1685 2476 sit
1694 2449 1827 2481 omnino

1052 2493 1136 2522 certa
1170 2491 1224 2522 illa
1257 2493 1396 2525 conditio
1431 2495 1618 2528 certitudine
1652 2500 1828 2534 manifestae

1051 2545 1207 2584 scienfiae,
1226 2548 1272 2577 est
1294 2548 1401 2577 tamen
1417 2549 1502 2579 certa
1515 2550 1705 2584 certitudine
1717 2555 1826 2594 quus-

1052 2598 1126 2629 dam
1138 2599 1350 2638 confidentiae,
1367 2601 1448 2632 sicut
1469 2601 1660 2641 praedictum
1675 2608 1733 2638 est.

1087 2661 1117 2692 (a)
1131 2661 1202 2686 Edit.
1222 2662 1279 2686 t'en.
1296 2664 1369 2694 ¹753,
1384 2663 1511 2695 objicitur.
