2017 2960
664 192 761 225 Dls'r.
785 191 864 224 XIX.
889 191 980 223 ΛΒΤ.
1001 191 1024 222 1.
1049 192 1200 230 QUAEST.
1226 193 1263 225 ΙΙ.

175 263 341 295 hularein
370 261 512 293 novitate
535 262 628 300 vitaz,
648 262 745 302 juxta
770 260 849 290 illud
870 259 956 299 quod

174 317 289 348 dicitur
316 315 360 347 ad
388 315 544 347 Romanos
559 316 568 332 ¹
589 326 600 346 .·
627 313 784 350 Quomodo
807 313 956 345 Christus

175 369 354 402 resurrexit
367 377 387 400 a
402 370 537 401 mortuis
550 377 607 409 per
621 369 756 409 ¹qloriam
771 367 891 405 Patris,
907 367 956 398 ita

174 427 202 455 et
224 430 282 454 nos
305 423 342 454 in
368 423 510 454 novitate
533 424 609 454 vicoe
624 421 846 454 ambulemus:
862 422 893 451 et
913 419 957 450 510

173 478 240 507 tam
262 477 376 516 passio,
401 485 498 516 quam
526 476 716 507 resurrectio
742 474 838 505 habet
860 473 957 504 ratio-

174 538 250 561 nem
264 530 430 560 excitantis
441 531 470 560 et
483 529 662 569 regulantis
677 530 823 568 respectu
839 529 956 558 nostrae

170 583 423 624 Justificationis,
440 583 616 613 secundum
632 582 695 613 duo
712 590 784 621 quae
800 581 834 611 in
850 580 958 610 nostra

170 637 401 677 justificatione
437 637 556 667 habent
589 635 799 672 considerari,
841 633 959 664 scilicet

175 689 292 721 ablatio
314 689 408 726 mali,
429 692 460 720 et
483 689 606 720 collatio
622 688 709 719 boni.
733 687 858 718 Ablatio
881 686 958 717 mali

175 743 402 783 appropriatur
435 743 496 782 ipsi
534 742 691 782 passioni3
722 741 847 772 collatio
880 749 958 771 vero

176 796 252 827 boni
267 796 329 836 ipsi
342 796 579 827 resurrectioni.
604 795 641 825 Et
660 795 720 825 1100
742 797 787 825 051
808 795 892 835 quod
909 795 960 825 di-

176 849 259 880 citur
273 849 306 879 in
319 849 427 880 Glossa
442 860 448 880 z
466 849 621 881 Traditus
639 852 686 880 est
698 852 829 888 propter
843 848 960 880 delecta

175 906 301 941 nostra,
327 905 385 934 etc.
404 914 410 933 :
432 903 547 934 «Mors
568 902 683 933 Christi
706 902 771 933 sola
795 902 960 932 interitum

176 956 251 988 vitae
276 956 393 987 veteris
417 957 588 996 significat,
611 958 642 987 et
666 956 698 986 in
725 956 960 986 resurrectione

177 1009 244 1040 sola
265 1019 351 1040 nova
370 1010 436 1040 vita
455 1009 670 1049 significatur.
689 1020 703 1037 »
724 1009 772 1039 Ex
796 1008 845 1039 1115
870 1017 958 1047 ergo,

178 1071 252 1103 quae
266 1063 349 1094 dicta
363 1066 457 1101 sunt,
475 1066 559 1104 patet
576 1064 738 1104 responsio
753 1063 791 1094 ad
807 1063 962 1103 quaestio-

178 1126 254 1148 nem
280 1127 378 1158 supra
407 1118 600 1158 propositam
616 1142 623 1154 ,
650 1118 797 1148 videlicet
824 1117 962 1157 qualiter

178 1173 286 1202 nostra
307 1172 504 1211 justificatio,
529 1171 597 1202 sive
611 1171 731 1210 ¹deletio
748 1171 862 1210 culpae,
882 1171 921 1200 sit
943 1179 962 1200 a

178 1225 324 1264 passione
339 1225 453 1256 Christi
468 1227 531 1255 :est
545 1224 632 1254 enim
647 1225 687 1254 ab
702 1233 739 1255 ea
755 1233 811 1263 per
826 1223 961 1254 modum

178 1277 296 1316 meriti,
314 1280 345 1309 et
360 1287 416 1318 per
435 1278 567 1308 modum
592 1277 783 1317 exemplaris
802 1279 833 1307 et
861 1277 959 1316 signi.

179 1330 268 1362 Patet
281 1332 378 1363 etiam
393 1331 529 1371 qualiter
544 1331 583 1361 sit
601 1341 619 1362 a
636 1331 879 1362 resurrectione.

221 1388 251 1415 1.
270 1384 308 1416 Et
327 1394 383 1425 per
404 1385 464 1415 1100
485 1384 650 1415 manifesta
670 1387 715 1415 est
735 1384 898 1424 responsio
923 1384 963 1414 ad

181 1438 324 1479 primum
348 1438 510 1478 objectum
534 1438 572 1468 de
598 1438 783 1469 auctoritate
806 1437 961 1477 Apostoli,

181 1501 246 1532 qua
259 1493 424 1524 dicebatur
443 1492 528 1532 quod
549 1494 657 1522 nostra
674 1491 861 1531 justificatio
885 1493 931 1521 051
946 1501 964 1521 a

182 1546 423 1580 resurrectione.
450 1545 504 1575 Est
523 1545 610 1576 enim
636 1554 654 1575 a
672 1545 902 1575 resurrectione
935 1546 965 1575 et

183 1602 341 1643 passione,
359 1600 426 1630 sine
437 1599 544 1639 aliqua
556 1599 814 1637 contradictione,
828 1601 863 1629 111
875 1598 963 1638 prius

183 1658 347 1687 ostensum
361 1656 418 1684 est.

223 1712 253 1740 2.
277 1709 324 1739 Ad
347 1707 427 1738 illud
450 1706 537 1746 quod
565 1706 716 1745 objicitur
730 1730 737 1744 ,
768 1705 853 1745 quod
877 1705 964 1735 solus

182 1763 267 1795 Deus
288 1764 335 1793 est
358 1761 414 1802 qui
440 1760 521 1791 delet
542 1759 745 1799 iniquitates,
767 1762 840 1797 etc.‚
858 1759 964 1789 dicen-

183 1817 262 1848 dum
288 1815 375 1856 quod
398 1823 513 1846 verum
536 1816 582 1844 est
603 1822 660 1853 per
675 1813 808 1844 modum
824 1813 966 1843 efficien-

183 1871 225 1901 tis
242 1881 248 1900 :
266 1878 322 1910 per
343 1869 406 1899 hoc
431 1870 539 1898 tamen
571 1875 636 1897 non
660 1866 858 1903 excluditur,
881 1866 966 1906 quod

184 1924 239 1954 alii
253 1932 319 1953 non
332 1921 428 1962 possit
441 1919 614 1951 convenire
626 1928 682 1959 per
695 1920 826 1950 modum
841 1929 967 1950 meren-

184 1977 225 2008 tis
235 1979 266 2007 et
281 1974 467 2012 excitantis,
493 1973 574 2004 sicut
593 1973 713 2004 dictum
729 1975 776 2005 est
790 1974 963 2004 convenire

185 2029 324 2070 passioni
339 2028 465 2060 Christi.

228 2086 258 2115 3.
283 2083 331 2114 Ad
354 2082 432 2113 illud
455 2082 540 2122 quod
563 2081 732 2122 objicitur,
749 2080 833 2120 quod
849 2080 967 2120 justifi-

187 2137 268 2169 catio
282 2138 328 2168 est
342 2145 399 2176 per
415 2136 565 2175 gratiam,
583 2143 656 2175 quae
669 2134 852 2164 infunditur
867 2143 885 2164 a
901 2134 967 2165 solo

187 2191 250 2223 Deo
263 2214 271 2228 ,
292 2189 464 2222 dicendum
483 2189 570 2230 quod
595 2189 653 2220 etsi
671 2188 776 2228 gratia
791 2197 809 2218 a
825 2188 890 2218 solo
904 2188 967 2219 Deo

186 2245 303 2277 habeat
317 2236 460 2282 infundi,
475 2243 689 2274 nihilominus
703 2244 810 2273 tamen
826 2242 968 2273 Christus

188 2309 244 2341 per
263 2308 355 2330 suam
376 2298 558 2339 passionem
581 2298 684 2338 potuit
703 2306 774 2328 eam
789 2297 880 2327 nobis
894 2307 969 2337 pro-

189 2353 324 2385 mereri:
342 2354 373 2384 et
387 2352 431 2383 sic
445 2352 582 2383 dicimur
596 2361 615 2382 a
629 2351 775 2391 passione
786 2351 966 2391 justificari.

232 2408 262 2438 4.
285 2407 335 2438 Ad
359 2406 436 2437 illud
458 2405 543 2446 quod
558 2405 719 2445 objicitur,
740 2405 826 2445 quod
842 2405 969 2436 nullum

192 2460 354 2500 corporale
375 2459 481 2490 influit
503 2459 661 2499 justitiam
678 2459 712 2489 in
727 2459 903 2499 spirituale,
919 2459 969 2490 di-

193 2513 330 2544 cendum
352 2513 437 2553 quod
457 2513 731 2554 quemadmodum
756 2522 830 2544 caro
855 2513 970 2545 Christi

230 2602 234 2616 ¹
250 2601 328 2629 Rom„
340 2605 377 2629 v1,
391 2600 446 2623 4.—
457 2599 465 2615 '¹
476 2598 551 2629 llud„
562 2606 603 2630 111,
614 2601 653 2627 25,
665 2601 710 2618 —⁸
726 2601 767 2631 ιγ’.
781 2600 847 2625 ilex.
861 2601 970 2629 Aleusis,

195 2644 218 2667 p.
235 2636 283 2665 111,
299 2642 324 2667 q.
339 2640 416 2665 xvut,
430 2634 526 2658 memb.
543 2636 566 2665 6,
581 2637 628 2659 art.
646 2636 673 2665 4;
689 2636 715 2660 S.
736 2636 857 2666 Thomas,
878 2643 902 2667 p.
921 2637 963 2666 111,

228 2683 259 2713 (a)
273 2681 360 2713 Vulg„
373 2681 586 2712 propitiationem.

1730 195 1788 224 409

1010 269 1067 300 per
1081 269 1114 292 se
1127 271 1193 293 non
1209 264 1254 292 est
1270 262 1359 293 cibus
1376 262 1503 300 animae,
1520 262 1554 292 in
1569 271 1601 293 se
1620 263 1727 292 tamen
1742 261 1790 291 est

1011 314 1101 345 cibus
1122 325 1162 346 ex
1185 316 1307 347 unione
1329 316 1379 347 sui
1394 316 1432 347 ad
1455 316 1598 347 divinam
1613 318 1787 346 naturam:

1010 368 1056 398 sic
1078 370 1107 398 et
1130 370 1233 409 passio
1250 370 1384 408 Christi,
1402 370 1459 400 etsi
1474 379 1539 400 non
1552 369 1668 400 habeat.
1681 370 1790 408 poten-

1011 421 1088 451 tiam
1099 423 1296 461 justificandi
1313 424 1344 453 in
1360 426 1520 463 quantum
1535 425 1580 454 est
1595 422 1698 462 passio
1720 430 1791 452 cor-

1011 475 1144 514 poralis,
1170 476 1266 507 habet
1290 479 1397 508 tamen
1419 478 1451 507 in
1468 479 1626 517 quantum
1641 485 1659 506 a
1674 475 1789 507 volun-

1011 529 1074 559 tate
1099 529 1219 568 optima
1245 530 1434 569 procedebat
1460 532 1530 570 eJus
1557 529 1735 567 tolerantia,
1761 530 1792 559 et

1012 581 1148 613 habebat
1164 582 1233 613 fieri
1251 583 1334 613 eirca
1357 592 1525 623 personam
1552 583 1788 623 dignissimam,

1012 645 1085 676 quae
1100 638 1146 667 est
1161 637 1265 667 omnis
1280 637 1413 676 justitiae
1429 639 1457 668 et
1476 637 1650 667 sanctitatis
1668 636 1790 676 princi-

1012 691 1103 730 pium
1119 693 1149 721 et
1164 699 1269 721 causa.

1054 746 1083 775 5.
1109 744 1157 775 Ad
1180 744 1258 774 illud
1274 743 1359 784 quod
1375 744 1543 783 objicitur,
1568 743 1654 783 1111011
1671 742 1790 782 justifi-

1013 808 1088 828 cans
1111 798 1201 829 debet
1223 807 1290 828 esse
1311 798 1521 838 conjunctum
1536 797 1724 837 justificato,
1740 795 1790 826 di-

1014 853 1150 883 cendum
1176 853 1261 892 quod
1289 852 1408 892 aliquid
1436 851 1594 891 conjungi
1617 851 1671 881 alii
1690 852 1792 890 potest

1014 905 1200 946 dupliciter,
1216 906 1361 937 videlicet
1376 915 1432 946 per
1447 905 1671 943 substantiam,
1689 907 1719 935 et
1735 912 1792 944 per

1015 962 1173 992 effectum.
1193 962 1346 999 Quamvis
1366 964 1473 992 autem
1489 961 1592 1001 passio
1605 960 1718 991 Christi
1734 969 1791 990 no-

1015 1016 1063 1046 bis
1085 1025 1148 1046 non
1168 1017 1237 1056 conj
1244 1018 1385 1054 ungatur
1399 1024 1456 1055 per
1471 1014 1681 1045 substantiam
1694 1038 1702 1051 ,
1719 1022 1792 1044 eon-

1012 1070 1111 1110 ι1111131
1133 1072 1238 1100 tamen
1263 1072 1365 1109 potest
1380 1079 1436 1109 per
1457 1069 1646 1099 efficaciam.
1661 1067 1700 1098 Et
1714 1067 1740 1097 si
1755 1069 1792 1098 tu

1015 1124 1156 1164 objicias,
1174 1124 1260 1164 quod
1278 1133 1343 1154 non
1359 1124 1486 1155 videtur
1501 1123 1588 1163 quod
1603 1123 1700 1163 possit
1715 1131 1792 1152 000-

1012 1178 1111 1218 jungi
1125 1187 1181 1218 per
1201 1178 1374 1208 efficaciam
1387 1202 1395 1215 ,
1414 1177 1474 1207 nisi
1489 1177 1596 1216 aliquo
1613 1176 1707 1206 modo
1722 1185 1794 1206 con-

1012 1232 1171 1271 jungatur
1188 1240 1244 1271 per
1263 1231 1473 1261 substantiam
1487 1254 1495 1267 ,
1520 1230 1690 1260 dicendum
1710 1229 1796 1268 quod

1017 1293 1082 1315 non
1098 1287 1144 1315 est
1161 1293 1289 1315 necesse
1311 1294 1382 1315 eam
1400 1284 1559 1323 conjungi
1576 1292 1632 1323 per
1645 1283 1796 1313 substan-

1016 1338 1115 1375 tiam,
1143 1339 1197 1369 sed
1229 1338 1344 1369 sufficit
1369 1337 1455 1377 quod
1475 1338 1708 1376 conjungatur,
1725 1345 1796 1367 me—

1018 1393 1124 1423 diante
1139 1393 1211 1429 tide,
1228 1402 1284 1432 per
1300 1392 1501 1422 111Ιο0110000.
1524 1391 1562 1423 Ε1
1577 1392 1637 1421 1100
1652 1393 1698 1421 051
1712 1391 1796 1430 1111011

1019 1447 1133 1477 dicitur
1150 1446 1193 1477 ad
1208 1446 1366 1477 Romanos
1375 1445 1385 1460 Ξ
1395 1456 1406 1476 .·
1420 1446 1513 1480 Quem.
1525 1445 1702 1485 111-1011031111
1716 1445 1797 1476 Deus

1016 1501 1264 1540 propitiatorem
1303 1501 1340 1539 (al
1372 1507 1428 1539 per
1452 1499 1549 1538 fidem
1575 1501 1611 1530 in
1641 1499 1798 1538 sanquine

1020 1554 1099 1593 eJus.
1113 1554 1221 1584 Glossa
1240 1565 1246 1584 :
1271 1553 1428 1591 «Fidem,
1445 1556 1475 1583 et
1500 1553 1681 1593 passionem
1701 1552 1798 1583 simul

1017 1608 1139 1648 ι1110311,
1155 1607 1231 1647 quia
1245 1609 1398 1637 neutrum
1416 1607 1483 1636 sine
1496 1606 1595 1636 altero
1608 1606 1702 1636 valet.
1719 1617 1733 1633 n

1061 1664 1091 1692 6.
1110 1661 1157 1692 Ad
1172 1661 1251 1691 illud
1265 1660 1351 1700 quod
1369 1660 1536 1700 quaeritur,
1553 1660 1587 1689 in
1601 1668 1666 1699 quo
1682 1667 1801 1698 genere

1022 1725 1126 1746 causae
1155 1715 1258 1755 passio
1291 1715 1404 1746 Christi
1434 1715 1473 1744 sit
1500 1714 1695 1754 principium
1727 1722 1803 1744 nos-

1022 1772 1080 1800 trae
1102 1769 1360 1809 justificationis,
1383 1769 1451 1808 Jam
1475 1770 1561 1808 patet
1580 1767 1744 1807 responsio
1762 1776 1803 1798 ex

1022 1823 1091 1862 his,
1117 1832 1190 1863 quae
1217 1823 1300 1853 dicta
1321 1824 1407 1852 sunt.
1432 1821 1502 1852 Non
1523 1821 1609 1851 enim
1634 1824 1681 1851 est
1708 1830 1804 1851 causa

1023 1878 1151 1918 proprie
1162 1901 1171 1915 ,
1197 1877 1269 1907 licet
1287 1877 1395 1916 aliquo
1417 1876 1512 1906 modo
1527 1875 1642 1905 habeat
1655 1874 1803 1914 proprie-

1023 1934 1119 1962 tatem
1135 1939 1250 1967 causae,
1268 1930 1350 1960 sicut
1365 1930 1454 1969 prius
1472 1929 1681 1969 explanatum
1704 1930 1751 1959 est
1772 1930 1804 1958 in

1023 1986 1179 2026 principio
1201 1983 1418 2024 responsionis
1431 2007 1438 2020 ,
1456 1983 1510 2013 ubi
1535 1983 1631 2012 etiam
1651 1981 1802 2013 determi-

1023 2042 1135 2069 natum
1159 2040 1223 2076 est,
1240 2037 1377 2078 qualiter
1399 2036 1558 2067 differenti
1575 2035 1670 2066 modo
1681 2035 1804 2075 justifi-

1024 2093 1104 2123 catio
1119 2094 1228 2122 nostra
1242 2091 1380 2131 passioni
1393 2093 1424 2121 et
1443 2089 1669 2121 resurrectioni
1687 2088 1803 2121 Christi

1024 2146 1119 2177 habet
1134 2145 1276 2176 attribui.

1281 2253 1491 2293 QUAESTIO
1519 2253 1563 2284 II.

1096 2332 1142 2359 Αη
1165 2338 1215 2367 per
1240 2331 1391 2365 passionem
1416 2330 1517 2357 Christi
1541 2330 1620 2362 facta
1647 2328 1734 2361 fuerit

1222 2375 1458 2410 chirographorum
1474 2373 1571 2400 deletio
1579 2372 1598 2398 ³.

1066 2457 1181 2489 Utrum
1195 2465 1252 2496 per
1268 2455 1447 2496 passionem
1465 2452 1579 2484 Christi
1602 2451 1683 2482 facta
1708 2450 1805 2481 fuerit
1821 2462 1926 2485 Fundam.

1027 2509 1319 2550 chirographorum
1341 2507 1474 2544 deleti03
1499 2508 1528 2537 et
1543 2504 1629 2545 quod
1643 2503 1704 2541 sic,
1719 2502 1808 2534 vide-

1026 2566 1080 2596 tur
1094 2564 1200 2606 primo
1219 2562 1406 2595 auctoritate
1425 2558 1568 2601 Apostoli
1587 2557 1632 2590 ad
1649 2557 1808 2590 colossen-

1027 2654 1052 2678 q.
1071 2652 1143 2674 xmx,
1158 2646 1207 2672 art,
1227 2646 1251 2675 5;
1271 2645 1297 2668 et
1312 2644 1344 2667 111
1361 2643 1441 2672 Sent.‚
1460 2641 1518 2665 dist.
1535 2645 1596 2669 xxx,
1612 2646 1637 2670 q.
1660 2645 1677 2666 1,
1701 2640 1747 2663 art.
1774 2639 1806 2669 6;

1028 2682 1151 2713 stephan.
1169 2680 1272 2710 Brulef.‚
1285 2680 1316 2703 111
1331 2679 1411 2707 Sent„
1425 2677 1483 2701 dist.
1496 2682 1552 2706 mx,
1563 2684 1588 2708 q.
1601 2681 1631 2702 ιι.
