2017 2960
109 2191 210 2211 iliadem.

215 159 268 186 ¹32

211 223 334 252 videtui·
353 223 436 261 quod
463 223 542 252 ratio
563 221 791 261 personalitatis
811 219 978 249 conveniat.

211 275 326 305 anima*
342 277 508 314 separaum,
530 278 557 305 et
581 274 721 314 proprie,
738 276 768 303 et
787 282 878 303 vere:
904 280 982 307 ergo

212 330 258 358 cst
274 337 422 367 persona.

254 382 282 410 3.
307 380 384 411 Item
415 381 494 411 ratio
518 390 615 420 qnare
641 380 781 409 humana
809 380 922 408 natura
951 376 982 405 in

215 432 335 462 Christo
349 442 412 463 nou
425 436 469 463 est
484 442 626 472 persona,
640 434 685 461 est
698 432 823 470 propter
835 429 982 459 unionem

214 485 252 515 ad
270 485 398 524 dignius
415 495 422 515 t
439 486 491 515 scd
511 494 584 514 cum
602 484 707 513 anima
723 483 834 513 unitur
849 481 983 521 corpori,

215 547 278 569 non
296 539 407 569 unitur
422 539 559 577 digniori
581 538 624 567 rei
645 548 650 567 z
669 546 746 575 ergo
760 536 921 566 uniltilitas
936 534 985 564 vel

214 592 292 622 unio
308 591 345 621 ad
361 601 474 631 corpus
496 600 558 620 non
576 590 677 620 aufert
700 590 759 629 ipsi
775 589 892 619 zuiimce
910 597 985 627 pro-

217 645 381 684 prietatem
400 652 553 683 personzr.

254 699 282 727 A.
296 697 372 727 Item
388 696 545 735 contingit
556 695 696 725 animam
708 696 883 734 separatam
900 701 986 724 rom-

215 751 319 790 psn'ari
334 749 372 779 ad
383 749 546 788 angelum7
559 751 589 779 et
599 746 931 786 convenitcomparari
948 746 987 776 ad

214 803 345 833 alteram
353 802 492 831 animam
503 813 509 838 ·,
519 803 546 831 el
556 810 628 840 quse
639 803 683 830 est
694 799 884 839 comparatio
893 798 987 828 nnius

216 856 319 895 angeli
344 856 381 885 ad
405 856 561 892 aiterum,
587 854 695 883 eadem
723 856 768 883 est
793 852 985 891 comparatio

216 910 312 939 unius
333 909 448 938 anim-'13
471 908 509 938 ad
530 907 680 937 alteram:
697 906 749 936 sed
769 906 875 935 anima
898 914 988 943 sepa-

217 965 284 991 rata
303 962 406 991 dilsert
430 961 604 991 secundum
628 960 765 999 speciem
788 959 827 988 al>
851 959 987 997 angelo,

217 1015 298 1044 sicut
322 1017 351 1044 et
373 1014 508 1051 angelus
527 1013 565 1043 ab
591 1013 696 1042 anima
711 1021 718 1042 2
735 1022 812 1050 ergo
835 1022 853 1041 a
875 1011 988 1046 simili,

217 1068 298 1098 sicut
317 1067 398 1097 iuter
418 1076 520 1097 unum
538 1066 709 1102 angelum,
726 1067 756 1095 et
775 1065 927 1101 alterum,
945 1067 991 1094 est

218 1120 362 1151 discretio
375 1119 558 1159 personalis,
575 1119 617 1148 sic
630 1119 819 1148 interimam
836 1117 988 1154 animam,

219 1177 249 1204 et
273 1174 424 1204 alteram:
450 1173 502 1202 scd
529 1181 601 1212 quae
628 1172 745 1201 liabent
768 1171 989 1201 discretionem

220 1226 428 1266 personalem,
459 1225 576 1255 habent
604 1225 812 1254 intentionem
840 1232 989 1263 persona-

221 1279 316 1309 litatis
331 1290 336 1308 :
356 1288 434 1317 ergo
451 1279 575 1318 plenam
592 1278 747 1307 rationem
763 1276 992 1316 personalitatis

221 1332 377 1370 contingit
392 1331 521 1370 reperiri
538 1331 570 1360 in
585 1331 694 1360 anima
709 1332 861 1369 separata.

263 1386 291 1415 5.
316 1384 393 1414 item
411 1384 600 1423 cuicumque
624 1383 773 1422 competit
793 1382 879 1421 loqui
900 1382 937 1412 ‹le
961 1392 992 1412 se

222 1439 257 1467 ut
280 1437 316 1466 de
337 1446 384 1473 se,
401 1439 445 1467 cst
463 1446 595 1476 persona
613 1447 618 1466 :
636 1436 688 1465 sed
705 1437 820 1465 animm
842 1437 992 1475 scparatae

224 1490 373 1530 competit
388 1490 473 1529 loqui
491 1490 528 1519 de
545 1499 577 1519 se
592 1491 627 1519 ut
642 1489 678 1519 de
691 1498 734 1525 se,
750 1489 896 1519 convenit
908 1489 992 1518 enim

224 1544 261 1572 ad
278 1544 376 1582 ipsam
393 1543 530 1579 dirigere
552 1550 748 1579 sermonem,
766 1542 847 1572 sicut.
867 1541 906 1571 ad
928 1541 993 1571 ani-

225 1606 309 1626 mam
332 1595 413 1625 Petri
438 1598 468 1625 et
492 1595 581 1625 Pauli
604 1594 798 1633 dirigimus:
823 1597 853 1624 et
876 1596 995 1624 constat

224 1650 307 1688 quod
332 1658 423 1679 versa
445 1649 513 1679 vice
536 1650 667 1688 possunt
688 1648 777 1677 nobis
797 1648 993 1678 voluntatem

225 1712 315 1733 suam
331 1702 509 1741 exprimere
520 1724 529 1738 ,
550 1702 631 1731 sicut
654 1701 814 1740 aliquibus
829 1710 994 1740 expresse-

225 1758 316 1786 runt:
329 1764 406 1794 ergo
418 1755 542 1784 videtur
552 1754 635 1793 qnod
647 1754 755 1783 anima
766 1756 909 1793 separata
921 1763 995 1783 vere

225 1811 256 1839 et
270 1809 394 1848 proprie
410 1809 448 1837 sit
464 1817 608 1847 persona.

265 1864 294 1892 6.
318 1862 393 1892 Item
416 1861 524 1891 anima
539 1860 676 1900 gloriosa
694 1870 749 1900 per
764 1861 995 1900 separationem

225 1915 275 1945 sui
292 1924 311 1945 a
332 1923 462 1954 corpore
482 1923 546 1943 non
568 1914 662 1944 habet
682 1913 893 1943 conditionem
911 1914 995 1944 dete-

226 1968 353 2006 riorem,
368 1967 420 1998 sed
434 1969 551 1997 statum
565 1967 744 2006 digniorem
759 1977 764 1996 :
778 1966 830 1996 sed
842 1966 997 2005 quamdiu

226 2022 353 2062 spiritus
369 2021 530 2052 rationalis
542 2024 608 2051 erat
622 2021 653 2049 iu
672 2029 812 2060 corpore,
830 2023 860 2049 et
874 2020 995 2059 corpori

227 2074 352 2111 unitus,
371 2083 434 2103 non
451 2073 575 2103 carebat
591 2073 711 2102 ratione
726 2072 882 2111 personali
897 2083 902 2102 :
920 2082 997 2111 ergo

229 2137 285 2157 nee
301 2127 428 2166 quando
441 2129 488 2157 est
504 2136 521 2155 a
538 2135 667 2165 corpore
682 2128 854 2165 separatus.

269 2180 327 2210 Sed
344 2184 469 2211 eontra:
489 2180 625 2210 Persona
643 2182 689 2209 est
710 2189 764 2219 per
785 2190 817 2209 se
835 2189 918 2209 una:
944 2180 997 2210 sed

228 2234 311 2273 quod
331 2234 415 2263 venit
427 2233 596 2272 aliquando
612 2233 648 2262 ad
665 2233 919 2263 constitutionem
935 2235 998 2262 ter-

228 2286 273 2324 tii,
290 2296 355 2316 non
366 2289 412 2316 est
426 2296 481 2325 per
493 2296 525 2316 se
542 2294 643 2315 unum
660 2288 689 2315 et
702 2285 885 2315 distinctum
900 2297 905 2316 :
920 2295 998 2324 ergo

228 2339 311 2379 quod
340 2342 386 2369 est
412 2341 523 2369 natum
554 2338 639 2368 uniri
672 2338 710 2367 ad
741 2339 998 2369 constitutionem

227 2393 310 2422 tertii
325 2401 389 2422 non
408 2395 454 2422 est
470 2400 602 2431 persona
619 2401 625 2420 :
646 2390 698 2420 sed
718 2391 824 2421 anima
838 2392 999 2422 rationalis

229 2448 275 2476 est
289 2446 473 2486 hujusmodi
487 2456 493 2475 z
515 2454 603 2483 ergo,
621 2446 679 2473 ete.

270 2499 347 2530 Item
367 2508 501 2539 persona
523 2498 598 2529 dicit
619 2497 694 2536 quid
715 2497 998 2536 completissimum

229 2552 261 2582 in
276 2561 393 2592 genere
408 2551 604 2588 substantiae,
622 2551 665 2580 ita
680 2550 762 2589 quod
777 2559 840 2579 non
854 2552 900 2580 est
915 2551 997 2581 ordi-

264 2615 376 2643 ¹Qn:12sl.
395 2622 412 2638 ιι
429 2615 503 2645 hujus
516 2612 621 2639 articuli,
633 2612 664 2635 ad
682 2619 697 2634 i.

760 150 1066 184 SEN‘l'lfiN'l'lARUxi
1092 151 1163 181 Lm.
1189 151 1240 181 ill.

1039 220 1149 247 natum
1165 217 1202 247 ad
1217 216 1399 247 ulteriorem
1411 217 1633 255 perfectionem
1648 218 1680 248 in
1697 217 1807 248 eodem

1039 278 1172 308 genere:
1191 269 1242 299 sed
1259 268 1363 298 anima
1378 269 1538 299 rationalis
1550 272 1595 299 ost
1611 270 1753 300 ordinata
1768 269 1807 300 ad

1040 322 1293 353 constituemluin
1320 321 1504 352 hominem:
1531 332 1608 362 orgo
1628 332 1692 354 non
1716 323 1808 354 habet

1041 376 1247 405 intentionem
1266 382 1419 413 personae.

1082 428 1158 458 item
1170 428 1275 457 anima
1286 427 1456 462 rationaliS,
1472 437 1544 458 cum
1555 431 1600 459 est
1611 429 1698 459 unita
1708 428 1807 466 carni,

1041 484 1075 511 nt
1091 481 1166 511 dicit
1182 481 1347 519 Magister,
1366 490 1429 510 non
1447 482 1492 510 est
1508 490 1658 520 persona:
1676 490 1754 520 ergo
1769 481 1807 518 si,

1041 534 1168 574 quaudo
1190 536 1236 564 est
1259 535 1421 572 separata,
1444 533 1539 563 habet
1563 534 1714 565 rationem
1739 543 1812 573 per-

1041 596 1142 625 sonae,
1163 596 1241 626 ergo
1265 587 1443 625 digniorem
1471 587 1602 617 modum
1626 587 1720 617 habet
1743 588 1810 617 exi-

1041 641 1140 671 stendi
1160 643 1250 671 extra
1264 650 1397 680 corpus:
1423 641 1448 670 si
1468 650 1545 680 ergo
1562 643 1673 671 natura
1687 650 1812 680 semper

1042 694 1195 724 desiderat
1224 695 1308 733 quod
1340 694 1454 724 melius
1480 697 1545 731 est,
1577 694 1700 725 videtur
1727 693 1812 734 quod

1043 748 1149 777 anima
1175 757 1341 787 nunquam
1370 747 1525 778 desideret
1550 748 1634 777 uniri
1662 747 1808 788 corpori:

1043 800 1168 830 videtur
1183 800 1275 830 etiam
1295 810 1335 830 ex
1351 800 1408 830 1101:
1428 801 1511 840 quod
1527 810 1599 831 cuni
1615 800 1722 831 anima
1736 800 1812 831 uni-

1043 855 1096 883 tur
1123 854 1262 893 corpori,
1293 854 1331 883 sit
1359 853 1387 884 ei
1415 854 1658 893 praejudicium;
1684 855 1714 884 et
1740 862 1813 884 eum

1043 909 1218 946 separatur,
1244 907 1327 946 quod
1348 916 1410 937 uon
1434 908 1473 937 sit
1496 907 1523 937 ei
1546 917 1648 946 pcena,
1664 907 1715 937 sed
1731 915 1812 947 prae-

1044 960 1166 989 mium:
1191 969 1262 999 qnae
1279 961 1387 990 onmia
1409 961 1484 990 salsa
1507 963 1582 990 sunt
1606 963 1635 990 et
1657 960 1811 990 absurda:

1044 1021 1122 1050 ergo
1137 1015 1166 1042 et
1181 1012 1257 1042 illud
1274 1022 1313 1043 ex
1326 1022 1389 1052 quo
1401 1013 1555 1052 sequitur,
1573 1012 1715 1043 videlicet
1730 1011 1813 1052 quod

1045 1065 1151 1095 anima
1165 1067 1308 1104 separata
1323 1066 1361 1096 sit
1377 1075 1521 1105 persona.

1087 1117 1178 1155 Item,
1197 1118 1221 1147 si
1238 1119 1344 1148 anima
1360 1121 1501 1158 separata
1518 1121 1563 1149 est
1577 1127 1724 1158 persona,
1740 1126 1814 1148 curn

1046 1179 1206 1201 assumere
1215 1171 1253 1200 sit
1265 1173 1352 1201 actus
1362 1180 1504 1210 personae
1519 1171 1723 1208 conveniens,
1736 1171 1817 1201 sicut

1046 1224 1153 1254 divina
1168 1233 1301 1263 persona
1315 1224 1428 1254 dicitur
1439 1233 1553 1264 eorpus
1567 1233 1729 1254 assumere
1741 1232 1814 1254 cun:

1047 1286 1161 1316 corpus
1182 1277 1208 1307 ci
1234 1278 1359 1315 unitur,
1377 1280 1407 1307 et
1429 1278 1573 1307 similiter
1596 1277 1745 1316 angelus,
1761 1285 1816 1316 per

1047 1330 1245 1360 consimilem
1264 1330 1394 1361 modum
1417 1331 1525 1361 anima
1548 1330 1704 1361 diceretur
1727 1338 1818 1360 assu-

1049 1393 1134 1414 mere
1157 1392 1271 1422 corpus
1288 1384 1468 1422 proprium,
1486 1393 1557 1414 cum
1583 1383 1685 1413 eidem
1707 1390 1818 1412 rursus

1048 1437 1271 1476 conjungitur:
1303 1437 1387 1476 quod
1416 1437 1441 1466 si
1469 1436 1529 1467 hoc
1556 1445 1621 1467 non
1646 1435 1817 1475 recipitur,

1049 1490 1173 1521 videtur
1183 1491 1266 1535 quod
1278 1500 1336 1520 nec
1347 1490 1509 1530 praemissa
1520 1492 1600 1520 esset
1608 1487 1818 1524 concedenda,

1049 1543 1166 1573 scilicet
1180 1544 1265 1583 quod
1280 1544 1387 1574 anima
1402 1545 1545 1583 separata
1564 1544 1603 1573 sit
1617 1551 1762 1583 persona,
1777 1541 1821 1571 si-

1050 1599 1103 1626 cut
1119 1596 1264 1635 angelus.

1324 1709 1547 1741 CONCLUSIO.

1051 1800 1154 1826 Anima
1168 1801 1296 1833 separata
1318 1806 1335 1824 α
1350 1806 1457 1832 corpore
1471 1806 1524 1824 non
1544 1800 1581 1824 est
1595 1798 1671 1832 plene
1688 1805 1802 1833 persona
1813 1818 1820 1831 ,

1087 1843 1219 1878 quidquid
1231 1844 1340 1870 senserit
1355 1843 1403 1869 hac
1422 1844 1452 1869 in
1470 1851 1498 1869 re
1513 1843 1643 1877 Magister
1665 1843 1821 1871 Sententia-

1084 1897 1152 1915 rum.

1093 1967 1183 2007 Resp.
1200 1968 1237 1998 ad
1262 1976 1331 2007 arg.
1349 1967 1520 1998 Dicendum
1543 1967 1647 2007 quod,
1664 1968 1744 1999 sieut
1762 1977 1820 2008 ap·
1850 1985 1930 2012 091050

1052 2025 1140 2061 paret
1160 2031 1199 2052 ex
1226 2024 1326 2058 textu,
1348 2022 1454 2061 opinio
1477 2021 1619 2061 Magistri
1642 2022 1712 2059 suit,
1737 2022 1822 2061 quod
1838 2015 1942 2042 ³¹²¹g⁵⁵¹¹’⁵·

1053 2075 1159 2105 anima
1181 2078 1323 2114 separata
1344 2075 1384 2104 sit
1407 2083 1562 2114 persona:
1580 2077 1610 2105 et
1625 2075 1695 2105 haec
1718 2074 1824 2121 opinio

1053 2128 1112 2158 suit
1138 2127 1282 2166 magistri
1308 2128 1453 2166 lingonis
1477 2127 1514 2158 de
1546 2127 1661 2157 Sancto
1686 2127 1822 2158 Victore.

1055 2181 1142 2211 Ratio
1158 2183 1264 2211 autem
1280 2189 1352 2220 quae
1375 2180 1474 2210 movit
1495 2189 1548 2211 eos
1564 2180 1602 2210 ad
1624 2180 1685 2211 hoc
1701 2189 1825 2220 ponen-

1054 2234 1142 2271 dum,
1156 2233 1215 2263 fuit
1230 2233 1360 2263 actualis
1373 2233 1532 2263 distinctio
1548 2235 1579 2263 et
1593 2232 1760 2272 completio
1774 2241 1825 2263 re-

1054 2289 1142 2327 perta
1169 2287 1200 2316 in
1228 2286 1334 2316 anima
1360 2288 1502 2326 separata
1527 2297 1533 2316 ς
1562 2285 1714 2325 quoniam
1738 2288 1825 2316 actus

1055 2341 1175 2371 nobiles
1197 2340 1325 2369 liberius
1341 2341 1479 2375 exercet,
1502 2341 1532 2369 et
1547 2338 1713 2378 perfectius
1727 2347 1822 2378 quam

1055 2396 1197 2424 exerceat
1217 2393 1247 2422 in
1268 2402 1407 2432 corpore.
1428 2392 1501 2422 Haee
1515 2394 1621 2422 tamen
1636 2391 1742 2431 opinio
1757 2400 1823 2422 non

1055 2447 1228 2477 sustinetur
1251 2445 1462 2476 communiter
1486 2455 1504 2475 a
1524 2444 1715 2475 doctoribus,
1734 2445 1823 2476 Ratio
1838 2458 1934 2486 1mpr0b.

1055 2500 1153 2539 hujus
1167 2500 1223 2537 est,
1240 2498 1391 2538 quoniam
1411 2498 1449 2529 ad
1463 2497 1652 2537 completam
1669 2498 1822 2529 rationem

1055 2560 1198 2591 personae
1215 2550 1407 2591 requiritur,
1426 2552 1461 2581 ut
1478 2549 1597 2580 dictum
1612 2550 1670 2581 fuit
1684 2559 1782 2591 supra
1801 2552 1821 2589 ¹,

1055 2605 1212 2636 distinctio
1227 2603 1473 2643 singularitatis,
1488 2604 1520 2633 et
1534 2603 1823 2634 incommunicabi-
