2017 2960
795 182 986 216 ms'rlNc'r.
1011 181 1114 214 XXVI.

165 255 334 297 prehendit
348 262 403 294 per
417 252 700 293 aequipollentiam.
718 251 790 283 Ideo
805 251 939 291 plurali-

165 312 213 341 ter
240 309 315 340 dicit
337 308 456 340 oeterna
482 314 490 336 :
516 315 582 337 non
605 307 734 345 propter
757 303 940 336 {eternitatis

167 358 424 396 multitudinem3
450 357 503 388 sed
528 358 656 397 propter
687 356 762 387 honi
786 354 940 395 expectati

166 411 387 444 omnimodam
410 410 651 451 plenitudinem.
682 409 729 440 Ad
752 408 830 439 illud
855 407 941 447 quod

166 465 327 506 objicitur,
354 465 440 505 quod
464 466 511 495 est
533 462 708 503 expectatio
731 461 806 492 boni
828 459 938 497 futuri,

167 518 338 550 dicendum
361 518 447 557 quod
471 517 552 548 1111111
578 516 710 556 impedit
734 514 861 554 aliquod
884 514 943 544 ho-

167 580 246 603 num
262 580 330 603 esse
347 573 506 602 aeternum
521 570 553 600 13
566 579 609 607 50,
627 571 658 600 01
672 568 889 609 temporaliter
904 566 943 597 ab

167 625 276 666 aliquo
289 625 401 656 haberi
414 625 448 655 in
464 624 599 665 praemio
618 633 625 654 :
642 624 672 654 et
692 622 736 653 510
750 624 796 653 est
810 622 844 651 in
858 629 943 651 mer-

168 679 243 711 cede
258 688 333 720 quae
348 680 533 719 expectatur
547 686 604 717 per
617 685 706 716 spem
719 686 726 706 :
738 683 812 715 quae
827 676 946 706 aeterna

168 734 215 764 est
233 733 267 763 in
287 742 338 771 se,
355 734 461 762 tamen
482 731 590 762 futura
609 732 656 761 est
677 728 868 769 expectanti,
890 727 945 768 qui

168 786 208 817 ad
234 795 305 817 eam
330 784 475 816 nondum
499 784 654 824 pervenit.
680 783 730 813 Ad
756 781 834 813 illud
860 781 943 821 quod

169 839 337 879 quaeritur,
352 846 426 878 quae
440 836 620 868 differentia
640 836 680 867 sit
702 836 783 866 inter
807 834 861 866 illa
882 835 945 866 duo

170 891 331 930 membra,
365 891 535 922 dicendum
559 889 645 930 quod
669 889 811 929 primum
844 897 946 919 mem-

169 945 265 976 brum
279 944 459 984 explicatur
475 953 530 984 per
546 943 724 974 secundum
737 942 821 982 quod
838 942 883 972 ibi
896 950 949 981 po-

170 997 274 1035 nitur,
300 999 337 1028 ut
362 997 401 1027 sit
431 1006 542 1027 50115115
567 1006 574 1026 ε
596 996 824 1036 «Spiritualia,
850 995 881 1026 id
903 996 949 1025 est

171 1053 301 1082 aeterna.
311 1061 324 1078 »
344 1050 399 1081 Vel
415 1052 515 1089 potest
529 1050 601 1087 dici,
618 1049 703 1089 quod
717 1058 774 1089 per
790 1049 874 1080 hanc
888 1048 949 1079 dif-

171 1103 338 1135 ferentiam
350 1127 358 1141 ‚
377 1103 583 1143 spiritualia,
600 1102 810 1142 distinguitur
825 1111 896 1142 spes
911 1101 950 1132 ab

171 1157 337 1187 affectione
352 1156 489 1187 naturali
501 1167 508 1194 3
526 1165 581 1196 per
595 1156 656 1186 hoc
672 1157 782 1186 autem
797 1155 881 1195 quod
902 1154 951 1185 di-

172 1210 272 1248 citur,
290 1212 431 1247 telerna,
448 1210 661 1248 distinguitur
676 1219 695 1239 a
710 1209 827 1240 virtute
848 1208 952 1239 cardi-

172 1262 255 1300 nali,
271 1265 302 1293 et
316 1263 461 1302 tangitur
476 1262 603 1302 propria
617 1262 698 1293 ratio
715 1261 798 1301 spei,
816 1270 890 1301 quae
905 1262 952 1292 est

172 1316 206 1346 in
233 1315 355 1346 bonum
381 1316 440 1346 sub
472 1315 594 1346 ratione
617 1315 739 1346 aeterni.
767 1314 823 1346 Vel
850 1316 952 1354 potest

172 1369 244 1407 dici,
261 1369 346 1409 quod
358 1378 415 1409 per
430 1369 490 1399 hoc
502 1369 587 1408 quod
602 1369 730 1407 dicitur,
745 1369 949 1407 spiritualia,

173 1421 318 1460 tangitur
334 1422 495 1462 ohJectum
513 1421 675 1461 generale,
693 1421 779 1461 quod
793 1421 888 1452 habet
904 1430 951 1451 ra-

172 1475 293 1506 tionem
309 1475 497 1514 materialis,
513 1475 691 1506 secundum
708 1474 795 1515 quod
818 1483 952 1506 consue-

172 1528 219 1559 vit
233 1527 304 1567 dici,
322 1527 408 1568 quod
422 1537 493 1568 spes
509 1528 659 1568 quaedam
673 1529 720 1559 est
735 1528 851 1565 veniae,
868 1535 954 1568 quae-

173 1581 247 1612 dam
259 1581 384 1621 gratiae,
398 1581 548 1622 quaedam
559 1581 684 1621 gloriae.
699 1581 759 1612 Per
771 1581 832 1612 hoc
845 1583 952 1612 autem

174 1634 259 1675 quod
281 1634 406 1674 dicitur,
432 1637 597 1673 cetermmz,
621 1634 769 1674 tangitur
792 1634 953 1674 objectum

174 1688 341 1728 proprium
355 1689 387 1719 et
399 1687 543 1726 formale,
559 1687 627 1719 sive
642 1688 814 1726 motivum,
830 1689 890 1718 etc.

495 1788 564 1810 DUB.
590 1788 624 1810 11.

192 1851 235 1875 Est
250 1850 318 1875 enim
333 1857 392 1881 spes
406 1850 475 1874 certa
488 1849 645 1880 exspectatio
658 1850 749 1874 suturae
766 1850 939 1881 beatitudinis,

408 1885 515 1910 veniens
529 1892 560 1909 ex
576 1885 622 1909 Dei
637 1886 725 1917 gratia.

218 1954 356 1985 Contra:
377 1953 458 1991 Quia
479 1954 658 1985 secundum
678 1954 764 1994 quod
780 1954 854 1985 dicit
877 1954 954 1986 Phi-

176 2008 364 2049 losophus‘,
393 2011 502 2048 peccat
526 2008 582 2048 qui
601 2008 716 2039 diffinit
737 2008 824 2048 quod
854 2011 900 2040 est
922 2009 956 2040 in

179 2063 280 2100 motu,
295 2070 353 2101 per
376 2060 408 2092 id
431 2061 518 2101 quod
540 2062 587 2092 est
607 2060 642 2092 in
663 2061 781 2101 quiete,
797 2063 829 2093 et
841 2070 859 2093 e
880 2070 956 2093 con-

179 2125 272 2149 verso
289 2126 297 2148 1
313 2117 368 2148 sed
381 2119 548 2158 expectare
567 2118 613 2148 est
635 2117 814 2157 quiescere,
829 2126 958 2158 sperare

179 2170 320 2210 quodam
334 2170 429 2202 modo
444 2171 491 2201 est
504 2170 634 2202 tendere
643 2170 678 2201 in
692 2180 761 2202 rem
776 2173 954 2211 speratam:

179 2233 257 2264 ergo
292 2225 375 2256 male
407 2225 564 2256 diffinitur
597 2234 655 2265 per
692 2225 955 2265 expectationem.

179 2277 259 2309 Item
280 2279 385 2309 omnis
405 2278 578 2310 notificatio
598 2278 690 2310 debet
714 2279 782 2310 dari
805 2288 862 2320 per
882 2288 955 2320 pro-

179 2332 249 2372 pria
274 2342 281 2363 :
307 2331 361 2363 sed
390 2332 564 2370 beatitudo,
590 2334 621 2363 et
645 2332 768 2372 gratia,
792 2334 824 2363 et
846 2333 959 2364 merita

181 2387 255 2416 sunt
269 2385 390 2417 caeteris
405 2385 580 2417 virtutibus
596 2385 800 2416 communia:
813 2394 891 2425 ergo
905 2385 958 2417 111-

182 2438 406 2470 convenienter
429 2447 500 2479 spes
520 2438 678 2470 diffinitur
698 2447 756 2479 per
776 2437 840 2469 1113.
862 2437 959 2470 Juxta

182 2490 243 2522 hoc
256 2492 423 2532 quaeritur,
439 2501 514 2524 cum
529 2493 628 2524 unius
641 2491 689 2523 rei
705 2492 746 2523 sit
759 2501 863 2524 unum
878 2501 956 2531 esse,

182 2544 270 2576 etita
291 2554 356 2577 11113
377 2546 546 2585 diffinitio,
562 2546 724 2587 quomodo
747 2545 852 2577 differt
876 2554 959 2586 prae-

217 2625 225 2641 ¹
236 2625 321 2656 Arist„
334 2625 403 2656 Topi'c
415 2643 423 2656 ,
440 2626 482 2650 lib.
495 2626 545 2657 Vl,
558 2633 612 2651 c.1.
623 2639 653 2644 -
664 2627 731 2657 ¹1d.‚
743 2626 885 2656 Ethic.‚lib.
897 2626 958 2656 Vl1;

176 2661 263 2691 Met„
277 2661 324 2686 lib,
338 2661 356 2686 1.

1709 186 1768 217 563

995 251 1076 282 dicta
1087 250 1258 281 notificatio
1270 250 1309 281 ab
1324 250 1393 282 aliis
1404 250 1679 292 notificationibus,
1694 261 1767 292 quae

995 304 1230 334 consueverunt
1243 303 1399 344 assignari
1414 304 1452 336 de
1467 313 1532 344 spe.

1039 356 1130 397 llesp.
1146 356 1319 389 Dicendum
1335 357 1419 398 quod
1437 366 1508 398 spes
1525 359 1572 389 est
1585 367 1704 389 nomen
1725 359 1772 389 af-

996 409 1138 441 fectionis
1149 434 1158 448 ,
1175 412 1206 441 et
1222 414 1267 442 est
1289 420 1407 442 nomen
1427 411 1566 443 virtutis.
1586 411 1770 442 Secundum

998 463 1082 502 quod
1097 465 1143 494 est
1164 473 1281 495 1103103
1304 465 1494 503 affectionis,
1513 464 1558 495 sic
1582 464 1737 495 diffinitur
1754 474 1772 494 3

1000 515 1191 555 Philosopho
1198 516 1208 532 ²
1221 525 1250 546 :a
1259 516 1336 555 Spes
1345 519 1391 547 051
1402 517 1538 556 suspicio
1548 516 1645 547 futuri
1660 516 1745 547 boni.
1755 527 1769 546 ›>

1000 568 1183 600 Secundum
1201 571 1309 600 autem
1325 571 1409 609 quod
1429 573 1474 601 est
1495 579 1612 601 nomen
1627 571 1773 610 virtutis,

1000 624 1031 653 et
1056 622 1202 653 nominat
1225 622 1386 661 habitum,
1412 623 1455 653 sic
1478 623 1573 654 habet
1592 624 1723 655 diffiniri
1745 626 1776 655 et

1001 674 1157 706 notificari
1174 684 1231 715 per
1244 684 1340 706 suum
1353 677 1471 707 actum.
1487 676 1585 707 Actus
1601 678 1707 708 autem
1724 676 1777 708 1110

1001 729 1167 770 tripliciter
1189 730 1290 769 potest
1314 729 1515 769 comparari:
1536 730 1588 761 vel
1610 730 1650 761 ad
1669 731 1777 770 objec-

1002 784 1072 813 tum
1088 784 1211 814 tantum
1223 806 1230 819 ‚
1249 784 1280 813 et
1300 782 1343 812 sic
1360 784 1407 813 est
1422 782 1475 813 illa
1494 782 1641 813 diffinitio
1658 782 1776 823 Magis-

1003 836 1044 867 tri
1070 845 1077 867 :
1108 848 1123 866 1(
1149 836 1226 876 Spes
1256 838 1302 866 cst
1324 836 1427 867 virtus
1452 845 1517 876 qua
1541 835 1718 876 spiritualia
1749 839 1780 868 et

1003 891 1123 920 aeterna
1137 889 1220 920 hona
1233 891 1422 929 sperantum
1440 900 1454 918 >³
1476 889 1527 921 vel
1542 890 1580 920 ad
1595 889 1756 930 ohJ'ectum
1769 914 1777 928 ,

1004 945 1035 974 et
1055 944 1095 974 ad
1114 943 1319 983 principium,
1336 944 1367 974 et
1386 943 1430 973 sic
1447 945 1493 973 est
1507 943 1560 974 illa
1581 943 1777 984 Haymonis:

1009 1008 1023 1027 (1
1038 997 1116 1037 Spes
1140 998 1186 1028 est
1208 998 1294 1027 certa
1311 996 1487 1036 expectatio
1507 996 1624 1028 futurae
1639 997 1778 1029 heatitu-

1005 1050 1105 1089 dinis,
1121 1050 1252 1082 veniens
1266 1059 1307 1081 ex
1320 1050 1425 1089 gratia
1439 1052 1469 1081 et
1485 1050 1626 1088 meritis;
1643 1062 1657 1079 »
1676 1051 1727 1082 vel
1742 1051 1781 1082 ad

1005 1104 1184 1143 objectum,
1208 1106 1239 1134 et
1253 1103 1400 1134 habitum
1422 1103 1674 1143 praeambulum,
1693 1105 1783 1136 etsie

1006 1160 1052 1188 est
1066 1158 1120 1188 illa
1140 1157 1331 1196 Augustini,
1350 1157 1391 1189 De
1412 1157 1551 1190 Ciuitate
1570 1158 1656 1190 Dez':
1676 1158 1784 1199 «Spes

1006 1213 1052 1242 est
1067 1211 1170 1242 virtus
1188 1219 1253 1250 qua
1267 1210 1338 1250 quis
1352 1219 1384 1240 se
1399 1210 1438 1241 ad
1452 1210 1530 1241 illud
1542 1234 1551 1249 ,
1566 1211 1652 1250 quod
1672 1212 1782 1251 credit,

1006 1266 1239 1305 perventurum
1255 1263 1432 1302 praesumit.
1449 1273 1463 1291 »
1482 1262 1582 1294 Aliter
1596 1265 1705 1295 autem
1726 1273 1784 1304 po-

1007 1321 1066 1350 test
1080 1317 1237 1358 assignari
1252 1316 1414 1349 distinctio
1428 1316 1512 1348 inter
1525 1316 1602 1348 istas
1617 1319 1681 1349 tres
1697 1319 1783 1350 noti—

1007 1373 1170 1404 ficationes
1193 1382 1201 1403 z
1226 1370 1313 1412 quod
1336 1370 1439 1410 prima
1464 1370 1504 1401 sit
1526 1371 1688 1410 formalis,
1713 1372 1785 1404 data

1008 1435 1063 1467 per
1078 1433 1182 1466 genus
1196 1427 1226 1456 et
1241 1423 1435 1456 differentias
1449 1433 1457 1462 ;
1474 1424 1614 1455 secunda
1634 1425 1783 1466 causalis,

1008 1481 1080 1512 data
1094 1488 1151 1519 per
1166 1480 1274 1510 actum
1289 1479 1319 1509 et
1338 1486 1487 1515 causam3
1504 1477 1598 1508 tertia
1615 1487 1692 1509 vero
1711 1488 1786 1519 par-

1009 1534 1067 1565 tim
1090 1532 1244 1571 causalis,
1269 1531 1385 1572 partim
1409 1531 1550 1562 formalis
1560 1533 1574 1570 ,’
1593 1532 1669 1571 quia
1691 1532 1785 1564 datur

1009 1596 1065 1628 per
1083 1587 1245 1626 objectum
1264 1585 1350 1624 spei,
1375 1587 1405 1615 et
1428 1584 1524 1615 aliam
1550 1585 1783 1624 praeambulam

1009 1642 1164 1673 virtutem
1176 1663 1184 1677 ,
1210 1638 1327 1670 50111001
1348 1637 1444 1668 fidem
1457 1660 1465 1675 ,
1481 1646 1555 1677 quae
1578 1639 1722 1678 tangitur
1751 1639 1785 1670 in

1010 1695 1109 1727 verbo
1124 1692 1287 1726 credendi.
1303 1691 1351 1723 Ad
1370 1691 1448 1722 illud
1470 1700 1549 1731 ergo
1571 1692 1657 1732 quod
1672 1692 1787 1733 0113101-

1010 1750 1074 1787 tur,
1097 1747 1182 1788 quod
1207 1745 1383 1787 expectatio
1406 1746 1453 1776 est
1478 1744 1591 1785 quies3
1616 1745 1787 1777 dicendum

1010 1801 1108 1842 quod,
1123 1800 1272 1841 quamvis
1286 1800 1326 1830 sit
1340 1799 1431 1839 quies
1447 1798 1602 1838 corporis,
1619 1800 1727 1830 tamen
1740 1802 1787 1830 est

1011 1855 1160 1895 quaedam
1169 1853 1346 1885 sollicitatio
1361 1851 1486 1882 mentis.
1497 1850 1558 1889 Qui
1571 1851 1658 1882 enim
1673 1861 1787 1892 expec—

1011 1910 1067 1947 tat,
1084 1908 1259 1939 adventum
1273 1905 1429 1937 desiderat
1443 1905 1598 1945 expectati
1615 1915 1622 1936 ε
1638 1908 1786 1946 expecta-

1011 1961 1056 1992 tio
1071 1969 1160 1999 vero,
1175 1959 1353 1991 secundum
1367 1958 1454 1998 quod
1466 1958 1599 1998 ponitur
1615 1958 1649 1989 in
1667 1958 1788 1990 diffini-

1012 2014 1097 2045 tione
1112 2013 1189 2054 spei,
1201 2021 1267 2044 non
1282 2014 1327 2043 est
1342 2011 1520 2052 expectatio
1535 2012 1717 2051 corporalis,
1734 2013 1787 2044 sed

1013 2067 1117 2107 magis
1134 2066 1280 2097 mentalis
1289 2089 1299 2105 ,
1314 2073 1388 2105 quae
1402 2066 1449 2096 est
1463 2065 1612 2105 quaedam
1628 2064 1788 2105 imagina-

1013 2121 1058 2152 tio
1082 2122 1113 2152 et
1135 2120 1294 2161 protensio
1316 2120 1460 2159 respectu
1484 2118 1558 2150 finis
1585 2118 1788 2159 assequendi.

1013 2174 1063 2205 Ad
1077 2173 1156 2205 illud
1176 2173 1262 2214 quod
1281 2172 1444 2213 objicitur,
1461 2171 1546 2212 quod
1563 2171 1634 2203 haec
1648 2172 1790 2203 notifica-

1014 2225 1058 2256 tio
1078 2224 1150 2256 data
1168 2226 1215 2255 est
1229 2233 1285 2265 per
1300 2222 1485 2255 communia
1495 2246 1503 2261 ,
1518 2222 1688 2254 dicendum
1703 2223 1789 2263 quod

1014 2278 1067 2310 illa
1081 2277 1279 2316 communia,
1295 2276 1472 2308 secundum
1493 2276 1579 2316 quod
1593 2275 1645 2306 hic
1660 2285 1789 2316 ponun-

1015 2335 1080 2372 tur,
1100 2333 1176 2364 sunt
1200 2329 1401 2372 appropriata
1423 2339 1430 2360 :
1454 2338 1531 2361 nam
1552 2329 1713 2361 beatitudo
1735 2339 1790 2370 ap-

1015 2385 1197 2426 propriatur
1219 2383 1285 2424 spei
1307 2382 1429 2414 ratione
1453 2382 1577 2413 ultimae
1599 2381 1691 2420 dotis,
1714 2390 1789 2422 (111εο

1015 2438 1146 2479 quidem
1173 2439 1220 2469 est
1241 2436 1378 2478 perfecta
1400 2435 1520 2474 tentio,
1542 2435 1791 2476 correspondens

1014 2491 1074 2532 ipsi
1088 2491 1165 2532 spei,
1181 2492 1212 2522 et
1226 2499 1263 2522 ea
1277 2489 1410 2528 ratione,
1427 2497 1492 2528 qua
1505 2488 1637 2519 nomine
1652 2488 1790 2520 beatitu-

1018 2545 1100 2576 dinis
1113 2543 1324 2584 intelligimus
1336 2543 1459 2574 bonum
1472 2541 1628 2573 excellens
1641 2541 1793 2573 0111111οί1-

1017 2599 1113 2630 ciens.
1130 2597 1282 2630 Similiter
1300 2595 1415 2629 merita
1436 2597 1468 2627 et
1486 2595 1591 2635 gratia
1613 2594 1717 2627 eidem
1734 2604 1792 2636 ap-

1017 2652 1223 2692 propriantur
1240 2676 1248 2689 ,
1291 2651 1387 2690 prout
1423 2650 1609 2688 junguntur
1648 2649 1790 2682 insimul.
