2017 2960
72 2412 176 2433 Fundam.

702 163 798 195 DIST.
822 163 900 194 XVI.
924 162 1016 194 ΛΒΤ.
1043 163 1064 193 I.
1089 162 1239 200 QUAEST.
1271 165 1274 168 ’

195 240 268 262 sum
283 231 410 262 videtur
421 231 536 268 dicere,
553 240 626 261 cum
641 231 716 262 dicit
730 231 815 271 quod
830 230 974 261 Christus

195 284 234 315 de
252 285 344 315 tertio
364 287 448 315 statu
463 284 635 324 assumpsit
650 283 881 324 plenitudinem
897 293 975 322 gra-

195 337 268 375 tiae;
285 338 360 377 quia
375 337 479 376 gratia
492 347 556 368 non
574 338 737 377 perficitur
752 337 814 367 nisi
831 346 887 376 per
903 337 974 375 glo-

195 393 295 430 riam,
316 393 411 432 juxta
432 393 511 423 illud
534 393 618 432 quod
651 393 726 423 dicit
748 392 942 432 Apostolus¹
963 401 970 422 :

197 445 274 476 Cum
299 447 421 478 venerit
445 446 531 485 quod
543 447 720 485 perfectum
733 451 787 484 est,
804 446 973 478 evacuabi-

194 501 247 530 tur
265 499 351 539 quod
365 507 407 531 ex
420 503 512 539 parte
532 503 590 532 est.
610 500 695 539 Ergo
712 500 875 540 plenitudo
894 509 972 539 gra-

194 552 246 583 tiae
275 562 342 583 non
369 553 428 584 fuit
456 555 620 594 assumpta
645 554 822 584 secundum
854 555 972 584 statum

194 606 267 644 viae,
282 606 336 637 sed
349 607 525 637 secundum
540 609 658 638 statum
672 607 796 647 patriae.

236 659 328 699 Resp.
359 659 535 692 Dicendum
565 660 650 700 quod
684 661 736 690 ille
772 660 972 700 quadruplex

193 714 294 743 status
317 713 425 744 reduci
446 713 541 744 habet
565 714 604 744 ad
619 714 789 753 duplicem.
807 714 873 745 Sub
887 716 972 744 statu

193 767 280 797 enim
292 767 354 798 viae
369 768 688 807 comprehenduntur
703 770 766 798 tres
780 770 891 805 status,
908 767 971 798 sci-

191 819 264 851 licet
283 820 474 851 innocentiae
488 845 495 858 ,
521 823 647 852 naturae
671 821 769 861 Iapsae
784 845 792 859 ,
818 824 848 851 et
872 823 972 852 status

191 873 252 904 sub
272 873 343 913 lege
358 875 483 913 gratiae.
502 874 573 905 Illos
593 877 700 905 autem
716 877 855 914 quatuor
870 877 971 905 status

192 930 358 958 enumerat
381 927 532 967 Magister
547 928 586 959 ad
603 929 758 968 maiorem
782 928 971 958 declaratio-

193 989 267 1011 nem
293 981 515 1012 conditionum
530 982 629 1021 ipsius
644 984 769 1012 naturae
783 985 967 1021 assumptae.

191 1034 241 1064 Ad
256 1034 334 1065 illud
349 1035 434 1074 quod
449 1036 609 1075 objicitur,
624 1035 710 1075 quod
723 1035 887 1075 plenitudo
900 1044 971 1074 gra-

192 1087 245 1118 tiae
258 1097 322 1118 non
338 1088 475 1119 habetur
490 1089 550 1118 nisi
565 1088 743 1119 secundum
765 1091 884 1119 statum
899 1088 971 1128 glo-

191 1141 267 1180 riae,
290 1141 462 1172 dicendum
489 1142 573 1181 quod
595 1144 642 1172 est
665 1142 828 1182 plenitudo
856 1142 970 1181 gratiae

192 1195 242 1226 vel
265 1195 462 1235 simpliciter,
485 1196 536 1226 vel
558 1198 705 1235 respectu
723 1195 827 1235 operis
842 1195 971 1225 merito-

190 1248 229 1278 rii
245 1249 432 1288 :plenitudo
455 1249 568 1288 gratiae
593 1248 778 1288 simpliciter
797 1251 916 1288 spectat
929 1248 969 1279 ad

191 1304 310 1332 statum
324 1302 449 1341 gloriae,
469 1302 551 1333 sicut
565 1302 675 1342 objicit
688 1313 695 1340 ;
716 1301 881 1341 plenitudo
892 1311 969 1333 vero

190 1357 336 1395 respectu
357 1356 462 1396 operis
485 1356 639 1387 meritorii
663 1358 781 1396 spectat
793 1355 831 1386 ad
847 1357 966 1386 statum

190 1409 264 1440 viae.
288 1409 325 1440 Et
344 1410 382 1440 de
396 1410 455 1440 hac
470 1410 620 1449 intelligit
636 1409 787 1448 Magister
805 1410 836 1440 in
851 1409 966 1448 littera,

190 1462 272 1492 sicut
286 1465 372 1502 patet
386 1465 505 1503 aperte,
521 1465 581 1494 etc.

400 1571 679 1605 ARTICULUS
708 1572 735 1605 Ι.

230 1665 280 1696 Ad
294 1665 538 1705 intelligentiam
560 1666 660 1706 hujus
677 1667 774 1707 partis
782 1655 899 1698 ‘incidit
916 1668 969 1699 hic

190 1719 328 1758 quaestio
340 1719 379 1749 de
393 1719 539 1759 passione
552 1719 669 1750 doloris
685 1720 717 1750 in
730 1720 852 1751 Christo
865 1729 872 1749 ;
886 1721 969 1752 circa

190 1764 525 1813 quam'principaliter
545 1775 738 1813 quaeruntur
761 1774 824 1805 duo
840 1785 846 1805 :
864 1774 968 1814 primo

190 1825 278 1856 enim
297 1826 526 1866 inquirendum
552 1830 599 1858 est
614 1827 652 1858 de
667 1828 815 1867 passione
830 1828 966 1867 doloris,

190 1881 286 1918 prout
306 1880 435 1920 respicit
457 1881 599 1911 animam
619 1884 649 1912 et
669 1891 798 1913 carnem
818 1891 968 1913 commu-

190 1932 293 1970 niter;
310 1934 450 1964 secundo
467 1943 556 1973 vero,
572 1937 667 1974 prout
684 1936 811 1975 respicit
825 1936 968 1966 animam

190 1986 379 2025 specialiter.
399 1986 486 2018 Circa
507 1988 648 2027 primum
673 1991 863 2028 quaeruntur
881 1989 965 2020 tria:

192 2040 295 2079 primo
312 2040 469 2080 quaeritur
483 2041 522 2072 de
534 2041 650 2072 doloris
661 2042 795 2073 veritate
806 2054 813 2080 3
828 2043 968 2073 secundo

191 2093 230 2124 de
246 2094 365 2124 doloris
383 2094 570 2134 acerbitate3
588 2096 679 2128 tertio
693 2095 732 2128 de
746 2095 884 2134 dolendi,
900 2095 968 2127 sive

191 2147 331 2187 patiendi
346 2149 543 2181 necessitate.

467 2240 646 2278 QUAESTIO
669 2241 692 2273 Ι.

257 2324 303 2351 An
321 2324 352 2350 in
367 2324 472 2352 christo
486 2325 572 2358 sumt
585 2333 648 2352 vera
661 2327 753 2360 passio
768 2326 868 2354 doloris
884 2329 902 2351 2².

231 2404 344 2436 Utrum
358 2406 393 2436 in
413 2405 539 2438 Christo
560 2406 656 2437 fuerit
678 2416 755 2439 vera
778 2408 884 2448 passio
908 2408 966 2439 do-

191 2457 284 2496 loris;
304 2462 335 2490 et
350 2461 434 2500 quod
451 2461 506 2496 sic,
525 2461 652 2492 videtur
666 2462 700 2492 ³:
721 2461 873 2494 Vidimus
895 2471 965 2494 eum

226 2539 398 2570 ¹1001·.,x111‚
412 2541 503 2565 10.---ῑι
514 2542 554 2572 Cf.
566 2543 591 2566 S.
602 2542 692 2566 Thom.
704 2543 780 2573 p.111,
790 2550 815 2574 q.
827 2549 869 2573 xv,
882 2546 929 2567 art.
941 2545 964 2573 ὃς

192 2577 217 2598 et
234 2575 266 2598 Ill
286 2575 364 2602 Sem..
383 2575 440 2600 dist.
457 2582 497 2605 w,
517 2584 540 2607 q.
555 2583 592 2608 11,
607 2579 655 2601 art.
671 2580 699 2608 3,
712 2585 735 2609 q.
754 2585 775 2609 13
792 2581 817 2603 et
829 2579 859 2603 de
877 2580 964 2610 Vovit„

192 2618 214 2640 q.
232 2616 303 2640 xxvi,
324 2616 370 2634 art.
388 2612 415 2640 8;
439 2615 463 2635 et
480 2612 566 2642 opusc.
587 2613 629 2643 111,
645 2621 667 2638 c.
689 2620 836 2645 ccxxxv111;
857 2616 964 2645 Ξεοῑιιε,

193 2647 223 2669 Ill
245 2646 324 2676 Seni„
342 2646 400 2670 dist.
415 2652 457 2677 XV,
473 2654 497 2678 q.
514 2653 538 2677 13
556 2649 678 2679 Duraud.,
694 2650 726 2673 Ill
743 2650 822 2680 Sent.,
837 2651 896 2674 dist.
911 2657 962 2681 xv,

1751 172 1809 204 3109

1032 231 1245 264 novissimum
1272 234 1436 273 virorum,
1461 237 1570 268 virum
1598 237 1756 277 dolorum,
1783 243 1812 271 et

1030 286 1182 316 scientem
1212 286 1448 324 infirmitatem.
1479 288 1540 320 Sed
1574 293 1695 321 constat
1726 292 1811 331 quod

1031 346 1095 367 non
1111 338 1261 378 intelligit
1276 340 1434 380 Propheta
1457 342 1495 373 de
1516 343 1647 374 scientia
1662 344 1812 384 simplicis

1030 391 1151 421 notitiae
1176 403 1181 421 :
1209 401 1287 431 ergo
1312 393 1463 434 intelligit
1493 396 1531 426 de
1564 397 1695 427 scientia
1718 407 1812 438 expe-

1029 444 1152 474 rientiae
1172 455 1178 475 :
1199 454 1277 484 ergo
1302 456 1377 478 vere
1401 451 1553 488 expertus
1578 452 1625 480 est
1649 451 1811 490 passiones

1029 496 1157 527 doloris.

1070 549 1149 580 [tem
1165 550 1197 580 in
1212 560 1347 590 persona
1359 555 1429 593 eJus
1443 555 1558 586 dicitur
1573 557 1607 587 in
1628 556 1753 588 Psalmo
1769 560 1778 576 '⁴
1798 569 1804 589 :

1028 603 1094 642 qu
1109 611 1179 635 sum
1193 613 1318 644 pauper
1333 610 1361 638 et
1376 606 1494 639 dolens.
1508 610 1568 640 Sed
1580 610 1722 642 Christus
1733 621 1807 643 vere

1028 657 1089 687 fuit
1103 667 1224 698 pauper
1242 661 1273 690 et
1287 661 1453 692 mendicus
1468 664 1684 703 temporaliter
1706 676 1713 696 :
1731 675 1810 705 ergo

1028 719 1105 741 vero
1120 711 1227 742 dolore
1242 712 1300 743 fuit
1313 714 1458 746 afflictus.

1068 764 1158 803 Item,
1185 766 1293 797 anima
1321 769 1493 808 conjuncta
1517 771 1641 810 corpori
1669 772 1809 811 passibili

1028 827 1102 848 vere
1132 818 1225 857 dolet,
1254 829 1385 860 corpore
1410 823 1548 861 patiente
1576 835 1584 855 ι
1616 825 1670 855 sed
1700 825 1810 856 amma

1027 871 1266 910 Christijuncta
1280 873 1340 904 fuit
1354 876 1461 914 carni,
1490 886 1564 916 quae
1590 887 1655 908 non
1683 881 1809 909 tantum

1029 925 1197 964 passibilis,
1214 926 1279 957 imo
1291 927 1386 958 etiam
1400 938 1492 968 passa
1506 941 1512 961 :
1530 940 1608 970 ergo
1622 941 1736 962 verum
1751 932 1807 963 do-

1028 978 1128 1009 lorem
1145 980 1204 1010 fuit
1218 990 1375 1021 perpessa.

1067 1031 1157 1071 Item,
1176 1034 1344 1066 satisfactio
1360 1036 1440 1066 sacta
1455 1039 1502 1067 est
1523 1047 1578 1077 per
1600 1048 1729 1078 poenam
1751 1040 1807 1071 do-

1026 1085 1103 1115 loris
1139 1097 1146 1116 ι
1183 1087 1237 1117 sed
1275 1087 1419 1119 Christus
1457 1092 1612 1122 veraciter
1647 1093 1806 1130 satisfecit,

1026 1139 1102 1177 quia
1116 1139 1126 1155 ⁵
1141 1147 1211 1171 vere
1238 1139 1408 1180 lanquores
1431 1147 1557 1176 nostros
1577 1146 1646 1184 ipse
1672 1147 1765 1185 tulit,
1781 1151 1809 1179 ec

1026 1191 1148 1224 dolores
1163 1196 1286 1226 nostros
1302 1196 1369 1234 ipse
1383 1198 1526 1235 portavit
1537 1208 1547 1228 :
1559 1207 1638 1238 ergo
1653 1201 1809 1231 veraciter

1025 1244 1138 1276 doluit.

1066 1298 1157 1337 Item,
1182 1310 1248 1331 non
1269 1304 1316 1332 est
1338 1312 1496 1342 magnum
1516 1305 1593 1345 quid
1614 1306 1732 1339 habere
1749 1318 1807 1349 pa·-

1024 1352 1170 1384 tientiam
1185 1354 1219 1385 in
1233 1355 1286 1385 illa
1300 1356 1455 1396 passione,
1475 1368 1549 1398 quae
1570 1360 1697 1391 nullum
1712 1361 1808 1393 infert

1024 1406 1166 1438 dolorem
1199 1419 1206 1439 ε
1241 1409 1296 1440 sed
1331 1411 1485 1449 patientia
1512 1412 1628 1444 Christi
1666 1415 1806 1446 multum

1024 1461 1266 1493 commendatur
1281 1462 1316 1494 in
1331 1463 1500 1496 tolerantia
1511 1466 1698 1506 passionum
1710 1477 1806 1508 :ergo

1024 1513 1150 1545 videtur
1174 1516 1260 1555 quod
1291 1516 1434 1548 Christus
1463 1529 1578 1551 verum
1606 1521 1748 1552 dolorem
1774 1523 1807 1553 in

1024 1568 1193 1608 semetipso
1209 1571 1409 1609 persenserit.

1066 1621 1155 1660 Item,
1172 1625 1228 1653 aut
1242 1632 1317 1654 vere
1333 1625 1512 1664 patiebatur
1537 1629 1568 1657 et
1592 1627 1734 1666 dolebat,
1749 1631 1807 1660 aut

1024 1683 1089 1705 non
1107 1686 1113 1705 :
1132 1675 1158 1705 si
1171 1685 1257 1715 vere,
1274 1677 1319 1707 sic
1335 1678 1438 1709 habeo
1459 1680 1678 1720 propositum;
1701 1682 1727 1712 si
1741 1692 1807 1713 non

1024 1736 1099 1758 vere
1111 1729 1304 1768 patiebatur,
1319 1733 1350 1761 et
1364 1732 1533 1764 videbatur
1559 1734 1638 1774 patI,
1662 1744 1740 1774 ergo
1756 1745 1807 1767 se-

1023 1781 1158 1813 ducebat
1172 1784 1281 1814 oculos
1296 1786 1506 1825 spectantium
1521 1787 1556 1817 in
1571 1797 1629 1818 sua
1645 1789 1805 1828 passione,

1023 1835 1093 1874 pari
1112 1836 1235 1867 ratione
1263 1840 1293 1868 et
1315 1838 1349 1868 in
1367 1839 1508 1878 qualibet
1526 1841 1587 1871 alia
1608 1851 1665 1872 sua
1691 1851 1806 1882 opera·

1024 1888 1126 1927 tione;
1175 1893 1206 1921 et
1249 1891 1276 1921 si
1322 1892 1398 1930 hoc,
1445 1896 1550 1925 totum
1592 1895 1805 1935 Evangelium

1024 1944 1071 1972 est
1090 1943 1310 1983 mendacium,
1335 1948 1366 1976 et
1392 1947 1462 1986 ejus
1482 1948 1635 1979 miracula
1658 1948 1751 1987 salsa,
1776 1951 1807 1979 et

1024 1995 1102 2026 fides
1121 1997 1293 2029 christiana
1312 1999 1418 2030 inanis
1439 2010 1495 2040 per
1518 2002 1627 2033 omnia
1646 2012 1654 2033 :
1678 2002 1704 2033 si
1725 2011 1805 2042 ergo

1022 2048 1213 2088 hujusmodi
1228 2054 1304 2083 sunt
1315 2053 1393 2084 falsa
1407 2056 1437 2085 et
1451 2064 1595 2094 erronea,
1612 2059 1719 2095 restat,
1741 2062 1802 2089 etc.

1063 2102 1125 2134 Sed
1140 2107 1250 2136 contra
1266 2117 1273 2137 :
1292 2109 1321 2137 1.
1335 2107 1489 2148 Hilarius,
1513 2109 1552 2141 de
1577 2110 1736 2143 Trinitate
1761 2115 1771 2131 ⁶
1791 2123 1802 2143 .-

1028 2168 1042 2185 ((
1057 2156 1164 2189 Virtus
1172 2160 1313 2200 corporis
1322 2161 1391 2192 sine
1398 2172 1495 2194 sensu
1505 2172 1607 2203 poenae
1620 2165 1686 2195 vim
1697 2174 1803 2205 poenae

1023 2209 1056 2240 in
1078 2220 1111 2241 se
1126 2211 1329 2244 (lesaevientis
1346 2216 1480 2256 excepit.
1499 2227 1513 2245 n
1531 2217 1593 2248 Sed
1608 2227 1704 2249 verus
1713 2219 1803 2250 dolor

1022 2273 1088 2295 non
1103 2267 1150 2296 est
1164 2267 1231 2297 sine
1252 2277 1348 2299 sensu
1370 2278 1476 2309 poenae
1494 2281 1502 2301 ε
1519 2279 1599 2311 ergo
1622 2272 1655 2302 in
1680 2271 1803 2304 Christo

1022 2327 1086 2350 non
1101 2319 1161 2350 fuit
1174 2329 1271 2351 verus
1285 2321 1385 2353 dolor.

1062 2375 1092 2404 2.
1107 2372 1185 2404 Item
1200 2373 1368 2415 Dionysius
1377 2376 1414 2407 de
1426 2376 1547 2408 Joanne
1560 2377 1765 2417 Evangelista
1774 2378 1801 2411 ⁷:

1026 2438 1042 2456 α
1069 2427 1159 2459 Absit
1181 2430 1218 2460 ut
1246 2438 1308 2469 ego
1332 2429 1376 2461 ita
1402 2430 1581 2471 insaniam,
1611 2434 1647 2463 ut
1674 2432 1802 2464 credam

1022 2515 1037 2538 q
1064 2514 1087 2538 13
1105 2509 1248 2539 Stephanus
1264 2509 1367 2539 Brulef.v
1381 2511 1411 2534 111
1425 2511 1504 2541 Sem„
1518 2511 1576 2535 dist.
1589 2517 1644 2538 xw,
1659 2520 1683 2543 ⁴1·
1700 2514 1801 2543 1;Mar-

1024 2544 1096 2567 silius
1114 2545 1408 2577 luguen.‚1llsent.‚q.
1427 2553 1461 2577 xl,
1473 2549 1519 2571 art.
1537 2550 1597 2571 2.-
1609 2548 1618 2563 ³
1633 2548 1690 2578 lut,
1707 2555 1762 2579 Lm,
1779 2553 1801 2575 3.

1021 2579 1069 2597 -δ
1085 2580 1152 2603 Psal.
1169 2586 1262 2609 wan,
1278 2583 1377 2605 30.-—⁵
1390 2584 1446 2611 lma„
1462 2589 1517 2612 Lm,
1532 2584 1553 2606 4.
1569 2596 1598 2600 —
1609 2583 1619 2599 ⁶
1630 2584 1740 2609 Hilarius
1751 2604 1758 2614 ‚
1774 2586 1803 2610 αι’

1024 2615 1174 2645 T1·i11z't.‚lib.
1192 2617 1222 2647 X,
1235 2624 1262 2641 u.
1278 2618 1348 2641 25.-η
1358 2618 1368 2634 ⁷
1377 2619 1453 2642 Dion.
1467 2619 1560 2648 Areop.
1571 2618 1605 2642 acl
1612 2620 1684 2644 Joan.
1695 2621 1802 2652 Evuny„

1022 2651 1099 2681 Epist.
1115 2651 1169 2682 ult„
1185 2659 1240 2683 quae
1255 2652 1342 2682 incipit
1355 2661 1364 2677 .·
1379 2654 1466 2677 Saluto
1481 2655 1504 2677 te
1519 2654 1636 2678 Sanctam
1650 2657 1770 2683 animam.

1817 2143 1849 2163 Ad
1860 2149 1910 2169 opp.
