2017 2960
105 1900 168 1928 Opin.
181 1901 202 1920 2.

720 184 817 217 DlST.
841 184 919 216 XVI.
944 182 1036 215 ΛΒΤ.
1062 184 1086 215 Ι.
1108 183 1259 221 QUAEST.
1283 183 1335 214 111.

213 256 288 288 sitas
308 255 484 287 secundum
499 263 628 285 causam
651 252 863 290 materialem,
880 260 991 297 secun-

213 309 291 341 dum
304 317 401 349 quam
413 307 542 345 dicitur,
554 307 639 347 quod
650 315 777 337 necesse
792 307 839 336 651.
850 305 989 336 calidum

213 363 246 393 in
261 370 388 393 summo
409 361 550 392 converti
565 361 599 391 in
617 361 737 400 ignem.
755 360 809 391 Est
823 359 917 390 etiam
934 368 990 389 ne-

212 415 338 445 cessitas
356 414 534 445 secundum
550 423 678 445 causam
693 414 895 449 efficientem,
919 421 992 453 quae

212 467 329 498 dicitur
352 467 522 498 necessitas
547 467 724 498 secundum
752 466 935 498 violentiam
963 469 993 497 et

211 521 426 559 coactionem3
458 523 489 552 et
515 520 693 551 secundum
721 521 804 551 hanc
837 520 990 558 dicimus,

212 574 297 614 quod
314 575 450 615 lapidem
466 575 587 606 10111161
607 574 784 614 impulsum
800 582 927 604 necesse
948 574 995 603 est

213 627 347 658 moveri.
365 627 419 658 Est
430 628 527 659 etiam
542 628 713 659 nenessitas
728 626 906 658 secundum
921 635 994 656 cau-

213 689 282 711 sam
310 681 459 718 finalem,
487 681 663 712 secundum
699 690 796 720 quam
835 679 992 717 dicimus,

213 734 298 774 quod
311 743 430 765 serram
446 743 573 765 necesse
589 736 635 765 est
648 743 715 764 esse
730 734 903 770 dentatam,
919 733 995 772 quia

212 789 260 818 est
271 788 310 818 ad
320 788 527 818 dividendum
543 788 643 818 solida
659 789 689 818 et
703 787 794 818 dura.
811 786 994 817 Secundum

212 842 292 880 hoc,
308 851 383 873 cum
402 842 652 882 quadrupliciter
674 842 798 872 dicatur
812 841 993 880 necessitas,

213 893 279 924 solo
300 895 413 933 quarto
431 893 525 924 modo
540 893 710 924 necessitas
725 893 865 932 patiendi
888 892 946 923 fuit
962 892 994 922 in

214 947 347 985 Christo,
372 946 518 978 videlicet
535 948 664 986 propter
686 948 829 977 nostram
853 946 996 986 redemp-

215 1000 344 1031 tionem.
364 999 527 1037 Quantum
545 1000 631 1030 enim
647 999 680 1030 in
696 1009 728 1030 se
744 1000 817 1038 11111,
834 1000 997 1031 necessita-

215 1056 279 1085 tem
294 1063 358 1084 non
370 1054 483 1084 habuit
499 1054 538 1084 ad
556 1053 752 1094 patiendum,
771 1053 847 1092 quia
866 1063 923 1084 nec
938 1053 997 1084 fuit

216 1107 251 1138 in
276 1117 314 1138 eo
346 1107 499 1138 humanae
524 1107 713 1138 conditionis
739 1107 918 1147 corruptio,
940 1116 998 1137 1160

217 1161 321 1201 potuit
345 1170 411 1192 esse
436 1161 554 1192 coactio
577 1171 584 1190 ι
609 1163 639 1191 61
664 1161 734 1191 11160
758 1169 823 1190 11011
845 1162 945 1200 potest
969 1161 997 1190 61

217 1215 389 1246 convenire
404 1215 573 1245 necessitas
592 1215 768 1245 secundum
786 1215 847 1244 alia
862 1214 921 1244 tria
937 1223 998 1253 ge-

218 1277 294 1299 nera
324 1277 505 1299 causarum.
532 1267 589 1298 Hic
615 1269 721 1298 autem
752 1267 867 1298 modus
890 1267 999 1298 distin-

219 1321 340 1361 guendi
368 1322 442 1352 satis
469 1321 664 1352 rationabilis
692 1323 738 1351 est
762 1321 794 1351 in
825 1330 877 1359 se,
900 1323 930 1351 et
960 1320 998 1351 ad

220 1375 431 1414 quaestionem
446 1375 637 1415 propositam
655 1374 884 1405 rationabiliter
901 1374 1000 1414 appli-

221 1432 311 1458 catur
317 1452 326 1467 ,
353 1429 379 1459 si
403 1431 570 1468 quaeratur
592 1429 630 1459 de
651 1429 835 1459 necessitate
861 1428 1000 1468 patiendi

222 1482 254 1511 111
268 1482 402 1520 Christo,
420 1484 513 1520 prout
527 1482 696 1513 necessitas
711 1482 850 1522 patiendi
865 1482 899 1512 in
914 1481 1002 1512 Chri-

222 1538 269 1566 sto
297 1544 362 1566 non
387 1537 514 1566 tantum
540 1535 673 1566 includit
702 1538 829 1575 tempus
856 1537 927 1575 post
954 1544 1000 1565 as·—

222 1589 452 1629 sumptionem,
469 1589 523 1620 sed
538 1589 631 1619 etiam
648 1590 720 1619 ante
735 1589 999 1628 assumptionem,

222 1642 283 1673 hoc
305 1644 372 1680 est,
396 1643 421 1673 si
453 1644 618 1682 quaeratur
651 1644 762 1674 utrum
787 1643 1001 1673 necessarium

222 1696 317 1727 fuerit
348 1695 509 1727 Christum
540 1698 664 1726 nostras
688 1696 887 1736 poenalitates
910 1705 1002 1726 assu-

224 1759 311 1781 mere
334 1760 341 1780 :
363 1753 440 1780 111116
464 1749 550 1780 enim
571 1759 688 1780 verum
713 1752 760 1780 est
780 1750 894 1788 dicere,
918 1749 1003 1789 quod

224 1813 288 1835 non
313 1804 373 1835 11111
394 1803 609 1835 necessarium
631 1804 692 1834 nisi
712 1804 897 1835 necessitate
916 1803 1000 1834 finis.

225 1857 263 1889 Et
293 1858 354 1889 hoc
389 1858 484 1889 modo
519 1858 613 1888 istam
643 1858 853 1897 quaestionem
893 1859 1004 1888 tractat

227 1911 262 1942 B.
295 1912 476 1942 Anselmus.
508 1910 569 1942 Sed
599 1910 749 1950 Magister
779 1911 869 1942 aliter
893 1913 1005 1942 tiactat

227 1965 321 1995 istam
343 1965 552 2005 quaestionem
576 1964 611 1995 in
636 1965 750 1995 littera.
774 1964 895 2002 Quae-rit
918 1965 1005 1996 enim

228 2020 338 2048 utrum
359 2018 417 2048 iste
437 2017 594 2055 1161601115,
617 2017 674 2057 (1111
696 2020 742 2048 651
763 2018 930 2048 necessitas
954 2028 1006 2058 pa-

227 2071 326 2102 tiendi
338 2095 346 2110 ,
363 2080 437 2102 cum
457 2071 498 2101 sit
511 2071 546 2101 in
560 2070 652 2101 nobis
674 2080 731 2111 per
745 2071 1003 2109 contractionem,

229 2125 325 2155 fuerit
344 2124 378 2155 111
401 2124 525 2156 Christo
546 2133 603 2165 per
625 2124 841 2156 voluntariam
863 2134 1007 2165 assump-

228 2180 360 2211 tionem.
382 2179 422 2210 Et
445 2179 517 2210 ideo
540 2178 579 2209 ad
599 2178 684 2209 hanc
707 2178 919 2218 quaestionem
945 2188 1007 2210 165-

229 2232 363 2273 ponderi
382 2241 448 2263 non
471 2233 573 2273 potest
594 2240 650 2272 per
670 2231 857 2272 praedictam
882 2231 1008 2263 distinc-

229 2287 361 2317 tionem.
385 2285 423 2317 Et
444 2285 516 2316 ideo
538 2285 630 2316 aliter
650 2287 774 2326 oportet
793 2285 897 2316 dicere
914 2296 920 2316 :
942 2295 1008 2317 non

231 2340 306 2381 quia
334 2339 506 2381 praedictus
528 2339 644 2370 modus
666 2339 791 2370 dicendi
816 2339 856 2369 sit
879 2339 1005 2378 malus;

232 2394 285 2425 sed
299 2394 376 2435 quia
392 2403 457 2425 non
473 2393 558 2425 valet
580 2393 620 2424 ad
634 2395 780 2425 nostrum
796 2393 1006 2434 propositum.

233 2447 408 2488 Sequentes
420 2448 520 2488 igitur
535 2448 724 2479 sententiam
737 2447 881 2488 Magistri
901 2448 936 2479 in
955 2447 1006 2479 lit-

234 2502 302 2532 tera
332 2502 434 2533 dicere
457 2511 647 2543 possumus,
674 2502 760 2543 quod
789 2501 934 2533 Christus
961 2511 1009 2533 as-

235 2555 374 2595 sumpsit
390 2554 489 2587 istum
503 2556 678 2594 defectum,
694 2555 752 2596 qui
773 2557 820 2587 est
839 2555 1009 2587 necessitas

267 2636 274 2652 ¹
290 2637 381 2660 scotus
391 2635 446 2660 haec
461 2636 602 2668 impugnat,
615 2637 674 2661 dist.
689 2643 744 2666 xvi,
753 2644 778 2667 11.
792 2642 811 2667 1,
824 2636 858 2660 ibi
875 2643 880 2659 :
896 2636 1010 2660 Ratione.»-

236 2672 290 2695 iseoe
301 2678 348 2695 non
361 2671 517 2696 concludunt.

1766 189 1824 218 355

1049 251 1187 291 patiendi
1202 252 1220 283 ¹.
1240 251 1400 289 Quantum
1415 250 1501 281 enim
1516 252 1584 281 erat
1596 251 1634 282 de
1648 251 1719 291 lege
1735 255 1826 284 natu-

1048 313 1104 343 rae,
1122 314 1238 345 corpus
1254 304 1332 335 illud
1348 305 1415 335 erat
1429 303 1600 335 resolubile
1623 307 1653 336 61
1670 306 1801 337 mortale
1815 318 1823 344 3

1049 360 1078 389 et
1093 358 1155 389 nisi
1170 358 1279 389 fuisset
1302 359 1524 389 conservatum
1543 357 1750 397 miraculose,
1767 359 1827 389 ali-

1049 411 1176 450 quando
1204 412 1291 442 senio
1318 410 1490 442 defecisset.
1519 410 1758 442 Attendendum
1782 415 1827 443 est

1048 465 1174 501 tamen,
1191 465 1275 504 quod
1293 473 1359 495 non
1374 464 1463 495 omni
1478 464 1573 495 modo
1589 464 1648 496 fult
1660 466 1828 497 necessitas

1049 517 1190 557 patiendi
1202 518 1236 548 in
1252 517 1390 556 Christo,
1405 527 1462 558 per
1477 527 1572 558 quem
1589 518 1721 549 modum
1736 521 1782 549 est
1796 519 1829 549 in

1050 570 1156 607 nobis;
1172 571 1224 601 sed
1241 570 1380 610 quodam
1397 571 1492 602 modo
1509 571 1562 609 sic,
1579 570 1718 611 quodam
1735 570 1830 602 modo

1050 623 1150 654 aliter.
1168 623 1271 654 Habet
1292 624 1379 654 enim
1394 624 1562 654 necessitas
1586 624 1725 664 patiendi
1747 634 1832 656 com-

1051 677 1156 717 parari
1171 677 1209 708 ad
1226 677 1304 715 tria,
1321 677 1466 708 videlicet
1482 678 1520 708 arl
1537 686 1681 716 causam,
1698 678 1738 709 ad
1752 678 1831 709 sub·

1048 732 1185 770 J'ectum,
1202 731 1240 762 ad
1263 731 1417 763 virtutem
1436 731 1578 772 corporis
1597 732 1780 770 regitivam.
1799 732 1832 763 Si

1052 784 1269 815 consideretur
1282 794 1338 825 per
1353 785 1623 825 comparationem
1637 785 1674 816 ad
1691 794 1830 824 causam,

1052 837 1096 867 510
1119 839 1165 868 est
1186 837 1220 868 in
1241 838 1332 869 nobis
1354 847 1393 868 ex
1416 837 1534 877 duplici
1556 847 1662 875 causa,
1690 837 1835 870 videlicet

1053 894 1182 932 propter
1195 891 1370 923 foeditatem
1382 892 1595 932 corruptionis
1610 892 1787 932 culpabilis,
1803 893 1834 923 et

1054 947 1181 985 propter
1196 945 1382 986 qualitatem
1397 945 1553 976 naturalis
1569 945 1806 985 compositionis
1824 956 1831 976 ι

1053 998 1122 1029 ideo
1143 999 1228 1029 6111111
1250 999 1407 1029 habemus
1426 998 1645 1030 necessitatem
1661 999 1700 1030 ad
1715 999 1835 1039 patien-

1054 1051 1151 1087 dum,
1176 1053 1252 1092 quia
1274 1054 1397 1083 reatum
1425 1051 1594 1091 originalis
1621 1052 1739 1092 peccati
1762 1062 1835 1083 con-

1053 1105 1226 1142 trahimus,
1242 1108 1272 1136 et
1287 1106 1361 1145 quia
1377 1115 1417 1137 ex
1434 1106 1600 1137 contrariis
1615 1106 1787 1145 agentibus
1806 1108 1837 1137 61

1054 1159 1245 1198 patIeutibus
1260 1159 1423 1190 constituti
1438 1168 1562 1197 sumus,
1580 1159 1624 1190 ita
1639 1159 1723 1199 quod
1739 1159 1837 1190 conti-

1054 1222 1120 1243 nua
1136 1212 1169 1242 in
1186 1222 1317 1252 corpore
1332 1215 1441 1244 nostro
1455 1213 1493 1243 sit
1508 1213 1658 1243 resolutio
1671 1223 1678 1250 3
1696 1212 1837 1244 Christus

1056 1269 1163 1297 autem
1182 1267 1400 1297 necessitatem
1422 1266 1535 1297 habuit
1550 1266 1656 1297 solum
1677 1275 1717 1297 ex
1739 1267 1837 1298 altera

1055 1329 1150 1350 causa
1169 1331 1175 1351 :
1192 1319 1348 1360 passibilis
1365 1320 1451 1350 enim
1466 1319 1526 1350 suit
1542 1329 1607 1351 non
1622 1322 1751 1360 propter
1764 1330 1837 1352 rea-

1056 1375 1125 1403 tum
1150 1373 1268 1413 peccati
1283 1373 1466 1412 originalis,
1482 1373 1533 1404 sed
1556 1375 1684 1413 propter
1704 1373 1836 1405 modum

1055 1425 1126 1456 talis
1149 1426 1396 1466 compositionis.
1420 1426 1574 1457 Similiter
1596 1435 1653 1467 per
1673 1435 1838 1467 compara-

1055 1479 1177 1510 tionem
1194 1480 1233 1510 ad
1248 1479 1440 1519 subjectum,
1457 1480 1518 1511 alio
1534 1480 1629 1511 modo
1646 1482 1691 1510 cst
1706 1481 1839 1511 necessi-

1057 1535 1103 1563 tas
1119 1533 1258 1572 patiendi
1274 1533 1308 1563 in
1325 1533 1458 1571 Christo,
1475 1535 1505 1564 et
1517 1534 1550 1564 in
1565 1533 1658 1564 nobis
1675 1543 1683 1564 z
1697 1533 1731 1564 in
1747 1534 1839 1565 nobis

1057 1587 1142 1616 euim
1165 1588 1211 1617 est
1231 1586 1400 1617 necessitas
1421 1586 1580 1626 patiendi,
1597 1587 1664 1619 sive
1678 1597 1735 1627 per
1748 1596 1838 1618 com-

1058 1641 1255 1680 parationem
1271 1641 1311 1671 ad
1326 1642 1490 1679 naturam,
1507 1640 1576 1671 sive
1596 1650 1652 1680 per
1675 1650 1839 1681 compara-

1057 1695 1178 1726 tionem
1201 1696 1240 1727 ad
1262 1705 1431 1736 personam
1446 1706 1454 1734 ;
1471 1695 1505 1726 in
1521 1695 1643 1727 Christo
1660 1698 1767 1727 autem
1782 1704 1840 1727 ne-

1059 1749 1184 1779 cessitas
1206 1751 1272 1780 erat
1292 1749 1331 1779 ad
1345 1749 1531 1789 patiendum
1548 1758 1613 1780 non
1634 1758 1689 1789 per
1709 1758 1840 1789 compa-

1059 1802 1215 1833 rationem
1235 1802 1273 1833 ad
1298 1811 1484 1842 personam,
1508 1802 1582 1842 quia
1606 1802 1694 1833 nulla
1717 1805 1841 1842 poterat

1059 1856 1193 1896 astringi
1222 1858 1408 1888 necessitate
1420 1881 1428 1895 ,
1455 1857 1530 1897 quia
1558 1857 1666 1888 01111113
1693 1858 1784 1888 erant
1811 1856 1840 1887 ei

1060 1911 1220 1951 subjecta;
1237 1911 1291 1941 sed
1316 1920 1372 1951 per
1393 1910 1664 1950 comparationem
1679 1910 1717 1941 ad
1742 1912 1840 1941 natu-

1060 1975 1129 1996 ram
1146 1967 1353 2005 assumptam.
1371 1964 1535 2002 Similiter,
1552 1973 1609 2004 per
1629 1964 1841 2005 comparatioss

1061 2029 1136 2051 nem
1158 2019 1196 2050 ad
1221 2019 1375 2051 virtutem
1400 2018 1593 2058 regitivam,
1619 2019 1710 2050 aliter
1733 2020 1779 2050 est
1806 2018 1840 2050 in

1061 2074 1153 2105 nobis
1167 2073 1335 2104 necessitas
1355 2072 1506 2113 patiendi,
1523 2081 1621 2113 quam
1636 2072 1669 2103 in
1692 2072 1814 2104 Christo
1830 2081 1838 2103 :

1062 2128 1109 2158 est
1128 2126 1262 2157 enimin
1278 2126 1370 2157 nobis
1385 2126 1488 2157 virtus
1509 2126 1648 2166 regitiva
1662 2128 1693 2157 et
1711 2135 1730 2157 a
1751 2128 1841 2166 parte

1062 2182 1187 2212 naturae
1199 2204 1207 2219 ,
1225 2181 1257 2211 et
1278 2189 1298 2211 a
1320 2181 1410 2219 parte
1430 2179 1604 2211 voluntatis
1625 2179 1792 2219 regitivae;
1810 2181 1841 2210 et

1063 2235 1208 2274 respectu
1223 2233 1392 2273 utriusque
1406 2235 1453 2264 est
1466 2233 1636 2264 necessitas
1652 2232 1791 2274 patiendi
1807 2233 1840 2263 in

1063 2288 1164 2319 nobis.
1180 2286 1306 2318 Etenim
1321 2295 1380 2317 nec
1394 2288 1525 2324 natura,
1540 2295 1600 2317 nec
1613 2286 1762 2317 voluntas
1782 2295 1841 2326 po-

1063 2343 1123 2373 test
1142 2341 1177 2372 in
1190 2340 1282 2371 nohis
1294 2339 1475 2380 passionem
1489 2340 1658 2380 prohibere
1676 2351 1683 2371 τ
1702 2340 1841 2380 patimur

1063 2395 1166 2432 enim,
1185 2393 1341 2432 nolimus,
1360 2393 1508 2425 velimus.
1526 2393 1562 2425 In
1589 2394 1709 2425 Christo
1731 2396 1840 2425 autem

1064 2447 1233 2480 necessitas
1257 2447 1318 2478 fuit
1341 2447 1486 2487 respectu
1512 2446 1637 2478 virtutis
1665 2446 1840 2485 naturalis,

1064 2502 1117 2533 sed
1132 2511 1198 2532 non
1218 2502 1364 2540 respectu
1383 2499 1557 2531 voluntatis
1575 2510 1581 2530 :
1598 2499 1678 2531 nihil
1693 2500 1780 2532 enim
1794 2500 1842 2532 in-

1063 2556 1150 2586 vitus
1170 2554 1338 2591 sustinuit,
1361 2562 1420 2584 nec
1440 2553 1596 2584 sustinere
1622 2554 1741 2594 potuit,
1766 2555 1842 2595 quia

1064 2618 1127 2640 non
1150 2608 1278 2640 meruit.
1302 2607 1342 2638 Et
1366 2607 1411 2637 sic
1436 2608 1539 2646 patet,
1564 2607 1650 2647 quod
1674 2608 1842 2639 necessitas

1065 2662 1203 2703 patiendi
1218 2662 1380 2700 assumpta
1396 2660 1455 2690 fuit
1471 2670 1489 2690 a
1503 2660 1636 2699 Christo,
1653 2663 1685 2692 et
1698 2662 1732 2692 in
1746 2661 1841 2693 Chri-
