2017 2960
850 206 1038 239 DISTINCT.
1066 207 1143 239 XIX.
1734 215 1792 244 403

236 277 378 309 Peccata
392 284 524 318 quoque
539 280 666 315 nostra,
684 274 716 307 id
732 278 779 307 est
793 285 924 318 poenam
957 279 1163 319 peccatorum
1178 279 1367 309 nostrorum
1385 275 1522 310 dicitur*
1538 288 1572 310 ιη
1588 288 1719 322 corpore
1733 291 1790 312 suo

192 344 287 378 super
311 332 440 377 liqnum
458 338 623 377 portasse,
651 332 731 377 quia
754 343 810 377 per
840 332 943 376 ipsius
973 344 1116 376 poenani,
1134 345 1233 378 quam
1257 334 1292 366 in
1316 345 1410 367 cruce
1435 334 1523 376 tulit,
1562 336 1668 368 omnis
1696 348 1791 380 poena
1808 328 1834 378 ᾖξ’)

193 390 392 434 temporaliS,
409 402 483 435 quae
497 403 555 436 pro
570 395 697 436 peccato
712 390 876 423 conversis
896 390 1045 432 debetur,
1074 391 1108 423 in
1130 391 1291 436 baptismo
1304 393 1434 437 penitus
1449 393 1628 433 relaxatur,
1648 398 1684 426 ut
1699 394 1793 428 nulla
1810 392 1850 440 {gxi

192 460 210 481 a
223 448 386 492 baptizato
401 449 563 492 exigatur,
581 454 611 482 et
629 449 664 482 in
693 448 883 493 poenitentia
908 448 1104 481 minoratur.
1133 449 1206 481 Non
1229 450 1317 482 enim
1339 451 1505 483 sufficeret
1530 451 1587 484 illa
1602 463 1710 496 poena,
1728 464 1794 497 qua

192 506 385 550 poenitentes
400 506 479 550 ligat
496 507 648 548 Ecclesia,
673 506 736 539 nisi
762 517 857 550 poena
880 505 1000 539 Christi
1023 511 1265 550 cooperaretur,
1297 508 1354 552 qui
1379 519 1438 552 pro
1462 509 1556 542 nohis
1571 509 1679 543 solvit.
1701 509 1795 543 Unde

191 565 497 610 peccatajustorum
526 565 585 609 qui
611 565 746 597 fuerunt
773 569 848 597 ante
875 564 1067 605 adventum,
1096 565 1131 596 in
1159 565 1395 598 sustentatione
1424 566 1483 598 Dei
1513 567 1612 600 fuisse
1637 568 1796 613 usquead

192 621 311 655 Christi
326 627 465 656 mortem
480 623 557 655 dicit
581 623 757 667 Apostolus
770 623 792 663 ²,
825 621 870 655 ad
892 622 1109 655 ostensionem
1134 622 1278 665 justitiae
1304 622 1375 667 ejus
1403 623 1438 657 in
1467 624 1527 657 hoc
1542 629 1700 669 tempore.
1717 626 1798 659 Ecce

192 685 302 725 aperte
332 681 515 725 expositum
543 684 609 722 est,
639 692 705 725 quo
734 680 845 722 modo,
876 684 907 713 et
943 680 1023 725 quid
1059 680 1207 713 Christus
1236 692 1293 725 per
1321 685 1459 715 mortem
1489 682 1584 715 nobis
1616 683 1737 716 meruit
1767 689 1797 717 et

192 738 391 783 impetravit.

236 796 330 830 Unde
344 797 412 841 ipse
426 807 501 830 vere
517 796 636 829 dicitur
652 796 768 829 mundi
783 796 970 841 redemptor
985 800 1016 830 et
1030 797 1091 830 Dei
1105 796 1337 842 hominumque
1351 798 1528 832 mediator.
1547 799 1611 832 Sed
1627 799 1796 833 mediator

191 855 226 888 in
241 855 411 899 Scriptura
425 854 544 888 dieitur
564 855 653 888 solus
674 854 802 896 Filius;
835 854 1021 899 redemptor
1045 866 1123 888 vero
1144 855 1323 900 aliquando
1347 857 1445 890 etiam
1470 857 1567 890 Pater
1581 857 1632 890 vel
1651 856 1793 902 Spiritus
1810 874 1822 893 d

191 917 345 946 sanctus:
376 913 431 946 sed
449 913 509 946 hoc
537 917 669 958 propter
695 925 793 946 usum
821 914 1000 958 potestatis,
1031 925 1097 947 non
1125 919 1257 958 propter
1286 914 1522 948 exhibitionem
1550 915 1744 949 humilitatis
1764 921 1822 956 etd

192 971 384 1005 obedientiae
402 984 408 1005 :
425 984 501 1005 nam
520 973 700 1005 secundum
716 973 882 1017 potestatis
896 972 995 1005 simul
1012 976 1043 1005 et
1068 972 1259 1006 obedientiae
1280 984 1391 1015 usum,
1409 973 1514 1006 Filius
1529 973 1660 1018 proprie
1675 974 1795 1007 dicitur
1810 973 1822 986 ¹¹

194 1029 388 1076 Redemptor
402 1029 424 1072 ³,
440 1030 519 1075 quia
534 1030 568 1063 in
584 1042 617 1063 se
632 1030 775 1074 explevit
789 1042 845 1075 per
864 1042 935 1075 quae
956 1030 1129 1074 justificati
1153 1042 1280 1073 suniuS,
1298 1036 1330 1064 et
1345 1031 1449 1076 ipsam
1461 1032 1733 1076 justificationem
1749 1038 1796 1066 est
1811 1029 1823 1049 Ἀ

192 1094 345 1133 operatus
360 1089 505 1133 potentia
520 1088 648 1122 deitatis
661 1100 736 1121 cum
755 1088 851 1121 Patre
867 1093 897 1121 et
912 1088 1039 1133 Spiritu
1054 1094 1175 1122 sancto.
1201 1089 1258 1122 Est
1272 1101 1350 1133 ergo
1366 1090 1564 1134 redemptor,
1582 1092 1616 1125 in
1633 1096 1795 1137 quantum

192 1152 239 1180 est
252 1147 352 1189 Deus,
377 1147 543 1192 potestatis
570 1159 656 1189 usu3
686 1147 721 1179 in
747 1151 911 1192 quantum
945 1147 1057 1189 homo,
1087 1147 1284 1180 humilitatis
1311 1149 1443 1181 effectu.
1473 1149 1515 1182 Et
1543 1150 1662 1194 saepius
1677 1150 1797 1184 dicitur

192 1205 378 1250 redemptor
392 1205 572 1238 secundum
588 1205 840 1246 humanitatem,
866 1205 945 1249 quia
969 1205 1150 1238 secundum
1176 1217 1247 1238 eam
1273 1207 1356 1238 etin
1379 1218 1416 1239 ea
1430 1207 1582 1251 suscepit,
1600 1212 1631 1240 et
1646 1208 1797 1252 implevit

191 1264 250 1297 illa
275 1267 490 1306 sacramenta,
518 1274 592 1308 quae
623 1266 700 1297 sunt
725 1274 821 1297 causa
846 1267 966 1296 nostrae
993 1263 1238 1308 redemptionis.
1271 1264 1409 1309 Proprie
1434 1276 1512 1309 ergo
1543 1264 1648 1298 Filius
1676 1265 1797 1298 dicitur

192 1322 389 1367 redemptor.

1825 297 1914 320 Quomo-

1869 335 1901 355 1³oe
1908 340 1914 343 ·

1824 365 1856 378 :ini
1869 366 1916 380 MOS<

1824 397 1860 410 Ααιιι
1869 397 1916 417 por-

1853 424 1859 440 t

1829 812 1851 832 Si
1862 813 1918 833 solus

1825 843 1919 865 Chrislus

1826 874 1873 894 ebet
1884 876 1918 895 di-

1820 906 1838 924 vi
1863 905 1906 926 Re-

1826 939 1918 962 emptor,

1827 970 1831 986 t
1861 968 1919 988 sotus

1829 999 1906 1019 dicitur

1824 1029 1917 1050 Tediator

237 1380 303 1420 Qui
324 1381 414 1413 solus
435 1381 555 1414 dicitur
579 1380 750 1422 mediator,
779 1392 846 1413 non
870 1380 978 1422 Pater,
1004 1381 1055 1413 vel
1085 1380 1227 1425 Spiritus
1249 1384 1390 1414 sanctus.
1416 1381 1462 1413 De
1485 1392 1551 1426 quo
1567 1382 1744 1426 Apostolus
1760 1386 1792 1416 ³:
1812 1397 1841 1418 De
1871 1398 1918 1418 Me-

199 1439 286 1471 Utus
301 1437 464 1471 mediator
482 1438 542 1471 Dei
566 1445 596 1471 et
618 1438 789 1471 homimem
816 1439 912 1471 leomo
942 1438 1091 1472 Christus
1110 1440 1202 1471 Jeszcs
1216 1465 1223 1479 ,
1250 1438 1282 1471 id
1307 1443 1354 1471 est
1377 1450 1434 1483 per
1453 1439 1623 1472 hominem
1651 1440 1745 1484 quasi
1760 1440 1795 1473 in
1812 1429 1823 1449 ‘¹

194 1496 301 1530 medio
316 1497 438 1530 arbiter
452 1501 499 1530 est
513 1497 552 1531 ad
567 1497 826 1542 componendam
843 1508 953 1541 pacem
968 1499 991 1538 ³,
1007 1497 1039 1529 id
1056 1501 1102 1529 est
1118 1497 1158 1529 ad
1174 1496 1454 1530 reconciliandum
1474 1497 1624 1531 homines
1639 1498 1717 1531 Deo.
1735 1498 1796 1531 Hic

193 1555 327 1597 arbiter,
344 1567 442 1600 quem
456 1555 518 1588 Job
544 1554 705 1588 desiderat
719 1555 753 1586 ‘²2
787 1555 923 1588 [tinam
951 1561 1031 1587 esset
1059 1555 1151 1588 nobis
1180 1555 1313 1589 arbiter.
1335 1556 1552 1588 Reconciliati
1574 1556 1662 1589 enim
1684 1568 1797 1591 sumus

193 1614 273 1656 Deo,
295 1616 332 1646 ut
347 1613 392 1646 ait
405 1613 582 1658 Apostolus
597 1612 619 1653 ⁷,
629 1625 692 1658 per
707 1619 846 1646 mortem
863 1613 996 1646 Christi.
1022 1613 1116 1652 Quod
1132 1624 1199 1646 non
1214 1613 1258 1646 sic
1275 1613 1531 1658 intelligendum
1555 1619 1613 1657 est,
1632 1615 1726 1659 quasi
1738 1627 1798 1649 nos

193 1672 223 1705 ei
250 1672 295 1705 sic
323 1671 583 1705 reconciliaverit
605 1671 772 1713 Christus,
810 1676 847 1704 ut
875 1671 1033 1716 inciperet
1061 1683 1171 1705 amare
1195 1684 1278 1717 quos
1304 1672 1428 1714 oderat,
1459 1673 1543 1706 sicut
1569 1674 1798 1707 reconciliatur

192 1730 346 1764 inimicus
359 1730 505 1772 inimico,
519 1733 557 1763 ut
575 1729 692 1763 deinde
712 1730 777 1762 sint
797 1729 906 1772 amici,
931 1730 989 1774 qui
1009 1733 1083 1762 ante
1104 1741 1136 1763 se
1156 1729 1313 1763 oderant:
1339 1730 1395 1764 sed
1407 1731 1476 1775 jam
1492 1742 1551 1764 nos
1565 1731 1716 1775 diligenti
1730 1732 1798 1765 Deo

193 1788 394 1823 reconciliati
412 1799 539 1822 sumus.
562 1787 637 1821 Non
658 1787 747 1821 enim
770 1799 810 1821 ex
834 1799 901 1832 quo
929 1788 959 1821 ei
981 1788 1179 1821 reconciliati
1199 1800 1314 1822 sumus
1335 1800 1393 1834 per
1416 1790 1612 1833 sanguinem
1633 1790 1723 1833 Filii,
1739 1802 1798 1824 nos

193 1847 291 1893 coepit
305 1847 461 1891 diligere3
477 1846 534 1880 sed
548 1850 623 1879 ante
636 1846 812 1888 mundum,
836 1846 1031 1891 priusquam
1046 1859 1105 1880 nos
1128 1847 1256 1892 aliquid
1272 1859 1427 1882 essemus.
1446 1848 1518 1888 Quo
1535 1849 1631 1882 modo
1647 1860 1724 1893 ergo
1739 1861 1798 1883 nos

194 1905 344 1950 diligenti
367 1905 434 1938 Deo
454 1916 570 1938 sumus
593 1905 791 1938 reconciliati
811 1907 825 1937 ¹?
856 1905 995 1949 Propter
1018 1910 1187 1950 peccatum
1212 1917 1287 1939 cum
1309 1917 1347 1939 eo
1369 1907 1573 1940 habebamus
1594 1907 1796 1950 inimicitias,

195 1964 254 2009 qui
267 1963 407 1997 habehat
427 1974 506 2007 erga
528 1974 588 1996 nos
608 1962 813 2005 charitatem,
835 1963 934 1996 etiam
958 1975 1035 1996 cum
1059 1964 1250 1997 inimicitias
1272 1965 1505 1998 exercebamus
1529 1965 1684 1998 adversus
1707 1977 1796 2008 eum,

195 2022 360 2067 operando
374 2021 595 2067 iniquitatem.
613 2021 663 2055 Ita
677 2033 754 2065 ergo
769 2021 895 2054 inimici
911 2033 1042 2055 eramus
1057 2022 1136 2064 Deo,
1159 2022 1243 2055 sicut
1253 2023 1392 2067 justitiae
1408 2027 1484 2056 sunt
1499 2023 1633 2057 inimica
1646 2028 1795 2069 peccata:

195 2085 227 2115 et
240 2081 314 2114 ideo
337 2080 480 2114 dimissis
502 2079 639 2125 peccatis
661 2080 742 2112 tales
763 2079 945 2113 inimicitiae
967 2079 1144 2122 finiuntur,
1172 2085 1203 2113 et
1226 2081 1481 2114 reconciliantur
1502 2081 1604 2126 justo,
1627 2094 1710 2127 quos
1731 2082 1798 2127 ipse

191 2139 362 2184 justificat.
380 2138 529 2172 Christus
543 2149 620 2182 ergo
635 2138 755 2172 dicitur
770 2138 942 2180 mediator,
964 2150 1001 2172 eo
1015 2139 1104 2184 quod
1120 2139 1249 2172 medius
1262 2139 1349 2172 inter
1364 2139 1469 2172 Deum
1489 2144 1520 2172 et
1534 2139 1696 2183 homines,
1712 2140 1798 2185 ipsos

195 2197 382 2232 reconciliat
402 2197 480 2231 Deo.
502 2197 702 2230 Reconciliat
724 2201 846 2239 autem,
872 2197 952 2230 duni
974 2197 1172 2230 offendicula
1197 2197 1371 2231 hominum
1396 2197 1483 2231 tollit
1502 2198 1543 2231 ab
1558 2198 1661 2231 oculis
1675 2198 1746 2241 Dei,
1763 2198 1796 2232 id

1827 1431 1899 1449 iatore.

195 2261 254 2299 est,
270 2256 351 2290 dum
366 2260 494 2301 peccata
508 2256 606 2298 delet,
623 2256 745 2301 quibus
758 2255 847 2289 Deus
862 2255 1103 2298 offendebatur,
1125 2260 1156 2288 et
1177 2267 1235 2289 nos
1254 2255 1382 2290 inimici
1396 2255 1466 2300 ejus
1481 2267 1623 2290 eramus.
1642 2256 1706 2290 Sed
1721 2267 1795 2289 cum
1812 2281 1911 2305 ouaesno.

195 2319 325 2359 peccata
338 2314 445 2348 deleat
466 2325 533 2349 non
551 2313 641 2347 solus
661 2314 779 2356 Filius,
804 2313 859 2347 sed
882 2318 913 2347 et
933 2314 1044 2356 Pater,
1068 2318 1099 2346 et
1123 2314 1266 2359 Spiritus
1289 2318 1432 2356 sanctus,
1459 2325 1603 2359 quorum
1618 2314 1736 2347 deletio
1751 2319 1798 2347 est

198 2377 307 2407 nostra
329 2374 370 2407 ad
396 2373 503 2407 Deum
532 2373 764 2416 reconciliatio,
791 2384 894 2418 quare
921 2372 1011 2406 solus
1037 2372 1142 2406 Filius
1170 2372 1291 2406 dicitur
1320 2372 1502 2406 mediator?
1523 2372 1607 2406 Nam
1635 2373 1674 2406 de
1703 2373 1799 2406 Patre

198 2430 331 2474 legitur,
347 2432 434 2476 quod
450 2431 711 2465 reconciliaverit
725 2431 787 2464 sibi
803 2431 978 2465 mundum.
996 2431 1051 2463 Ait
1063 2431 1151 2464 enim
1166 2431 1345 2476 Apostolus
1360 2432 1370 2447 ³
1388 2443 1394 2463 :
1412 2432 1498 2464 Deus
1513 2437 1585 2464 erat
1600 2431 1636 2465 in
1653 2430 1796 2473 Christo,

197 2488 358 2522 mundum
374 2490 437 2523 sibi
454 2489 683 2524 reconcilians.
709 2489 792 2523 Cum
815 2501 892 2534 ergo
918 2489 1116 2531 reconciliet,
1142 2501 1245 2534 quare
1271 2500 1338 2523 non
1357 2489 1479 2522 dicitur
1505 2488 1688 2522 mediator?
1714 2489 1800 2529 Quia
1815 2499 1923 2526 Respous.

198 2557 258 2579 nec
271 2547 400 2580 medius
412 2552 459 2581 est
472 2548 558 2582 inter
570 2548 677 2582 Deum
691 2552 723 2581 et
737 2548 900 2591 homines,
918 2547 1024 2581 necin
1038 2559 1072 2580 se
1090 2547 1208 2580 habuit
1220 2548 1280 2581 illa
1292 2551 1507 2590 sacramenta,
1524 2558 1669 2593 quorum
1688 2546 1753 2581 fide
1767 2552 1800 2581 et

201 2605 383 2638 imitatione
394 2605 628 2649 justificamur,
642 2607 676 2640 id
695 2611 754 2650 est,
775 2607 1028 2641 reconciliamur
1046 2606 1124 2640 Deo.
1150 2606 1385 2640 Reconciliavit
1405 2617 1483 2649 ergo
1502 2617 1562 2639 nos
1576 2609 1644 2640 tota
1657 2606 1800 2640 Trinitas

234 2680 241 2695 ¹
258 2678 265 2702 Ι
282 2678 359 2708 Petra,
373 2682 400 2707 u,
411 2678 509 2701 24.-—²
520 2678 576 2702 Rom
589 2697 595 2709 ‚
613 2685 654 2709 ui,
671 2681 710 2703 23.
725 2693 754 2697 —
765 2680 775 2696 ³
792 2680 798 2703 1
816 2680 888 2710 Tim„
909 2685 937 2709 u,
948 2681 976 2709 6;
993 2678 1061 2708 Gal„
1078 2685 1118 2709 111,
1139 2680 1180 2709 ι3;
1199 2679 1257 2708 lm„
1270 2684 1324 2708 xm,
1338 2679 1363 2701 4.
1374 2690 1398 2694 —
1411 2678 1439 2701 δ1
1457 2677 1636 2707 Tz·m.,11,5.‡-
1651 2678 1710 2702 ⁵11³
1725 2680 1799 2710 Aug„

203 2721 228 2737 m
237 2714 278 2737 Ps.
290 2718 346 2742 cni,
356 2713 396 2741 26,
407 2713 511 2743 Enni-12,
523 2719 549 2737 n.
562 2716 584 2737 8.
594 2715 641 2731 --θ
655 2715 699 2737 Jo'»
711 2721 768 2746 ‚1x‚
779 2717 808 2739 33
822 2723 827 2738 ;
840 2715 980 2739 secundum
996 2715 1070 2744 Lxx,
1084 2714 1114 2738 ‘O
1127 2723 1214 2745 uem:
1229 2716 1304 2744 ἡμῶν.
1315 2726 1345 2731 -
1355 2713 1364 2729 ‘¹
1377 2713 1453 2739 Rom..
1467 2718 1489 2740 V,
1505 2714 1573 2736 10.-
1587 2713 1596 2728 Β
1612 2713 1629 2737 Η
1646 2713 1749 2744 C01·.‚V,
1763 2716 1799 2738 19.
