2017 2960
278 184 335 213 320
714 219 716 221 Ι

313 249 400 286 Item,
412 248 553 279 Christus
569 250 635 277 erat
651 246 745 276 simul
762 247 916 285 perfectus
931 247 1043 284 viator,

271 304 302 332 et
320 303 563 342 comprehensor
582 313 587 332 :
605 301 657 331 5611
678 300 803 339 utrique
822 299 916 329 statui
934 308 1043 329 116665-

271 356 352 385 saria
367 358 409 385 est
428 355 567 393 cognitio
584 363 591 383 :
609 362 685 391 crgo
711 353 791 382 sicut
812 352 924 382 habuit
944 352 1045 382 scien-

271 408 347 438 tiam
370 408 507 438 debitam
530 406 624 436 staini
654 405 940 445 comprehensoris,
967 414 1044 444 cog-

271 461 426 492 noscendo
441 470 490 490 res
506 460 538 489 in
550 459 616 498 ipso
632 459 746 496 Verbo,
763 459 805 490 ita
823 459 947 489 videtur
960 459 1044 499 quod

271 514 379 543 habuit
398 513 560 543 scientium
576 513 819 543 convenientem
835 513 930 544 statui
947 513 1045 544 viato-

270 567 325 604 ris,
341 565 558 605 cognoscendo
574 575 623 596 res
638 565 671 596 111
686 566 807 606 seipsis.

526 685 787 717 CONCLUSIO.

272 774 372 799 Anima
387 772 487 799 Christi
495 774 594 807 practer
605 773 780 805 ‹*‹:›9711't1'‹;›nem
793 792 799 799 .
812 779 890 805 quam
907 772 1001 798 habuit
1017 774 1045 798 z'n

311 817 405 850 33*er
420 817 515 843 habuit
526 818 606 843 etiam
622 818 798 849 cognitionem
814 824 899 843 rerum
916 826 932 843 a
949 818 1042 849 Verbo,

308 861 336 886 [ιί
350 865 401 893 est,
420 863 446 887 in
460 870 485 887 56
500 864 524 888 et
538 863 564 887 111
578 863 690 896 proprio
705 869 805 895 ycnerc.

313 941 403 980 llesp.
421 941 458 972 ad
474 951 542 980 arg.
562 941 690 981 Absque
706 941 802 971 (lubio
811 941 1047 971 concedendum

273 996 333 1031 cst,
349 993 432 1032 qnod
454 996 567 1033 praeter
587 994 801 1033 cognitionem
823 1003 920 1033 qnam
937 994 1048 1023 habuit

273 1046 379 1076 anima
395 1046 507 1076 Christi
523 1047 555 1076 in
571 1047 638 1086 ipso
653 1046 767 1085 Verbo,
784 1056 856 1086 quae
872 1049 918 1077 est
933 1046 1048 1085 cogni-

273 1099 315 1129 tio
338 1099 491 1138 gloriosa,
520 1099 631 1130 habuit
655 1100 872 1138 cognitionem
893 1109 911 1130 a
933 1099 1046 1136 Verbo,

273 1162 346 1191 quae
368 1155 414 1182 est
438 1153 577 1191 cognitio
604 1153 716 1192 gratiae
737 1157 836 1192 gratis
862 1154 961 1190 datae3
986 1163 1049 1192 qua

274 1205 370 1235 etiam
390 1205 574 1244 cognitione
598 1206 759 1245 cognoscit
781 1206 921 1236 Christus
943 1214 992 1235 res
1016 1205 1047 1235 in

275 1258 382 1297 seipsis
400 1268 455 1298 per
470 1259 586 1298 species
608 1259 635 1289 ei
659 1259 774 1289 inditas
789 1259 828 1289 ab
849 1259 917 1298 ipso
939 1258 1049 1288 condi-

274 1311 368 1341 tionis
404 1312 576 1351 primordio
590 1335 597 1348 ,
624 1312 705 1342 sicut
736 1312 794 1342 fuit
827 1312 860 1342 in
890 1311 1049 1342 intellectu

274 1364 366 1402 Adae,
384 1364 434 1393 vel
452 1364 547 1394 etiam
563 1364 595 1394 in
610 1364 769 1395 intellectu
792 1364 935 1403 angelico
950 1368 969 1394 ¹.
988 1364 1049 1394 Ra—

274 1417 317 1447 tio
333 1419 439 1446 autem
462 1417 561 1455 hujus
584 1419 630 1446 est
652 1417 799 1456 perfectio
815 1417 914 1456 ipsius
933 1417 1049 1447 animae

274 1468 404 1506 Christi,
430 1478 502 1508 quae
528 1478 590 1499 non
614 1471 738 1499 tantum
761 1470 869 1500 debuit
890 1479 956 1500 esse
977 1479 1048 1510 per-

273 1522 351 1552 fecta
373 1522 547 1552 secundum
569 1522 765 1561 superiorem
782 1522 976 1562 portionem,
993 1533 1048 1554 ve-

273 1584 345 1605 rum
359 1575 454 1605 etiam
472 1575 649 1605 secundum
671 1575 868 1613 inferiorem,
886 1578 917 1606 et
936 1585 1050 1606 5661111-

273 1628 350 1658 1111111
373 1630 493 1668 partem
511 1628 708 1666 sensibilem,
726 1638 791 1659 non
808 1630 933 1659 tantum
949 1638 1050 1668 quan-

273 1683 344 1712 tum
368 1682 406 1712 ad
422 1684 538 1712 statum
555 1682 681 1722 patriae,
699 1691 811 1712 verum
831 1682 925 1712 etiam
946 1691 1049 1721 quan-

274 1737 343 1764 tum
358 1735 397 1765 ad
414 1737 531 1765 statum
546 1734 619 1772 viae,
634 1734 689 1774 qui
704 1734 822 1774 duplex
837 1737 894 1770 est,
906 1734 1050 1766 videlicet

274 1788 482 1823 innocentiae‚
509 1790 539 1818 et
553 1790 676 1818 naturae
698 1788 804 1827 lapsae.
822 1787 860 1818 Et
874 1788 1048 1818 secundum

272 1842 331 1872 hoc
358 1842 499 1872 Christus
526 1842 637 1872 habuit
660 1841 813 1881 triplicem
835 1841 1048 1880 cognitionem

274 1894 323 1924 isti
355 1894 469 1933 triplici
495 1894 590 1924 statui
619 1895 879 1932 convenientem,
905 1894 1049 1924 videlicet

274 1947 487 1986 cognitionem
516 1947 627 1986 gloriae
639 1971 647 1984 ,
679 1948 896 1986 cognitionem
926 1949 1047 1978 naturae

275 1999 425 2038 integrae,
444 2002 474 2030 et
489 2000 705 2039 cognitionem
730 2001 862 2040 poenalis
880 2001 1047 2040 experien-

274 2053 344 2090 tize,
362 2055 396 2083 111
412 2053 450 2083 de
465 2053 562 2093 quolil
575 2055 605 2083 et
619 2056 701 2083 statu
722 2054 841 2093 aliquid
856 2055 887 2084 in
903 2064 935 2084 se
949 2054 1046 2084 habe-

274 2108 330 2135 ret.
351 2106 481 2143 Rursus,
499 2106 575 2145 quia
590 2106 725 2145 perfecta
740 2106 799 2137 fuit
814 2107 921 2137 anima
935 2106 1047 2138 Christi

274 2161 432 2197 quantum
461 2159 499 2188 ad
524 2159 738 2197 cognitionem
763 2169 827 2190 non
851 2160 955 2190 solum
979 2169 1047 2190 res-

274 2214 366 2251 pectu
396 2212 677 2250 cognoscibilium,
703 2213 756 2243 sed
785 2213 879 2242 etiam
905 2214 1047 2252 respectu

274 2265 442 2295 modorum
458 2265 683 2304 cognoscendi;
703 2266 772 2296 ideo
788 2274 863 2295 cum
878 2274 928 2295 res
945 2265 1048 2304 tripli-

274 2318 349 2349 citer
364 2319 425 2348 sint
441 2318 684 2357 cognoscibiles,
700 2319 874 2349 secundum
892 2317 975 2357 quod
990 2318 1047 2348 tri-

273 2372 395 2411 pliciter
418 2371 535 2401 1111116111
557 2380 623 2401 esse
644 2381 651 2402 :
677 2371 794 2402 habent
818 2371 903 2402 enim
928 2380 994 2401 esse
1015 2371 1047 2401 in

273 2423 391 2462 verbo,
407 2423 524 2454 habent
544 2433 610 2454 esse
626 2424 658 2453 in
676 2424 836 2455 intellectu
850 2426 970 2461 creato,
986 2423 1046 2454 ha-

274 2477 348 2508 bent
369 2477 578 2507 nihilominus
603 2486 670 2507 esse
699 2477 731 2506 in
760 2477 886 2517 proprio
908 2485 1044 2516 genere:

276 2530 344 2561 ideo
363 2531 400 2561 ad
420 2531 481 2561 hoc
500 2530 584 2570 quod
609 2530 784 2560 intellectus
800 2530 916 2561 animae
934 2530 1047 2560 Christi

275 2583 399 2623 plenam
423 2584 461 2614 de
481 2584 576 2614 rebus
597 2583 811 2623 cognitionem
830 2583 974 2620 haberet,
997 2592 1048 2613 res

310 2646 315 2660 ¹
339 2645 470 2669 eon-enm
488 2646 512 2669 S.
533 2644 659 2675 Thomas,
677 2645 718 2674 ΙΙΙ,
735 2652 758 2675 q.
777 2651 811 2675 ix,
835 2647 881 2669 art.
905 2647 927 2669 2.
951 2645 1045 2669 Contra

828 179 1139 211 SENTENTIARUM
1161 180 1234 211 LlB.
1261 181 1312 211 ill.

1103 247 1253 285 cognovit
1277 247 1334 278 ista
1354 248 1467 288 triplici
1485 250 1677 289 cognitione.
1694 251 1732 282 Et
1754 253 1799 283 sic
1821 262 1873 293 pa-

1102 302 1162 338 tet,
1180 301 1264 340 quod
1280 301 1386 332 anima
1399 302 1511 333 Christi
1531 313 1595 334 non
1618 306 1741 335 tantum
1762 305 1874 337 habuit

1102 353 1316 392 cognitionem
1335 363 1442 385 rerum
1460 356 1493 386 in
1513 356 1625 395 Verbo,
1646 359 1808 389 sedetiam
1833 362 1874 398 (a)

1102 415 1120 435 a
1143 405 1242 437 Verbo
1261 417 1267 437 ε
1284 407 1515 447 cognitionem,
1537 410 1666 450 inquam
1679 435 1687 450 ‚
1718 421 1782 442 non
1802 415 1874 442 tan·
1899 415 1904 419 ’

1103 460 1172 488 tum
1192 459 1343 499 simplicis
1364 461 1500 499 notitiae,
1524 472 1636 493 verum
1660 464 1754 495 etiam
1776 474 1875 505 expe-

1102 511 1235 542 rientiae.
1269 512 1356 544 Patet
1382 515 1476 545 etiam
1500 516 1615 546 harum
1640 517 1739 548 trium
1764 518 1876 557 cogni-

1104 564 1225 595 tionum
1244 566 1447 604 sufficientia,
1464 568 1631 599 necessitas
1650 571 1681 599 et
1702 570 1873 609 distinctio,

1103 626 1175 656 quae
1192 620 1291 657 potest
1307 619 1389 649 sumi
1407 619 1455 650 vel
1470 630 1511 650 ex
1529 623 1617 660 parte
1637 621 1755 652 virium
1768 646 1776 659 ,
1792 623 1876 653 scili-

1103 672 1151 700 cet
1165 671 1337 710 superioris
1352 672 1493 710 rationis,
1510 673 1684 711 inferioris,
1702 676 1734 704 et
1746 684 1874 706 sensua-

1103 722 1217 761 litatis3
1236 724 1284 755 vel
1301 734 1341 755 ex
1357 728 1444 765 parte
1467 728 1623 765 statuum,
1640 727 1785 758 videlicet
1804 728 1877 767 glo-

1104 776 1170 814 1131,
1198 777 1397 817 innocentiae,
1423 781 1453 809 et
1477 781 1601 810 naturae
1624 780 1740 820 lapsae3
1766 781 1816 812 vel
1838 790 1878 812 ex

1105 833 1191 870 parte
1227 831 1394 862 modorum
1431 833 1660 871 cognoscendi,
1698 833 1813 864 scilicet
1843 834 1877 864 in

1107 883 1216 922 Verbo,
1237 885 1270 914 in
1288 894 1331 922 se,
1355 888 1385 916 et
1408 886 1440 915 in
1465 895 1583 925 genere
1608 887 1746 926 proprio.
1772 887 1811 918 Et
1834 888 1877 918 sic

1104 940 1203 976 patet,
1219 938 1304 977 quod
1324 939 1430 969 anima
1444 938 1572 977 Christi,
1590 941 1703 978 praeter
1727 940 1878 979 cognitio-

1104 999 1177 1020 nem
1194 1000 1292 1030 quam
1314 991 1426 1021 habuit
1446 991 1479 1021 in
1499 990 1618 1030 Verbo,
1636 992 1748 1022 habuit
1766 993 1879 1032 cogni-

1104 1043 1225 1074 tionem
1237 1053 1347 1074 rerum
1364 1044 1396 1074 111
1411 1053 1458 1082 56,
1484 1046 1514 1074 et
1530 1044 1564 1074 in
1580 1053 1697 1083 genere
1721 1045 1850 1085 proprio
1868 1057 1874 1075 z

1104 1099 1134 1127 et
1164 1097 1207 1127 sic
1238 1097 1372 1128 ulterius
1396 1099 1480 1137 patet
1505 1098 1590 1137 qnod
1613 1098 1720 1128 anima
1744 1098 1876 1138 Christi,

1104 1152 1220 1189 praeter
1237 1151 1448 1189 cognitionem
1470 1160 1567 1190 quam
1583 1151 1694 1182 hahuit
1713 1151 1746 1181 in
1762 1151 1876 1191 Verbo,

1104 1202 1217 1233 habuit
1237 1203 1331 1233 aliam
1351 1203 1565 1242 cognitionem
1579 1214 1598 1235 a
1617 1204 1729 1235 Verbo.
1747 1204 1785 1235 Et
1807 1214 1879 1235 oon-

1104 1256 1249 1286 cedendae
1263 1259 1338 1287 sunt
1354 1257 1492 1287 rationes
1505 1267 1540 1287 ac
1554 1257 1626 1287 hoc.

1146 1313 1173 1339 1.
1191 1309 1238 1339 Ad
1254 1309 1331 1340 illud
1346 1310 1430 1349 quod
1444 1310 1548 1349 primo
1562 1310 1734 1350 opponitur
1749 1310 1787 1341 de
1801 1320 1878 1341 auc-

1104 1362 1227 1392 toritate
1245 1362 1443 1401 Damasceni,
1462 1363 1630 1393 dicendum
1647 1363 1732 1403 quod
1752 1363 1878 1394 Damas-

1104 1424 1201 1445 cenus
1236 1424 1300 1446 non
1336 1416 1404 1447 vult
1440 1416 1603 1454 assignare
1636 1416 1878 1447 similitudinem

1104 1470 1263 1506 quantum
1287 1468 1325 1498 ad
1349 1468 1473 1506 omnia,
1497 1469 1550 1499 sed
1568 1471 1725 1508 quantum
1744 1469 1783 1500 ad
1799 1469 1876 1508 1106,

1104 1521 1189 1560 quod
1210 1521 1291 1552 516111
1313 1530 1385 1551 caro
1407 1521 1520 1552 Christi
1544 1530 1609 1552 non
1629 1524 1709 1552 esset
1732 1522 1877 1553 vivifica—

1104 1573 1180 1611 tiva,
1197 1574 1257 1604 nisi
1272 1574 1380 1604 fuisset
1395 1574 1455 1613 ipsi
1471 1574 1573 1604 Verbo
1588 1574 1678 1605 unita
1691 1585 1697 1604 ι
1712 1574 1756 1605 516
1770 1575 1879 1606 anima

1105 1625 1217 1656 Christi
1252 1627 1407 1666 ignorans
1442 1629 1521 1657 esset
1543 1629 1573 1657 et
1596 1627 1794 1667 imperfecta,
1818 1627 1878 1658 nisi

1104 1679 1213 1710 fuisset
1240 1680 1330 1710 unita
1353 1689 1426 1710 cum
1451 1680 1606 1719 sapientia
1632 1681 1768 1720 perfecta
1791 1690 1799 1711 :
1825 1681 1879 1711 sed

1104 1734 1231 1772 propter
1252 1732 1338 1762 illam
1359 1733 1511 1763 unionem
1526 1733 1620 1763 habet
1638 1733 1743 1763 omnis
1765 1733 1877 1773 cogni-

1104 1785 1199 1815 tionis
1212 1785 1445 1824 perfectionem.

1144 1841 1172 1868 Ξ.
1192 1838 1239 1868 Ad
1255 1838 1334 1869 illud
1349 1839 1434 1878 quod
1453 1838 1602 1878 objicitur
1622 1839 1776 1877 secundo,
1793 1839 1877 1878 quod

1103 1891 1201 1922 unius
1219 1892 1263 1922 rei
1280 1901 1344 1922 una
1358 1894 1404 1922 est
1418 1892 1582 1931 perfectio,
1603 1891 1773 1922 dicendum
1792 1892 1877 1932 quod

1103 1954 1218 1975 verum
1233 1947 1279 1975 est
1291 1945 1465 1975 secundum
1481 1954 1584 1975 unum
1605 1945 1752 1983 modum,
1768 1946 1799 1975 et
1813 1946 1878 1976 sta-

1103 2000 1184 2037 tum,
1200 2001 1231 2029 et
1245 1999 1417 2038 potentiam
1437 2010 1442 2029 :
1461 1998 1514 2029 sed
1530 1999 1606 2038 quia
1620 1999 1654 2029 in
1670 1998 1777 2029 anima
1792 1998 1877 2029 Chri-

1104 2051 1143 2081 sti
1153 2053 1199 2082 est
1211 2052 1408 2083 considerare
1423 2051 1637 2082 diversitatem
1649 2051 1874 2091 potentiarum,

1103 2105 1133 2134 et
1153 2106 1309 2142 statuum,
1325 2106 1355 2135 et
1370 2104 1538 2135 modorum
1556 2103 1767 2143 cognoscendi
1781 2115 1788 2141 3
1805 2104 1875 2135 ideo

1103 2157 1183 2188 nihil
1199 2157 1346 2197 impedit,
1363 2158 1440 2197 quin
1461 2157 1636 2188 secundum
1660 2157 1873 2188 diversitatem

1102 2211 1219 2241 horum
1253 2211 1393 2242 diversas
1414 2210 1528 2241 haheat
1557 2210 1754 2249 cognitiones
1781 2209 1873 2250 perfi-

1103 2264 1231 2294 cientes.

1144 2319 1172 2347 3.
1195 2317 1243 2347 Ad
1266 2316 1343 2347 illud
1367 2317 1453 2356 quod
1476 2316 1636 2356 objicitur,
1657 2315 1741 2354 quod
1756 2324 1872 2355 super—

1103 2369 1207 2400 fluum
1221 2371 1267 2400 est
1281 2370 1381 2400 facere
1397 2378 1452 2409 per
1467 2369 1557 2409 plura
1571 2367 1656 2408 quod
1670 2369 1782 2406 potest,
1799 2370 1870 2406 etc„

1102 2421 1272 2453 dicendum
1295 2422 1381 2462 quod
1404 2431 1517 2454 verum
1531 2423 1588 2459 est,
1605 2420 1630 2450 si
1646 2420 1701 2450 fiat
1715 2429 1806 2460 aeque
1820 2420 1872 2452 be-

1103 2484 1154 2514 ne,
1171 2477 1201 2506 et
1215 2484 1306 2515 aeque
1323 2475 1532 2512 sufficienter;
1545 2473 1588 2504 sic
1598 2474 1705 2503 autem
1716 2481 1782 2503 non
1792 2475 1872 2503 esset

1102 2529 1137 2559 in
1155 2529 1330 2569 proposito,
1358 2529 1434 2568 quia
1457 2537 1522 2559 non
1542 2528 1586 2558 ita
1608 2527 1738 2558 haberet
1763 2526 1871 2557 anima

1102 2609 1149 2633 hos
1162 2608 1269 2639 insurgit
1283 2610 1373 2633 scotus
1387 2608 1441 2638 hic,
1454 2614 1478 2638 q.
1496 2613 1536 2637 111,
1548 2607 1582 2631 lbi
1603 2614 1608 2631 ;
1630 2606 1722 2630 Contra
1739 2606 1871 2630 conclusio-

1102 2651 1156 2668 nem
1170 2645 1297 2675 arquitur.
1310 2657 1340 2662 —
1353 2643 1385 2675 (a)
1403 2643 1472 2667 Edit.
1491 2642 1547 2667 Veu.
1560 2641 1618 2666 add.
1633 2648 1728 2666 rerum.
