2017 2960
63 2421 174 2473 Oblffi‘if
188 2425 235 2454 est
248 2425 377 2464 propter
392 2423 582 2455 mandatum
596 2421 746 2453 divinum
759 2430 767 2459 3
788 2419 966 2451 secundum

99 2493 104 2504 ‚
130 2491 148 2505 x.
189 2479 236 2508 est
265 2478 393 2517 propter
421 2479 534 2509 votum
563 2475 735 2514 emissum;
761 2474 893 2505 tertium
920 2475 967 2505 est

659 153 756 184 DIST.
780 153 870 185 XXX.
894 153 985 186 ART.
1010 153 1034 184 Ι.
1058 153 1208 191 QUAEST.
1231 151 1285 184 ΙΙΙ.

168 215 215 247 dit
243 217 429 249 charitatem
450 218 666 260 imperfectam
690 220 725 251 in
749 221 912 252 infinitum
937 231 945 252 ε

168 279 243 301 cum
258 280 336 310 ergo
352 273 485 303 mortale
509 274 632 304 excedit
647 274 770 305 veniale
790 275 821 304 in
837 275 947 305 infini-

167 324 238 353 tum
250 347 260 362 ,
277 325 363 363 quod
386 328 433 356 est
453 327 577 358 veniale
599 328 800 368 imperfecto,
817 338 883 359 non
902 330 949 359 est

168 377 301 407 mortale
321 379 467 417 perfecto,
497 383 653 420 quantum
676 383 722 412 est
744 382 782 412 de
798 382 865 421 ipso
888 390 948 421 ge-

168 438 244 460 nere
261 432 360 462 status
377 443 384 463 :
401 442 479 472 ergo
494 443 558 465 non
573 435 701 466 videtur
718 436 803 476 quod
826 437 948 476 perfec-

169 483 213 513 tio
228 483 390 516 charitatis
405 487 524 527 obliget
536 489 700 520 hominem
717 489 756 520 ad
771 499 867 530 opera
881 499 950 529 per-

169 536 323 569 fectionis.
354 540 384 570 Si
407 541 493 571 enim
516 541 683 581 obligaret,
702 543 772 582 jam
788 543 950 574 videretur

170 591 256 630 quod
278 593 436 633 perfectus
451 595 502 626 vir
519 598 600 627 esset
615 597 732 636 peloris
747 598 948 629 conditionis.

431 727 693 760 CONCLUSIO.

173 808 327 836 Charitatis
344 811 448 843 status,
470 814 601 845 quantum
617 814 654 838 est
674 812 705 839 de
721 819 761 844 se,
779 820 832 839 non
846 812 952 846 oblique

208 853 244 880 ad
259 861 290 880 ea
305 862 363 888 quae
374 856 552 889 perfectionis
565 859 642 889 sunt,
659 858 715 883 nisi
729 857 859 884 adveniat
876 865 952 884 man-

208 898 321 932 datum,
342 903 448 935 votum,
465 902 596 936 officium,
618 902 742 930 scandali
757 903 890 937 evitatio,
910 903 953 929 vel

209 945 376 972 conscientiae
386 945 530 980 judicium.

214 1025 306 1066 Resp.
323 1027 363 1057 ad
375 1036 446 1066 arg.
464 1027 512 1058 Ad
526 1027 752 1067 praedictorum
770 1027 952 1067 intelligen-

174 1079 251 1109 tiam
261 1082 307 1110 est
316 1081 506 1119 notandum,
521 1081 607 1120 quod
618 1081 786 1121 multiplex
797 1083 841 1111 est
851 1090 954 1120 genus

174 1133 387 1173 perfectionis⁷
398 1136 429 1164 et
439 1134 607 1174 multiplex
624 1137 670 1165 est.
685 1135 765 1165 ratio
776 1134 951 1173 obligandi.

174 1186 322 1227 Quinque
337 1188 424 1218 enim
439 1187 639 1227 perfectionis
649 1197 768 1227 genera
782 1197 955 1218 consueve-

173 1244 252 1272 runt
262 1242 430 1281 distingui.
448 1241 555 1272 Prima
567 1245 614 1273 est
632 1242 783 1282 perfectio
798 1242 956 1272 sufficien-

173 1295 238 1332 tiae,
256 1305 329 1335 quae
344 1295 486 1326 consistit
501 1295 534 1325 in
549 1295 774 1335 adimpletione
791 1295 956 1326 mandato-

174 1357 248 1379 rum
262 1360 269 1387 ;
285 1352 316 1380 et
330 1349 368 1380 de
387 1349 448 1380 hac
463 1349 593 1380 dicitur¹
608 1351 734 1381 :Estote
749 1350 892 1388 perfecti,
906 1350 955 1381 εἰ-

175 1405 229 1434 cut
249 1405 342 1442 pater
364 1405 467 1434 vester
490 1403 622 1434 coelestis
638 1403 797 1442 perfectus
818 1406 876 1435 est.
898 1402 956 1433 Se-

176 1456 281 1487 cunda
304 1459 350 1487 est
373 1457 523 1496 perfectio
538 1456 714 1496 religionis,
731 1466 804 1496 quae
817 1456 958 1487 consistit

175 1509 209 1539 in
231 1509 434 1540 observantia
457 1509 681 1547 consiliorum;
707 1512 738 1540 et
753 1509 862 1540 dehac
879 1509 956 1540 dici-

175 1565 250 1593 tur²
268 1573 275 1593 ι
295 1563 332 1594 Si
345 1564 397 1595 vis
415 1564 575 1603 perfectus
597 1572 672 1602 esse,
698 1563 792 1601 vade,
815 1566 843 1595 et
857 1563 957 1595 vende

176 1617 286 1648 omnia
308 1625 379 1657 quoe
401 1617 508 1656 habes,
534 1620 594 1649 ete.
620 1617 725 1648 Tertia
748 1619 795 1648 est
810 1616 958 1657 perfectio

177 1670 393 1710 praelationis,
407 1680 481 1711 quae
496 1671 637 1702 consistit
654 1671 688 1702 in
702 1671 864 1710 regimine
879 1670 958 1700 sub-

177 1723 338 1762 ditorum;
362 1726 394 1755 et
421 1724 460 1755 de
490 1724 551 1755 hae
579 1724 695 1755 dicitur
719 1724 729 1740 ³
761 1733 767 1753 :
798 1723 958 1762 Perfectus

178 1779 283 1810 omnis
298 1780 372 1818 erit,
385 1780 416 1810 si
432 1779 476 1811 sit
489 1780 573 1811 sicul
586 1778 738 1819 maqister
748 1777 828 1816 ejus.
842 1777 960 1814 Quarta

178 1834 226 1863 est
249 1833 399 1872 perfectio
417 1833 631 1873 operationis,
659 1841 733 1872 quae
760 1831 904 1862 consistit
926 1830 960 1860 in

179 1886 360 1917 ostensione
373 1887 612 1927 exemplorum3
631 1888 660 1917 et
676 1886 714 1917 de
729 1886 789 1917 hac
803 1885 919 1916 dicitur
929 1884 958 1916 4ἰ

180 1939 244 1971 Noe
260 1939 548 1980 virjustus,atque
561 1940 722 1980 perfectus
737 1941 774 1971 in
786 1939 962 1979 qenai-acio-

180 1992 277 2024 m‘bus
290 1995 371 2025 suis.
389 1994 506 2031 Quinta
523 1996 569 2024 est
583 1993 731 2034 perfectio
749 1992 962 2032 tranquillita-

180 2046 231 2086 tis⁷
256 2056 330 2087 quae
348 2047 490 2079 consistit
504 2048 538 2078 in
555 2047 831 2079 consummatione
843 2045 963 2077 difficil-

180 2100 334 2132 limorum
349 2103 381 2132 et
395 2101 591 2141 optimorum
604 2112 611 2139 ;
627 2103 658 2132 et
673 2101 711 2132 de
724 2101 784 2131 hac
798 2100 914 2131 dicitur
927 2102 936 2118 ὃ
953 2110 959 2130 ;

181 2154 330 2193 Perfecta
349 2154 494 2187 charitas
518 2155 607 2194 foras
628 2154 731 2186 mittit
754 2154 910 2186 timorem.
925 2152 964 2184 Et

182 2206 397 2248 Philosophus
408 2209 483 2240 dicit
491 2208 513 2247 ⁶,
525 2208 611 2248 quod
625 2208 762 2248 perfecta
772 2207 876 2238 virtus
886 2206 964 2246 opti-

183 2271 314 2293 morum
340 2264 387 2293 est
408 2262 582 2302 operativa.
605 2261 757 2292 Similiter
778 2260 962 2299 intelligen-

184 2316 264 2347 dum
278 2318 336 2354 est,
353 2316 438 2356 quod
451 2315 593 2355 quinque
607 2315 712 2346 modis
726 2314 891 2353 obligatur
906 2313 965 2344 ali-

187 2369 259 2410 quis
282 2369 322 2400 ad
338 2369 426 2400 aliud
444 2379 451 2400 :
472 2369 616 2409 primum
637 2377 742 2408 genus
761 2367 965 2406 obligationis

188 2532 317 2571 propter
340 2531 483 2562 officium
511 2531 714 2570 susceptum3
744 2529 896 2569 quartum
921 2528 968 2558 est

190 2586 318 2623 propter
331 2584 500 2616 vitandum
516 2584 719 2621 scandalum3
746 2582 897 2623 quintum
922 2583 969 2612 est

223 2646 345 2679 ¹Mamz„
358 2652 384 2676 v,
397 2650 435 2672 48.
448 2648 498 2666 —2
511 2647 586 2679 Ibid„
602 2653 657 2678 xix,
674 2649 714 2671 21.
726 2658 756 2664 —
768 2645 778 2662 ³
791 2645 859 2676 Luc„
875 2650 911 2676 Vl,
927 2646 968 2670 40.

371 2687 448 2712 Tou.
467 2687 513 2710 1v.

1720 157 1780 186 673

1004 223 1134 262 propter
1161 220 1362 252 conscientiae
1390 219 1559 259 judicium.
1595 221 1674 252 Cum
1702 231 1781 261 ergo

1004 276 1162 315 quaeritur
1178 278 1289 306 utrum
1310 275 1407 305 homo
1422 274 1457 304 in
1474 274 1611 313 perfecta
1631 275 1782 305 charitate

1005 329 1142 360 existens
1158 331 1302 360 teneatur
1322 328 1361 359 ad
1378 336 1474 367 opera
1499 327 1710 367 perfectionis,
1733 329 1780 358 di-

1005 383 1141 413 cendum
1158 382 1254 422 quod,
1272 382 1298 412 si
1316 381 1465 422 perfectio
1484 381 1657 420 accipiatur
1678 381 1782 420 primo

1005 436 1111 474 modo,
1124 436 1269 466 videlicet
1284 445 1340 475 pro
1354 435 1544 475 perfectione
1552 434 1696 474 justitiae,
1709 443 1783 474 quae

1006 490 1148 520 consistit
1176 490 1209 520 in
1234 489 1418 529 impletione
1454 489 1702 527 mandatorum,
1741 487 1785 518 sic

1006 543 1169 583 obligatur
1197 543 1236 574 ad
1262 542 1349 573 illam
1373 543 1619 582 perfectionem,
1654 542 1735 572 sicut
1756 544 1786 571 et

1007 596 1059 626 alii
1088 607 1095 627 ε
1127 599 1157 627 et
1176 605 1214 627 eo
1233 596 1340 636 magis
1359 596 1397 626 de
1418 596 1501 627 bono
1526 598 1557 626 et
1584 605 1691 636 aequo,
1721 604 1786 635 quo

1007 650 1113 689 majus
1127 650 1268 690 percepit
1281 650 1415 687 donum,
1432 659 1488 690 per
1503 650 1589 690 quod
1610 649 1708 690 possit
1726 649 1786 679 im-

1007 702 1094 742 plere
1110 702 1259 733 divinum
1276 703 1475 734 mandatum.
1493 703 1524 734 Si
1544 705 1652 733 autem
1671 702 1787 742 loqua-

1008 765 1082 787 mur
1099 757 1137 787 de
1162 757 1234 788 aliis
1258 757 1431 797 generibus
1450 757 1662 797 perfectionis,
1682 757 1789 788 dicen-

1008 811 1087 841 dum
1102 811 1188 851 quod
1203 821 1267 842 non
1292 811 1454 850 obligatur
1477 811 1575 842 homo
1597 812 1737 841 existens
1754 810 1789 841 in

1009 865 1146 904 perfecta
1169 865 1321 896 charitate
1348 865 1387 895 ad
1410 865 1475 902 illa,
1501 867 1659 905 quantum
1678 866 1724 895 est
1749 873 1789 894 ex

1009 918 1205 957 obligatione
1220 918 1321 949 divini
1336 919 1479 949 mandati
1505 929 1512 949 ε
1531 928 1589 949 nec
1604 918 1694 949 aliter
1707 917 1789 948 obli-

1009 975 1122 1011 gatur,
1149 972 1212 1002 nisi
1241 972 1435 1002 interveniat
1463 971 1592 1012 aliquod
1620 971 1789 1003 vinculum

1010 1025 1225 1065 sequentium,
1244 1025 1391 1056 videlicet
1404 1027 1516 1056 votum
1534 1034 1589 1065 per
1602 1025 1689 1065 quod
1711 1025 1790 1056 obli-

1009 1081 1107 1118 gatur
1135 1079 1173 1109 ad
1190 1079 1414 1119 perfectionem
1446 1078 1630 1118 religionis3
1652 1079 1704 1110 vel
1720 1079 1792 1109 offi-

1010 1135 1095 1165 cium
1135 1137 1339 1175 susceptum,
1367 1144 1423 1175 per
1454 1135 1539 1175 quod
1566 1135 1729 1174 obligatur
1753 1135 1793 1166 ad

1011 1189 1235 1229 perfectionem
1262 1189 1473 1229 pi·aelati0nis;
1503 1189 1555 1220 vel
1595 1189 1791 1227 scandalum,

1011 1244 1134 1274 ratione
1162 1245 1256 1283 qu'us
1286 1244 1448 1282 obligatur
1490 1243 1529 1273 ad
1567 1243 1794 1283 perfectionem

1012 1296 1204 1336 operationis
1220 1308 1228 1334 ;
1271 1296 1323 1327 vel
1359 1296 1561 1327 eonscientiae
1611 1296 1770 1327 dictamen
1783 1321 1792 1336 ,

1012 1359 1069 1389 per
1096 1350 1181 1389 quod
1209 1350 1372 1388 obligatur
1391 1350 1431 1380 ad
1453 1349 1680 1389 perfectionem
1704 1352 1794 1381 tran-

1013 1403 1190 1443 quillitatis.
1217 1402 1272 1433 His
1296 1403 1382 1433 enim
1406 1402 1711 1440 intervenientibus,
1737 1413 1795 1434 su-

1013 1456 1233 1497 perinducitur
1254 1465 1339 1487 nova
1367 1455 1520 1495 obligatio
1542 1456 1582 1487 ad
1608 1455 1795 1496 hujusmodi

1014 1519 1134 1549 genera
1148 1510 1380 1549 perfectioan
1399 1510 1637 1549 praedictarum.
1660 1510 1720 1542 Sed
1735 1514 1795 1542 sta-

1015 1566 1065 1594 tus
1080 1563 1251 1601 charitatis,
1268 1565 1427 1603 quantum
1443 1566 1489 1594 est
1513 1564 1551 1594 de
1572 1573 1621 1602 se,
1648 1573 1793 1596 necessa-

1014 1618 1096 1648 riam
1116 1617 1347 1656 obligationem
1370 1626 1437 1648 non
1465 1618 1605 1657 inducit,
1631 1618 1713 1650 sicut
1740 1628 1791 1649 ra-

1014 1672 1116 1702 tiones
1139 1680 1212 1711 quae
1235 1671 1274 1702 ad
1295 1671 1378 1701 hanc
1393 1673 1517 1711 partem
1542 1674 1618 1702 sunt
1641 1672 1793 1710 induetae,

1015 1724 1197 1756 ostendunt.
1216 1724 1254 1755 Et
1267 1724 1337 1755 ideo
1353 1725 1484 1755 concedi
1502 1727 1644 1764 possunt.

1057 1781 1086 1810 1.
1104 1778 1152 1809 Ad
1168 1778 1244 1809 illud
1258 1787 1335 1809 vero
1353 1777 1438 1818 quod
1453 1778 1604 1817 objicitur
1619 1778 1654 1809 in
1669 1781 1796 1810 contra-

1016 1832 1102 1863 rium
1114 1832 1151 1862 de
1162 1831 1350 1862 auctoritate
1365 1830 1491 1862 Domini
1500 1831 1536 1862 in
1550 1832 1712 1870 Ματῑήίέο,
1727 1834 1796 1872 jam

1016 1887 1102 1925 patet
1124 1885 1286 1925 responsio
1310 1896 1316 1915 :
1338 1885 1414 1925 quia
1435 1885 1515 1916 illud
1540 1885 1732 1925 intelligitur
1757 1887 1796 1917 de

1016 1938 1210 1980 perfectione
1222 1938 1356 1978 justitiae
1372 1940 1403 1969 et
1419 1938 1630 1978 sufficientiae,
1643 1940 1682 1970 ad
1697 1949 1795 1980 quam

1017 1993 1202 2032 obligantur
1225 2001 1355 2030 omnes,
1381 1994 1448 2023 tam
1471 1993 1600 2032 perfecti
1620 2003 1718 2033 quam
1733 1994 1794 2025 im-

1017 2046 1158 2087 perfecti.

1058 2102 1088 2130 2.
1110 2099 1159 2131 Ad
1181 2099 1259 2130 illud
1281 2099 1366 2139 quod
1381 2099 1529 2139 objicitur
1547 2100 1586 2131 de
1610 2101 1795 2133 auctoritate

1019 2153 1176 2193 Gregorii,
1204 2153 1291 2193 quod
1321 2152 1406 2183 sicut
1441 2156 1588 2184 crescunt
1620 2154 1725 2194 dona,
1753 2156 1797 2186 sic

1019 2209 1167 2239 crescunt
1181 2207 1320 2238 rationes
1333 2206 1509 2246 donorum,
1526 2207 1696 2239 dicendum
1712 2209 1798 2249 quod

1019 2262 1080 2293 hoc
1094 2271 1208 2294 verum
1220 2264 1266 2292 est
1281 2263 1440 2301 quantum
1455 2262 1494 2292 ad
1509 2271 1546 2292 ea
1557 2271 1632 2302 quae
1648 2265 1725 2293 sunt
1739 2272 1797 2294 ne-

1020 2315 1182 2347 cessitatis.
1210 2314 1368 2346 Praeterea
1389 2315 1476 2356 quod
1502 2316 1618 2346 dicitur
1636 2316 1723 2356 quod
1744 2326 1796 2347 ra-

1021 2370 1122 2401 tiones
1143 2370 1302 2401 donorum
1325 2372 1490 2408 crescunt,
1512 2370 1573 2401 hoc
1593 2379 1659 2401 non
1680 2370 1797 2401 dicitur

1021 2424 1107 2463 quod
1141 2424 1224 2454 Deus
1256 2433 1382 2463 semper
1414 2423 1525 2463 exigat
1554 2424 1731 2455 necessario
1757 2424 1798 2455 ab

1022 2477 1152 2508 homine
1166 2479 1271 2508 totum
1284 2477 1371 2517 quod
1386 2479 1505 2517 potest3
1522 2477 1576 2508 sed
1598 2478 1674 2518 quia
1697 2478 1800 2517 exigit

1023 2531 1061 2562 de
1076 2532 1161 2562 bono
1177 2534 1206 2562 et
1221 2540 1327 2571 aequo,
1343 2531 1387 2562 ita
1398 2531 1484 2571 quod
1499 2531 1553 2562 illa
1560 2531 1724 2571 exigentia
1734 2541 1801 2563 non

1027 2619 1053 2623 —-
1065 2605 1075 2622 Β
1086 2606 1185 2636 Genesin,
1197 2612 1233 2636 v1,
1246 2607 1269 2630 9.
1280 2606 1329 2624 -5
1344 2606 1353 2629 l
1366 2606 1448 2636 Joan„
1460 2611 1496 2635 1v,
1510 2607 1546 2631 18.
1557 2606 1606 2624 -ὓ
1617 2606 1705 2638 Arist„
1715 2605 1803 2637 Phys„

1027 2643 1072 2667 tib.
1088 2643 1155 2673 vlu,
1171 2644 1240 2668 cont.
1257 2643 1294 2668 17.

1646 2679 1685 2709 43
