2017 2960
220 180 276 209 558

216 245 307 275 nobis
345 244 415 275 facit
445 244 605 283 praeterita
639 239 845 272 rememorari
874 248 880 268 :
907 246 985 276 ergo

215 297 378 337 amplioris
393 299 423 327 et
437 295 627 336 perfectioris
643 293 773 325 luminis
795 294 861 323 ciat
888 294 961 322 tunc
975 314 983 327 ,

216 359 313 391 quam
327 360 421 380 nuuc.

257 406 286 434 -ί,
314 403 388 434 item
413 404 498 432 tauto
518 400 652 440 amplior
676 400 721 429 est
744 396 933 428 illuminatio
957 397 987 426 et

216 458 334 493 major.
352 458 469 493 quanto
485 454 593 483 lumi-n
609 461 703 482 suum
719 450 822 489 magis
841 458 986 480 commu-

216 509 295 538 nicat
314 520 319 537 ;
343 508 393 537 scd
422 507 497 536 tides
519 505 719 545 sequentium
744 503 847 542 magis
869 504 986 533 contir-

218 565 322 592 uram·
351 569 405 599 per
432 559 524 589 liilem
551 561 677 598 patrum
704 555 951 597 praecedentium
978 566 984 584 z

217 624 294 651 ergo
321 622 394 643 cum
420 612 540 652 priores
566 610 800 642 communicent
826 608 988 639 illumina—

217 667 334 697 tionem
351 675 440 696 suam
458 665 693 705 posterioribus,
713 673 777 694 non
792 673 808 692 e
823 670 986 698 converso,

217 720 342 750 videtur
356 719 440 758 quod
456 720 558 758 major
575 718 668 749 suerit
683 718 727 747 eis
741 715 870 747 luminis
886 714 986 754 pleni-

218 775 303 805 iudo.

493 859 565 891 col<
572 858 720 890 CLUSIO.

219 941 293 967 Fz'tlcs
310 939 447 967 secundum
467 942 613 973 Impurum
628 939 811 965 diversitatem
827 937 908 962 crevit
925 943 989 969 qno-

255 985 289 1011 ‹1‹I
327 985 435 1011 laminis
468 983 682 1018 plrtzitmlitzcm,
716 981 854 1008 secundum
891 981 990 1006 statum

254 1038 422 1063 renuntiarat,
468 1031 578 1063 Inopia)-
619 1028 742 1053 rer-itatis
789 1025 989 1055 cmhibz‘tioncm,

252 1078 362 1109 proptrr
377 1073 500 1107 mojorem
523 1073 620 1105 qratia
639 1071 823 1106 diffusionem,
841 1072 918 1104 utque
930 1070 992 1104 pla-

254 1120 353 1145 niorem
369 1119 580 1145 instruc!z‘oizcm.

262 1198 352 1238 llesp.
378 1198 416 1228 ud
440 1206 509 1237 arg.
527 1196 699 1227 Dicendum
715 1195 799 1235 quod
815 1193 990 1225 secundum

220 1251 432 1283 diversitatem
458 1254 638 1290 temporum
666 1249 764 1279 crevit
786 1247 863 1278 fides
893 1254 992 1285 quan-

221 1308 289 1336 tum
313 1305 350 1335 ad
374 1304 503 1335 luminis
525 1302 768 1343 plenitudinem,
785 1299 992 1339 intelligendo

221 1358 258 1389 de
276 1359 336 1388 fide
357 1357 532 1389 secundum
554 1358 670 1386 statum
694 1362 909 1385 communem.
929 1351 993 1382 IIoc

221 1416 327 1443 autem
351 1421 413 1441 nou
432 1413 477 1440 est
503 1412 627 1449 propter
649 1408 790 1446 ipsorum
815 1408 992 1444 temporum

224 1464 521 1495 transmutationem
534 1463 636 1501 primo
652 1466 681 1490 et
697 1458 923 1499 principaliter,
941 1456 994 1487 sed

224 1521 350 1558 propter
366 1517 505 1546 veritatis
522 1514 767 1549 exhibitionem,
785 1513 911 1551 propter
927 1518 995 1539 ma-

224 1571 325 1610 jorem
346 1570 457 1609 gratim
480 1569 697 1604 diffusionem,
719 1567 846 1604 propter
873 1562 995 1602 planio-

225 1633 292 1654 rem
322 1622 562 1653 instructionem
589 1632 594 1651 :
622 1620 692 1651 ideo
716 1619 801 1649 enim
834 1616 995 1647 credentes

223 1679 337 1709 clarius
358 1687 443 1708 nunc
458 1687 509 1714 ea,
526 1685 599 1716 quae
619 1675 765 1711 credunt,
782 1672 990 1711 cognoscunt,

223 1741 317 1772 quam
334 1731 510 1770 antiquitus
524 1728 769 1768 cognoscebant,
782 1725 935 1765 quiajam
951 1725 996 1754 est

223 1786 338 1816 veritas
365 1785 506 1815 exhibita
528 1792 583 1823 per
609 1781 789 1817 Christum,
804 1780 874 1818 jam
901 1777 996 1808 etiam

224 1839 323 1877 gratia
340 1838 475 1877 Spiritus
493 1836 591 1867 sancti
607 1835 744 1875 amplius
759 1832 949 1863 diffunditur
964 1830 996 1860 in

226 1891 429 1922 sacramentis
444 1897 536 1919 nova}
553 1888 632 1927 legis
654 1888 780 1926 propter
800 1884 913 1915 Christi
929 1892 996 1914 me-

225 1945 323 1974 ritum
335 1967 342 1979 ,
358 1946 389 1973 et
403 1942 539 1982 pretium
559 1942 626 1981 jam
649 1939 801 1970 solutum.
818 1937 886 1968 Jam
902 1937 997 1967 etiam

224 2007 309 2028 nuuc
325 1997 401 2027 fides
416 1995 555 2035 apertius
578 1994 783 2034 praedicatur,
801 1994 831 2021 et
846 1991 974 2021 docetur
987 2014 995 2028 ‚

226 2051 388 2090 probatur,
407 2051 438 2079 et
452 2047 628 2079 defenditur
647 2055 701 2085 per
716 2045 845 2076 evidens
863 2043 997 2083 discipu-1

226 2104 329 2134 lorum
350 2102 460 2133 Christi
483 2104 513 2132 et
530 2101 599 2140 ejus
619 2098 803 2139 sequacium
823 2097 996 2127 documen-

226 2160 306 2188 tum.
324 2155 411 2186 Uude
433 2154 638 2186 concedendae
660 2154 733 2183 sunt
757 2151 904 2188 rationes,
924 2157 998 2190 quae

227 2211 285 2241 hoc
301 2209 481 2240 ostendunt.

268 2267 295 2293 1.
313 2262 359 2294 Ad
377 2263 452 2293 illud
466 2270 541 2292 vero
558 2260 640 2300 quod
657 2258 815 2298 objicitur,
828 2257 911 2297 quod
929 2256 998 2286 illu-

228 2317 358 2347 minatio
374 2315 457 2352 fidei,
474 2316 502 2344 ct
517 2314 584 2353 ipsa
599 2312 675 2343 fides
688 2313 733 2342 est
746 2319 844 2350 supra
860 2312 996 2349 tempus,

226 2370 394 2401 dicendum
410 2367 492 2407 quod
509 2367 578 2397 licet
593 2365 631 2394 sit
646 2372 740 2403 supra
756 2366 880 2403 tempus
899 2370 998 2402 quan-

227 2425 294 2454 tum
309 2423 347 2453 ad
363 2421 519 2452 rationem
538 2420 736 2454 moventem,
754 2417 830 2456 quia
851 2415 999 2446 innititur

227 2476 339 2516 prima:
359 2473 483 2505 veritati
499 2473 626 2512 propter
640 2479 671 2500 se
685 2481 692 2507 ·,
718 2472 825 2500 tamen
840 2470 997 2509 quantum

229 2529 266 2560 ad
286 2528 390 2568 ipsum
413 2526 604 2557 intellectum
628 2523 818 2560 credentem,
843 2524 873 2552 et
896 2529 1000 2552 assen-

230 2581 360 2611 tientem
380 2577 560 2610 voluntarie
573 2601 580 2614 ‚
598 2574 724 2615 respicit
738 2576 854 2605 statum
872 2574 935 2605 viae
946 2597 953 2610 ,
970 2575 1001 2604 et

262 2635 903 2672 ¹Gen.,1,1.-²Luc.‚1,45.—(0)Al.pronote-(b)
916 2635 999 2659 suerit.

801 170 1108 205 SENTENTlARUM
1131 172 1204 203 LlB.
1227 171 1279 203 ΙΙΙ.

1044 237 1086 268 ita
1100 239 1237 278 quodam
1252 237 1345 268 modo
1359 238 1510 277 temporis
1524 239 1722 279 varietatem,
1737 240 1812 281 quia

1042 293 1143 322 status
1164 292 1225 322 vice
1249 290 1423 321 secundum
1447 290 1570 322 diversa
1594 294 1735 332 tempora
1761 301 1813 324 va-

1043 344 1117 374 riari
1134 344 1226 374 habet
1243 355 1248 374 :
1267 346 1297 374 et
1311 344 1392 381 ideo,
1409 344 1490 374 sicut
1505 345 1660 384 videmus,
1678 346 1763 386 quod
1781 346 1812 377 in

1043 406 1108 428 uno
1124 397 1252 427 homine
1276 397 1350 427 fides
1370 397 1499 433 crescit,
1516 399 1546 427 et
1564 399 1685 437 proficit
1700 399 1810 439 paula-

1045 450 1111 487 tim,
1129 450 1301 481 secundum
1319 450 1404 489 quod
1420 450 1517 480 homo
1538 452 1640 490 magis
1660 461 1696 483 ac
1712 453 1815 492 magis

1043 513 1076 533 se
1091 504 1226 543 disponit
1241 504 1279 534 ad
1296 504 1367 534 fidei
1387 503 1638 543 susceptionem,
1655 505 1698 535 sic
1720 506 1814 536 etiam

1045 557 1077 586 in
1101 556 1231 588 diversis
1251 556 1447 596 temporibus
1462 557 1592 595 profecit
1609 557 1647 596 (a)
1666 558 1744 588 fides
1766 568 1815 588 se-

1045 610 1185 640 cundum
1197 611 1312 639 statum
1325 618 1540 647 communem,
1549 609 1624 648 quia
1638 609 1816 642 secundum

1046 664 1221 702 protectum
1235 664 1418 701 temporum
1435 661 1652 693 efficiebantur
1669 662 1818 693 homines

1044 716 1149 754 magis
1161 715 1262 746 idonei
1280 715 1318 745 ad
1335 714 1550 754 percipienda,
1566 717 1597 746 et
1612 715 1818 755 intelligenda

1045 770 1242 799 sacramenta
1255 768 1338 798 fidei.

1086 824 1114 852 2.
1132 820 1178 852 Ad
1194 821 1269 852 illud
1284 821 1368 861 quod
1384 820 1543 860 objicitur,
1557 821 1639 860 quod
1655 822 1757 862 major
1771 823 1818 852 est

1046 874 1234 905 illuminatio
1259 882 1332 913 quae
1357 873 1536 904 manifestat
1562 875 1686 913 magis,
1714 875 1818 906 dicen-

1046 928 1123 958 dum
1138 928 1223 967 quod
1238 927 1315 958 illud
1330 927 1425 957 habet
1443 927 1607 958 veritatem
1629 927 1739 958 ceteris
1758 936 1817 968 pa-

1047 981 1135 1011 ribus
1159 991 1165 1010 :
1189 980 1243 1011 sed
1266 979 1371 1020 aliqua
1398 980 1591 1011 illuminatio
1617 980 1695 1011 adeo
1719 982 1820 1020 potest

1048 1033 1226 1064 illuminare
1247 1033 1286 1063 ad
1308 1032 1482 1064 videndum
1509 1042 1580 1063 rem
1603 1033 1818 1071 manifestam,

1048 1087 1133 1126 quod
1159 1086 1281 1117 excedit
1302 1085 1389 1116 illam
1411 1094 1483 1125 quae
1502 1085 1662 1116 illuminat
1683 1086 1724 1117 ad
1741 1095 1821 1125 cog-

1048 1140 1238 1172 noscendam
1254 1149 1322 1170 rem
1337 1139 1504 1177 occultam,
1519 1139 1600 1170 sicut
1614 1138 1694 1170 visio
1709 1138 1820 1178 patriae

1048 1193 1169 1224 excedit
1184 1192 1290 1224 fidem.
1308 1192 1412 1223 Potest
1425 1192 1520 1222 etiam
1535 1191 1625 1222 aliter
1641 1191 1719 1230 dici,
1735 1191 1821 1231 quod

1048 1246 1208 1277 occultum
1231 1245 1350 1285 aliquid
1376 1245 1490 1276 dicitur
1513 1244 1678 1284 dupliciter
1698 1253 1703 1272 :
1733 1244 1783 1275 vel
1802 1253 1821 1275 a

1049 1301 1137 1339 parte
1153 1298 1373 1338 cognoscentis
1385 1322 1392 1335 ‚
1409 1298 1459 1328 vel
1474 1308 1492 1328 a
1507 1299 1594 1337 parte
1609 1297 1655 1328 rei
1671 1297 1818 1337 cognitae.

1049 1352 1126 1382 Cum
1144 1361 1221 1390 ergo
1239 1351 1353 1381 (licitur
1367 1351 1451 1390 quod
1474 1351 1576 1389 maj0r
1594 1352 1639 1380 est
1660 1349 1822 1380 illumina-

1052 1405 1107 1441 tio,
1123 1413 1196 1443 quae
1218 1404 1289 1433 facit
1311 1412 1501 1442 cognoscere
1524 1402 1627 1442 magis
1649 1402 1820 1440 occultum,

1050 1457 1219 1487 dicendum
1244 1456 1327 1495 quod
1352 1456 1377 1485 si
1402 1455 1600 1494 intelligatur
1623 1464 1642 1486 a
1665 1457 1753 1495 parte
1776 1454 1823 1486 rei

1050 1509 1206 1549 cognitae,
1234 1511 1309 1539 tunc
1334 1508 1430 1539 habet
1456 1508 1641 1546 veritatem,
1665 1508 1773 1547 utpote
1798 1507 1824 1538 si

1052 1563 1144 1600 illud,
1159 1562 1244 1602 quod
1262 1563 1328 1592 erat
1344 1561 1515 1600 occultum,
1531 1561 1623 1592 faciat
1638 1560 1740 1600 magis
1755 1569 1823 1591 ma·

1051 1615 1210 1646 nifestum.
1229 1615 1260 1645 Si
1279 1623 1355 1645 vero
1370 1624 1388 1645 a
1403 1616 1490 1654 parte
1513 1613 1747 1653 cognoscentis.
1764 1613 1825 1644 hoc

1051 1669 1144 1700 modo
1160 1678 1222 1698 uon
1237 1668 1331 1698 habet
1344 1667 1509 1699 veritatem
1523 1669 1572 1698 :et
1585 1668 1629 1698 sie
1644 1668 1690 1698 est
1703 1666 1737 1697 in
1752 1675 1822 1706 pro-

1051 1722 1166 1762 posito,
1183 1721 1257 1761 quia
1282 1721 1359 1751 fides
1382 1720 1629 1760 praecedentium
1649 1719 1823 1751 adventum

1052 1775 1165 1805 Christi
1181 1783 1245 1804 non
1261 1773 1392 1804 faciebat
1406 1773 1444 1804 de
1459 1773 1565 1812 magis
1580 1773 1702 1804 occulto
1719 1772 1824 1812 magis

1052 1827 1256 1858 manifestum
1266 1851 1274 1864 ,
1296 1827 1360 1856 imo
1375 1826 1460 1865 quod
1475 1828 1542 1856 erat
1556 1825 1715 1856 occultum
1729 1825 1763 1856 in
1778 1834 1822 1864 se,

1051 1881 1234 1912 remanebat
1249 1880 1408 1911 occultum
1423 1879 1483 1919 ipsi
1498 1879 1712 1918 cognoscenti.

1093 1938 1121 1966 3.
1147 1934 1194 1964 Ad
1219 1934 1295 1964 illud
1317 1932 1402 1973 quod
1425 1931 1584 1971 objicitur,
1611 1932 1696 1972 quod
1722 1932 1825 1972 major

1052 1989 1098 2018 est
1113 1986 1301 2017 illuminatio
1317 1994 1389 2025 quce
1407 1985 1480 2016 facit
1498 1993 1757 2025 praecognoscere
1771 1985 1825 2016 fu-

1054 2043 1137 2078 tura,
1162 2049 1260 2079 quam
1287 2047 1361 2078 quae
1384 2039 1455 2069 facit
1477 2038 1685 2069 rememorari
1708 2040 1824 2078 praete-

1053 2094 1124 2130 rita,
1142 2093 1311 2124 dicendum
1326 2092 1410 2131 quod
1425 2100 1539 2123 verum
1560 2093 1606 2122 est
1621 2091 1659 2122 de
1673 2091 1734 2122 illis
1747 2099 1826 2131 prae·

1053 2146 1167 2184 teritis,
1192 2154 1265 2185 quae
1285 2145 1449 2185 subjacent
1473 2145 1625 2176 humanae
1650 2144 1826 2175 considera-

1053 2200 1149 2237 tioni;
1168 2199 1206 2230 de
1222 2199 1271 2230 his
1286 2202 1408 2237 autem,
1427 2208 1500 2239 quae
1514 2200 1589 2230 sunt
1608 2208 1704 2239 supra
1726 2198 1825 2230 ratio-

1054 2262 1143 2291 nem,
1168 2252 1334 2283 veritatem
1348 2261 1413 2283 non
1428 2252 1534 2282 habet.
1551 2251 1595 2282 De
1609 2251 1724 2282 talibus
1739 2250 1823 2281 enim

1054 2305 1218 2337 consuevit
1232 2304 1310 2343 dici,
1328 2305 1413 2345 quod
1430 2314 1495 2336 non
1509 2306 1555 2335 est
1570 2303 1673 2335 solum
1687 2302 1825 2343 prophe-

1054 2358 1097 2389 tia
1110 2358 1309 2395 futurorum,
1327 2358 1380 2388 sed
1404 2357 1500 2388 etiam
1515 2355 1766 2397 praeteritorum,
1782 2353 1825 2384 si-

1055 2413 1108 2441 cut
1133 2409 1333 2450 prophetavit
1355 2410 1498 2451 Moyses,
1523 2418 1596 2440 cum
1622 2408 1703 2439 dixit
1723 2409 1729 2425 ¹
1755 2416 1763 2438 z
1786 2407 1825 2438 In

1052 2464 1216 2504 principio
1231 2464 1351 2495 creavit
1371 2463 1452 2495 Deus
1467 2463 1576 2494 coelum
1590 2464 1619 2493 et
1635 2464 1750 2494 terram
1758 2469 1772 2500 ,·
1785 2459 1824 2492 Et

1055 2516 1235 2548 ilelisabeth
1246 2519 1256 2534 ²
1275 2524 1282 2546 ε
1298 2517 1396 2550 Beata
1417 2524 1487 2556 (μαι)
1505 2514 1694 2553 credidisti,
1710 2516 1769 2545 etc.
1787 2513 1825 2544 Et

1055 2571 1199 2610 respectu
1222 2570 1337 2600 talium
1356 2571 1402 2600 est
1423 2568 1501 2599 fides
1519 2579 1525 2599 :
1542 2576 1598 2607 per
1620 2567 1715 2598 fidem
1739 2566 1824 2597 enim

1055 2623 1210 2661 creditur,
1227 2622 1312 2662 quod
1332 2622 1413 2653 Deus
1427 2622 1487 2652 suit
1501 2621 1536 2660 (b)
1552 2621 1649 2652 homo
1665 2628 1776 2660 passus
1794 2621 1825 2650 et
