2017 2960
565 186 663 220 DIST.
690 187 742 219 111.
767 185 881 217 PART.
906 185 930 216 1.
954 185 1044 218 ΛΒΤ,
1069 186 1093 217 1.
1117 186 1268 224 QUAEST.
1294 187 1315 217 Ι.
1719 192 1752 220 61

142 255 292 287 bendere.
310 254 381 287 Non
395 255 528 286 omnino
541 256 719 296 approbare
731 254 849 293 audeo,
861 264 918 294 pro

141 318 179 340 eo
193 308 278 349 quod
293 309 393 340 sancti
409 308 529 347 Patres,
538 310 593 350 qui
610 309 688 340 alias
703 308 918 340 solemnitates

141 362 280 402 Virginis
295 362 419 403 Spiritu
433 366 541 394 sancto
563 364 695 395 docente
717 364 917 400 statuerunt,

139 416 196 457 qui
224 416 320 447 etiam
342 417 454 456 magni
484 419 642 448 amatores
664 420 694 447 et
718 419 920 448 veneratores

139 469 240 502 beatae
256 469 399 509 Virginis
423 471 572 510 luerunt,
594 471 834 511 conceptionem
851 470 919 501 Vir-

138 524 225 564 ginis
252 523 461 556 solemnizare
491 534 556 556 non
587 525 775 556 docuerunt.
803 524 918 555 Beatus

137 578 234 609 etiam
251 576 460 617 Bernartius-¹,
479 579 661 619 praecipuus
677 577 818 617 Virginis
834 586 919 608 ama-

138 633 197 670 tor,
207 634 238 663 et
253 632 384 663 honoris
394 633 421 672 ej
428 641 464 663 us
475 632 603 668 zelator,
621 632 690 662 illos
703 631 916 671 reprehendit,

137 686 193 726 qui
221 686 460 726 conceptionem
483 684 625 725 Virginis
651 685 823 716 celebrant.
849 685 917 716 sm-

136 742 205 772 tuta
224 740 320 771 etiam
343 738 535 770 universalis
557 738 703 770 Ecclesiae
725 738 763 770 de
785 738 916 770 Sancto-

135 802 212 825 rum
226 792 462 825 celebritatibus
476 793 585 824 onmia
605 792 739 824 i'undata
763 795 838 824 sunt
859 802 917 824 su-

135 856 193 889 per
219 847 429 885 sanctitatem,
454 850 490 878 ut
521 847 610 878 nullo
641 847 691 878 die
722 856 779 887 pro
808 847 917 887 aliquo

135 900 251 933 Sancto
265 901 459 939 solemnizet,
477 901 509 931 in
524 910 601 941 quo,
619 901 669 932 vel
687 910 744 942 pro
763 910 828 941 quo
844 910 918 941 per-

135 964 213 987 sona
228 958 337 986 sancta
352 964 417 985 non
433 954 540 994 suerit,
558 955 609 986 cui
626 955 729 986 honor
745 955 797 987 ille
812 955 917 987 defer-

135 1011 199 1041 tur.
223 1009 256 1040 Si
278 1018 357 1049 ergo
385 1009 534 1040 sanctitas
557 1018 621 1040 non
644 1009 703 1040 ruit
726 1009 760 1040 in
782 1009 917 1049 Virgine

135 1066 208 1095 ante
223 1063 339 1094 animze
355 1063 560 1101 infusionem,
578 1072 644 1094 non
660 1063 788 1095 videtur
804 1074 918 1104 usque-

135 1126 263 1158 quaque
290 1126 441 1148 securum
471 1117 688 1157 conceptionis
712 1117 797 1148 illius
820 1118 916 1148 etiam

133 1171 368 1203 solemnitatem
398 1170 568 1201 celebrare.
596 1169 666 1201 Non
692 1171 789 1201 etiam
813 1171 916 1203 audeo

133 1225 265 1256 omnino
279 1224 531 1264 reprehendere,
549 1224 643 1264 quia,
663 1226 698 1254 ut
718 1224 851 1264 quidam
867 1225 915 1255 di-

133 1281 225 1318 cunt,
247 1278 317 1310 haec
338 1278 520 1309 solemnitas
550 1278 703 1309 celebrari
730 1287 795 1309 non
819 1279 916 1320 coepit

132 1333 276 1364 humana
290 1332 486 1370 inventione,
504 1332 558 1363 sed
576 1332 685 1363 divina
700 1332 912 1364 revelatione:

131 1386 219 1427 quod
240 1386 268 1416 si
292 1395 407 1417 verum
428 1388 494 1424 est,
512 1386 582 1417 sine
597 1386 695 1418 dubio
721 1387 843 1418 bonum
868 1390 916 1418 est

132 1440 340 1472 solemnizare
364 1440 398 1471 in
420 1441 491 1481 ejus
513 1440 719 1480 conceptione
738 1451 743 1471 :
763 1441 817 1472 sed
839 1441 915 1481 quia

132 1492 193 1525 hoc
207 1494 430 1525 authenticum
448 1503 513 1525 non
529 1497 586 1533 est,
603 1503 669 1526 non
690 1495 914 1535 compellimur

132 1547 278 1587 credere3
301 1548 378 1588 quia
400 1548 497 1578 etiam
527 1550 639 1579 contra
666 1548 762 1580 tidem
794 1552 914 1580 rectam

132 1610 198 1632 non
220 1604 285 1639 est,
310 1611 377 1633 non
402 1602 626 1642 compellimur
652 1611 783 1642 negare.
810 1601 915 1634 Potest

131 1655 228 1686 etiam
243 1664 328 1694 esse,
345 1656 432 1695 quod
452 1656 505 1686 illa
527 1656 710 1687 solemnitas
733 1657 838 1696 potius
861 1666 912 1687 re-

129 1708 231 1740 fertur
254 1709 294 1739 ad
313 1709 398 1739 diem
418 1709 687 1748 sanctificationis,
711 1719 811 1750 quam
842 1720 914 1741 con-

130 1762 296 1803 ceptionis.
314 1762 352 1793 Et
366 1762 522 1803 quoniam
537 1762 605 1794 dies
620 1764 836 1804 conceptionis
852 1764 912 1796 fnit

129 1818 216 1848 certa
226 1840 235 1856 ,
251 1819 283 1848 et
295 1816 362 1848 dies
376 1816 637 1848 sanctificationis
656 1816 775 1849 incerta
785 1842 794 1856 ‚
811 1821 846 1849 nt
860 1828 913 1859 pa·

129 1870 208 1902 tebit
225 1872 325 1910 infra,
343 1870 414 1902 ideo
432 1880 497 1902 non
518 1871 778 1902 irrationabiliter
799 1872 912 1904 solem-

131 1925 215 1957 nitas
247 1925 309 1957 diei
338 1925 596 1956 sanctificationis
625 1925 720 1956 statui
746 1927 849 1966 potuit
877 1927 911 1958 in

129 1980 214 2012 diem
242 1979 455 2020 conceptionis
481 1990 488 2010 ι
512 1988 571 2010 nec
600 1979 784 2018 immerito;
815 1980 909 2021 quia,

129 2034 279 2076 quamvis
293 2032 508 2073 conceptionis
523 2033 607 2064 diem
623 2042 688 2064 non
703 2036 846 2074 oporteat
862 2044 911 2066 ce-

129 2089 258 2127 lebrari,
282 2097 340 2129 pro
364 2096 402 2118 eo
425 2086 511 2127 quod
534 2096 599 2118 non
620 2087 680 2119 suit
701 2089 852 2119 sanctitas
877 2089 910 2120 in

129 2145 297 2183 concepto,
315 2143 448 2182 possunt
462 2143 569 2182 tamen
589 2141 910 2182 irreprehensibiliter

129 2197 270 2237 gaudere
299 2197 416 2227 sanctae
445 2195 563 2226 animae
585 2204 643 2235 pro
665 2204 702 2227 eo
724 2197 810 2236 quod
833 2199 909 2229 tunc

129 2250 316 2282 inchoatum
345 2252 402 2282 est.
426 2249 502 2288 Quis
530 2249 617 2281 enim
646 2250 781 2281 audiens
802 2250 910 2291 Virgi-

129 2314 223 2343 nem,
239 2305 278 2336 de
299 2313 364 2345 qua
378 2303 464 2334 salus
486 2303 584 2334 totius
606 2304 719 2335 mundi
740 2306 908 2346 processit,

128 2361 331 2399 conceptam,
354 2357 474 2397 gratias
489 2356 552 2388 Deo
567 2357 717 2390 exolvere
741 2360 906 2400 negligat,

128 2415 160 2445 et
179 2413 305 2444 omittat
318 2412 462 2443 exultare
481 2411 519 2451 (a)
537 2411 571 2441 in
591 2411 654 2443 Deo
676 2413 807 2445 salutari
828 2424 906 2455 suo,

129 2467 190 2498 nisi
203 2467 259 2508 qui
274 2475 352 2506 erga
366 2465 540 2505 gloriosam
551 2464 716 2505 Virginem
731 2468 840 2499 minus
855 2469 907 2500 de-

165 2526 266 2555 ¹Bern.,
279 2526 370 2556 Epist„
383 2529 489 2548 ccxxiv.
502 2525 597 2547 Sancto
610 2524 714 2549 Doctori
726 2525 757 2550 de
766 2526 830 2550 sesto
842 2528 907 2551 Con-

131 2560 256 2591 ceptionis
268 2561 303 2585 sie
317 2568 363 2584 suo
381 2563 497 2591 tempore
514 2559 612 2590 opinari
627 2559 711 2592 licuit,
729 2563 832 2593 ituando
856 2564 905 2587 sci-

130 2595 189 2620 licet
202 2603 242 2620 res
256 2597 283 2621 in
297 2597 402 2620 dubium
414 2596 573 2625 venenatum
586 2602 654 2620 nuuc
669 2603 740 2628 vero,
754 2599 875 2629 Jamindc
892 2607 907 2624 a

130 2632 280 2657 Pontificum
292 2633 356 2657 sixti
371 2633 414 2663 lV,
429 2631 455 2656 iu
474 2631 612 2656 universali
630 2632 743 2658 Ecclesia
753 2634 906 2667 celebratur,

135 2669 196 2713 ἀι)
212 2683 272 2706 tac.
286 2681 347 2706 edu.
362 2680 479 2706 exultari.

977 257 1049 285 vote
1070 254 1219 291 attii-itur,
1236 256 1267 284 et
1288 253 1392 293 magis
1414 254 1591 286 considerat
1612 265 1756 296 praesen-

977 308 1029 346 tia,
1053 318 1153 349 quam
1176 308 1302 344 sutura,
1330 307 1435 347 magis
1459 308 1555 338 etiam
1580 309 1757 340 considerat

976 362 1051 393 boni
1076 363 1248 399 detectum,
1272 371 1370 402 quam
1393 362 1663 393 fundamentum?
1689 363 1757 394 lite-

976 416 1042 447 nim
1059 416 1083 447 si
1102 416 1184 447 tilius
1201 416 1286 455 regis
1309 415 1441 446 claudus
1463 418 1628 453 nascatur,
1647 417 1701 456 qui
1718 417 1757 448 sit

975 480 993 500 a
1015 470 1246 501 claudicatione
1269 479 1417 509 processu
1443 470 1595 510 temporis
1612 470 1755 502 liberan-

975 523 1045 561 dus,
1064 533 1129 554 non
1146 525 1193 553 est
1207 523 1245 554 de
1261 523 1490 555 claudicatione
1506 524 1692 561 dolendum,
1703 525 1756 555 sed

976 578 1081 618 potius
1101 577 1138 607 de
1160 577 1325 607 nativitate
1348 578 1568 617 gaudendum.
1589 578 1648 609 Per
1670 578 1757 609 hunc

975 631 1108 662 modum
1119 655 1127 670 ,
1145 631 1169 660 si
1186 631 1259 670 quis
1275 631 1306 662 in
1323 631 1374 662 die
1391 632 1605 672 conceptionis
1620 633 1690 671 ejus
1705 641 1757 663 so-

975 684 1134 723 lemnizat,
1158 685 1325 716 attendens
1347 685 1452 724 magis
1475 686 1756 716 sanctificationem

974 740 1133 778 futuram,
1158 748 1256 779 quam
1279 739 1521 779 conceptionem
1545 742 1754 780 praesentem,

974 802 1040 824 non
1062 793 1189 824 videtur
1211 793 1331 833 dignus
1354 793 1505 833 redargui
1525 804 1532 824 :
1550 796 1580 824 et
1597 793 1668 824 ideo
1691 793 1757 824 dixi

973 847 1058 887 qnod
1083 847 1159 878 tales
1182 856 1240 878 nec
1263 847 1446 887 vituperare
1469 847 1583 886 audeo,
1601 856 1660 878 nec
1684 846 1756 878 lau-

973 901 1059 932 dare.
1070 901 1167 932 Credo
1184 904 1292 932 tamen
1308 903 1339 931 et
1353 901 1478 932 confido
1494 902 1532 933 ‹le
1540 901 1674 941 Virgine
1691 901 1758 941 glo·

974 955 1071 994 riosa‚
1090 955 1175 995 quod
1192 955 1217 986 si
1233 955 1308 995 quis
1324 955 1407 985 lianc
1422 955 1658 986 solemnitatem
1674 955 1754 987 cele-

973 1009 1044 1040 brat
1060 1019 1122 1041 non
1138 1019 1179 1040 ex
1202 1018 1310 1040 amore
1328 1009 1494 1047 vanitatis,
1513 1009 1566 1040 sed
1590 1010 1695 1050 potius
1717 1019 1758 1040 ex

973 1064 1140 1095 devotione
1157 1063 1318 1104 Virginis,
1336 1074 1399 1095 non
1415 1063 1548 1095 credens
1563 1073 1630 1096 esse
1647 1066 1758 1094 contra

973 1117 1063 1156 illud,
1081 1118 1166 1158 quod
1184 1118 1255 1148 elici
1280 1121 1382 1158 potest
1402 1128 1442 1149 cx
1465 1128 1554 1148 sacra
1578 1117 1755 1157 Scriptura,

972 1171 1057 1211 quod
1079 1171 1243 1202 benedicta
1262 1171 1362 1211 Virgo
1385 1171 1588 1202 devotionem
1609 1171 1680 1210 ejus
1704 1179 1758 1201 ac-

972 1227 1075 1264 ceptat
1086 1236 1093 1262 ;
1106 1227 1136 1256 et
1150 1224 1175 1254 si
1192 1225 1311 1265 aliquid
1328 1227 1374 1255 est
1391 1224 1654 1265 repreliensibile,
1665 1233 1758 1264 spero

971 1278 1058 1318 quod
1079 1278 1165 1319 apud
1188 1280 1314 1319 ⁸iustum
1329 1279 1473 1310 Judicem
1488 1278 1676 1317 dignabitur
1698 1287 1756 1309 ex-

971 1341 1094 1363 cusare.
1121 1332 1190 1364 Non
1212 1333 1290 1364 huic
1313 1333 1446 1365 obviant
1467 1332 1550 1363 dicta
1573 1331 1729 1363 Bernardi
1747 1343 1753 1363 :

971 1386 1078 1426 potius
1091 1387 1179 1417 enim
1195 1387 1331 1418 intendit
1345 1386 1514 1418 excludere
1531 1394 1692 1424 errorem,
1715 1394 1757 1416 ne

971 1439 1043 1479 quis
1058 1440 1164 1471 credat
1179 1440 1347 1480 Virginem
1370 1441 1599 1471 sanctificatam
1620 1439 1654 1470 in
1677 1448 1754 1470 con-

970 1494 1129 1534 ceptione,
1147 1504 1247 1535 quam
1263 1504 1343 1535 erga
1358 1493 1527 1534 Virginem
1551 1493 1756 1525 devotionem

970 1549 1113 1578 nostram
1137 1549 1300 1587 minuere,
1324 1548 1377 1579 cui
1400 1548 1510 1579 nullus
1531 1549 1634 1588 potest
1658 1547 1757 1578 nimis

970 1610 1037 1632 esse
1059 1602 1194 1634 devotus
1212 1613 1218 1633 :
1237 1602 1281 1633 ita
1303 1604 1413 1632 tamen
1437 1601 1523 1642 quod
1545 1600 1626 1632 nihil
1650 1601 1757 1632 credat

969 1655 1008 1686 de
1029 1664 1077 1694 ea,
1101 1655 1186 1696 quod
1210 1656 1250 1686 sit
1271 1658 1381 1687 contra
1406 1655 1574 1687 veritatem
1599 1656 1631 1686 et
1654 1663 1753 1686 sacrae

969 1707 1143 1748 Scripturae
1167 1711 1198 1740 et
1214 1709 1286 1740 fidei
1309 1709 1509 1747 christianae,
1527 1717 1601 1748 quae
1623 1717 1754 1740 omnem

968 1761 1172 1794 devotionem
1189 1765 1331 1794 nostram
1348 1765 1413 1793 tam
1429 1772 1508 1802 erga
1524 1762 1637 1800 Deum,
1654 1772 1754 1803 quam

968 1824 1047 1855 erga
1068 1818 1205 1847 matrem
1233 1817 1304 1857 ejus
1325 1816 1419 1847 debet
1442 1816 1632 1856 praecedere.
1664 1816 1754 1854 Quod

967 1869 993 1900 si
1015 1869 1130 1910 aliquis
1151 1870 1282 1910 objiciat
1302 1869 1440 1901 aliorum
1465 1870 1660 1901 Sanctorum
1683 1879 1755 1901 con-

968 1923 1131 1964 ceptiones
1146 1932 1212 1955 non
1227 1933 1294 1955 esse
1310 1923 1450 1955 celebres
1466 1926 1596 1964 propter
1620 1933 1754 1964 sequen-

967 1979 1014 2008 tes
1027 1977 1304 2016 sanctificationes,
1322 1977 1439 2018 poterit
1455 1978 1484 2008 ei
1500 1977 1579 2016 dici,
1598 1978 1684 2018 quod
1699 1977 1754 2008 alii

967 2029 1076 2062 Sancti
1102 2041 1160 2072 pro
1187 2032 1272 2063 malo
1294 2041 1360 2063 non
1383 2032 1567 2070 habebunt,
1591 2033 1618 2062 si
1638 2032 1755 2072 aliquis

966 2084 1072 2116 honor
1101 2085 1246 2126 specialis
1279 2085 1374 2116 matri
1410 2085 1537 2117 Domini
1572 2085 1752 2125 tribuatur,

965 2139 1121 2178 quoniam
1151 2139 1411 2170 sanctificationis
1439 2139 1538 2179 ipsius
1561 2139 1754 2179 magnitudo

966 2194 997 2223 et
1011 2193 1195 2224 acceleratio
1210 2195 1341 2224 caeteras
1356 2193 1525 2224 antecellit.
1544 2193 1583 2224 Et
1597 2193 1667 2224 ideo
1687 2193 1754 2224 mi-

966 2247 1105 2278 randum
1122 2256 1189 2278 non
1204 2249 1262 2284 est,
1280 2246 1306 2276 si
1323 2246 1464 2286 Spiritus
1479 2249 1610 2278 sanctus
1623 2246 1751 2278 inhabi-

966 2302 1036 2331 tans
1051 2301 1085 2332 in
1100 2301 1251 2332 cordibus
1266 2300 1421 2339 fidelium,
1431 2300 1539 2340 magis
1549 2301 1750 2333 devotionem

965 2354 1111 2396 ipsorum
1134 2363 1214 2394 erga
1240 2353 1406 2394 Virginem
1429 2354 1627 2393 inflammat,
1652 2364 1751 2394 quam

965 2415 1045 2446 erga
1059 2406 1137 2437 alios
1152 2405 1287 2437 Sanctos
1302 2408 1332 2436 et
1353 2405 1496 2437 Sanetas.
1515 2405 1580 2437 Hac
1601 2406 1697 2437 etiam
1712 2406 1750 2437 de

965 2469 1061 2492 causa
1082 2459 1224 2500 quotidie
1245 2459 1284 2491 de
1299 2458 1432 2499 Virgine
1454 2460 1594 2500 gloriosa
1614 2459 1750 2491 l'acimus

965 2548 1011 2573 per
1024 2541 1139 2573 ejusdem
1165 2540 1295 2566 Pontificis
1320 2542 1531 2572 extravagantem
1563 2541 1593 2564 de
1623 2540 1703 2572 Reliq.
1725 2542 1750 2564 et

965 2585 1053 2602 vener.
1077 2580 1158 2602 sanct.
1183 2577 1226 2601 lib.
1245 2577 1287 2606 ΙΙΙ,
1302 2584 1357 2607 cap.
1375 2582 1454 2607 13pe1-
1469 2576 1564 2600 eoncil.
1582 2575 1661 2606 Trid„
1684 2583 1748 2600 sess.

965 2620 990 2644 v,
1006 2614 1038 2638 de
1051 2621 1103 2646 pec.
1124 2614 1201 2645 0149„
1218 2613 1244 2637 in
1267 2618 1328 2643 nne,
1352 2612 1521 2643 declaratam,
1537 2614 1563 2636 et
1581 2612 1748 2636 innovatam.

965 2650 1035 2675 Adde
1054 2650 1123 2681 quod
1143 2657 1211 2674 nunc
1225 2656 1266 2673 res
1278 2647 1383 2673 detiuita
1395 2651 1433 2673 est
1444 2649 1476 2672 ab
1499 2648 1611 2673 Ecclesia
1623 2655 1669 2680 per
1687 2647 1749 2672 bul-

964 2686 1015 2711 lum
1029 2685 1169 2717 Itieffubilis
1183 2685 1257 2715 Deus,
1274 2684 1310 2709 rii
1321 2684 1364 2708 lx.
