2017 2960
28 727 62 748 [lu
70 728 116 748 inin.

821 187 1008 220 niszc'r.
1034 188 1070 219 ΙΙ.
1712 187 1750 215 33

147 261 320 295 nuntiante
339 264 370 293 et
389 259 516 305 Spiritu
539 259 752 299 adveniente,
778 269 853 291 mox
870 257 1017 290 Verbum
1046 256 1078 288 in
1105 261 1213 295 utero,
1248 266 1321 287 mox
1343 254 1429 287 intra
1454 258 1584 286 uterum
1602 252 1748 284 Verbum

146 330 221 353 caro
236 321 256 352 ¹.
275 331 291 350 n

342 403 544 434 Exl‘nsl'l'lo
566 402 729 434 TEX'I'US.

179 491 206 516 Et
231 491 289 523 quin
310 491 334 515 in
360 491 462 515 homins·
492 494 544 515 tntu
570 491 682 515 hunnum
714 492 803 513 natura
829 489 890 512 vin.»

435 530 554 559 corrupta
569 528 632 551 erut.

186 603 289 644 Supra
313 604 378 643 egit
406 603 554 643 Magister
579 603 616 633 di»,
641 603 858 634 incarnatione
882 613 920 634 ex

146 660 233 698 panto
248 667 391 698 personae
405 657 609 693 aaeumentiffi
629 657 659 687 in
674 656 732 687 hac
749 659 836 697 parto
855 657 921 695 ugit

145 711 183 741 «le
198 711 308 741 eadem
324 719 365 741 cx
380 712 468 750 paru*
491 712 613 741 naturae
633 713 819 750 assumptae.
838 710 921 740 Divi-

145 764 230 795 ditur
244 767 352 796 autem
369 774 440 805 pars
455 765 514 795 ista
532 765 562 795 in
579 767 642 795 tres
657 767 771 804 parics,
790 765 822 795 in
838 775 920 805 qua-

146 827 219 850 rum
232 818 332 858 primu
343 818 534 849 determinat
545 819 726 856 veritateim
742 819 773 849 in
784 819 922 850 svcunda

147 873 289 903 confutat
311 882 444 910 ιιι-νοτες,
472 873 514 903 ibi
534 884 540 903 :
575 873 644 904 Non
669 877 745 904 sunt
767 881 840 913 eryo
863 883 923 905 αα-

146 925 279 965 dimdi;
295 926 326 956 in
343 926 434 957 tertia
452 928 594 957 removet
609 927 783 966 quamdam
800 927 923 958 dubita-

147 981 278 1019 tionem,
290 981 348 1012 ibi:
367 982 406 1012 Si
419 984 523 1013 autem
537 982 704 1020 quaeritur,
722 985 827 1013 ulrum
849 981 923 1013 Ver-

148 1034 220 1066 bum
241 1043 384 1072 curnem,
407 1037 465 1065 etc.
493 1033 599 1065 Prima
622 1044 692 1074 pai-s
715 1035 870 1066 dividitur
893 1035 923 1065 in

147 1088 227 1119 duas
243 1092 362 1129 partes:
380 1089 411 1119 in
429 1089 531 1128 prima
548 1091 635 1129 parti·
651 1089 840 1119 determinat
856 1088 921 1119 Ma-

148 1141 249 1181 gister
262 1142 300 1173 de
316 1145 431 1173 natura
445 1146 609 1182 assumpta
624 1146 783 1182 quantum
800 1143 838 1173 ad
857 1151 925 1183 par—

148 1194 229 1226 tium
239 1205 371 1226 suarum
381 1196 613 1235 integritatem;
625 1196 656 1226 in
665 1196 816 1233 secunda,
828 1205 927 1237 quan-

149 1250 217 1278 tum
240 1248 278 1278 ad
298 1247 461 1286 ordinem,
478 1247 544 1278 ibi:
567 1249 752 1288 Ass-tampsi!
774 1256 847 1289 erqo
869 1247 927 1279 Dei

148 1301 254 1333 Filius
281 1309 407 1341 carnem
433 1305 462 1333 el
494 1303 648 1334 annnam.
687 1301 927 1334 Subdivisiones

147 1358 254 1387 autem
269 1355 410 1396 partium
420 1356 597 1387 mauisestae
608 1358 683 1387 sunt
695 1356 729 1387 in
738 1356 853 1396 littera,
864 1359 924 1388 etc.

480 1482 546 1504 Dua.
573 1482 593 1503 Ι.

210 1555 317 1584 omnia,
331 1562 388 1586 quae
406 1556 430 1579 in
447 1558 538 1580 natum
552 1558 640 1582 nostru
655 1556 779 1587 plantavit
790 1574 798 1587 ,
813 1558 862 1580 etc.

195 1634 328 1665 Contra:
350 1633 432 1664 Deus
453 1633 607 1674 plantavit
627 1633 660 1664 in
680 1634 784 1673 primo
800 1633 928 1664 homine

151 1687 422 1719 immortalitatem
438 1698 444 1718 :
461 1696 540 1727 ergo
554 1687 726 1727 assumpsit
740 1687 928 1718 immortali—

150 1742 267 1773 tatem:
285 1741 371 1782 quod
387 1741 502 1772 salsum
517 1743 578 1779 est,
595 1741 672 1782 quia
695 1741 837 1772 mortalis
858 1741 926 1773 fnit.

152 1794 229 1826 ltem
249 1795 283 1826 in
302 1797 417 1826 natura
442 1797 551 1826 nostra
575 1795 731 1835 plantavit
755 1797 929 1836 utrumque

150 1858 281 1888 sexum,
297 1849 414 1880 scilieet
430 1849 622 1880 femininum
637 1852 668 1880 et
683 1849 901 1880 masculinnm
919 1860 926 1880 ε

150 1911 230 1943 ergo
257 1905 433 1944 utrumque
461 1903 631 1944 assumpsit
637 1912 647 1943 3
674 1903 759 1944 qnod
782 1903 930 1934 similiter

151 1956 266 1988 falsum
281 1959 340 1988 est.

193 2009 284 2051 Resp.
303 2010 476 2042 Dicendum
490 2014 552 2049 est,
568 2011 655 2051 quod
674 2011 823 2052 quaedam
839 2011 930 2052 plan-

152 2065 233 2097 tavit
247 2065 328 2097 Deus
347 2066 380 2097 in
400 2069 514 2097 natura
528 2069 651 2105 nostra,
668 2076 742 2107 quae
757 2067 931 2107 respiciunt

152 2119 252 2160 ipsius
271 2120 546 2159 constitutionen13
571 2121 720 2161 quaedam
741 2130 814 2162 quae
829 2121 930 2161 respi-

152 2173 242 2205 ciunt
260 2176 379 2206 statum
393 2177 424 2206 et
438 2175 662 2207 accidentalem
678 2175 929 2216 dispositionem.

153 2225 233 2258 Cum
244 2236 323 2268 ergo
333 2227 449 2259 dieitur
458 2228 543 2268 quod
554 2229 663 2260 omnia
675 2229 847 2269 assumpsit
858 2237 931 2269 quae

153 2279 321 2321 plantavit,
333 2281 441 2313 omnia
452 2281 527 2313 dicit
542 2282 584 2312 ibi
600 2291 674 2323 quae
689 2285 765 2314 sunt
778 2282 816 2314 de
831 2282 932 2323 ipsius

154 2334 377 2366 constitutione
395 2346 401 2366 ;
420 2345 495 2366 cum
514 2345 593 2376 ergo
615 2336 681 2376 ipse
695 2336 805 2376 arguit
822 2339 932 2366 conii-a

153 2388 214 2421 hoc
236 2389 274 2421 de
293 2389 530 2421 immortalitate
546 2393 578 2421 et
596 2400 693 2422 sexus
712 2391 930 2428 distinctione,

154 2452 221 2475 non
239 2443 334 2475 instat
346 2444 524 2476 secundum
537 2445 704 2476 veritatem
714 2469 722 2482 ,
735 2445 788 2476 sed
804 2447 932 2485 propter

155 2496 298 2537 praedicti
312 2498 574 2529 communionem
591 2498 799 2539 paralogizant,
814 2498 866 2531 vel
882 2507 934 2530 so-

157 2551 288 2592 phistice
310 2554 425 2586 instat:
455 2557 486 2585 et
504 2563 561 2595 per
579 2554 640 2586 hoc
663 2557 774 2596 patent
793 2554 846 2586 illa
866 2555 930 2586 duo

156 2605 290 2647 objecta.

191 2670 298 2702 'ui-eg„
314 2671 417 2703 uorat,
433 2674 477 2697 lib.
494 2673 593 2703 xvim,
606 2682 628 2698 c.
649 2676 715 2697 »νει
732 2678 819 2698 xxxvi.

298 2726 372 2749 mu.
399 2726 444 2750 iv.

1299 412 1367 433 Dun.
1391 412 1424 434 11.

1160 486 1185 510 Si
1202 494 1264 516 orgo
1281 487 1386 511 visibilia
1402 487 1510 519 munda,
1524 490 1572 511 otc.

1019 560 1133 590 Contra
1153 571 1158 591 :
1179 560 1268 590 Rzitio
1287 561 1352 598 illa,
1369 571 1466 601 quum
1489 561 1632 599 assignat
1646 563 1755 592 contra

979 611 1155 648 haereticos,
1168 621 1232 642 non
1243 612 1369 642 videtur
1381 612 1496 643 valere.
1505 613 1660 649 Quamvis
1669 612 1755 642 enim

980 667 1058 697 radii
1073 667 1148 697 solis
1164 677 1226 697 non
1245 667 1454 707 inquinentur
1470 675 1510 697 ex
1526 666 1664 697 t'oeditate
1683 666 1757 696 illu-

981 719 1160 750 minabilis:
1176 719 1498 758 aiiiinataiiieii,‹1uae
1511 717 1685 758 spiritualis
1698 719 1755 753 est,

981 774 1121 804 inlicitur
1147 783 1187 805 ex
1208 774 1432 814 conjunctione
1460 773 1574 804 carnis.
1602 772 1758 804 l'raeterea

983 828 1080 859 Filius
1106 828 1157 858 Dei
1183 828 1282 858 sactus
1303 830 1347 858 est
1378 827 1534 868 passibilis
1557 829 1684 867 propter
1707 835 1758 857 as-

981 883 1197 922 sumptionem
1211 883 1331 914 carnis:
1349 892 1427 923 ergo
1440 882 1586 913 similiter
1601 883 1701 913 sactus
1714 884 1760 912 est

981 937 1115 967 carnalis
1138 948 1143 967 :
1170 937 1222 967 sed
1238 937 1369 977 spiritns
1393 936 1527 967 l‘oedatur
1555 938 1584 967 et
1605 936 1758 975 inficitur,

982 992 1111 1032 quando
1125 991 1260 1022 carnalis
1269 991 1406 1022 eflicitur
1416 1002 1426 1021 :
1441 1001 1519 1030 ergo
1535 991 1660 1022 videtur
1674 990 1758 1031 quod

983 1045 1152 1076 haereticus
1168 1055 1281 1075 verum
1297 1045 1377 1076 dixit
1394 1045 1426 1075 in
1449 1045 1519 1084 hoc,
1536 1045 1621 1085 quod
1637 1045 1760 1075 dicebat

983 1099 1130 1130 deitatem
1140 1109 1179 1130 cx
1188 1100 1238 1130 sui
1249 1100 1396 1131 societate
1404 1109 1477 1130 cuni
1487 1108 1581 1130 carne
1593 1098 1758 1129 maculari.

1025 1150 1116 1191 Resp.
1131 1150 1305 1182 Dicendum
1319 1151 1403 1192 quod
1416 1151 1601 1191 exemplum
1615 1150 1692 1181 illud
1708 1150 1762 1180 bo·
1811 1146 1814 1148 ’

984 1216 1064 1237 num
1086 1208 1133 1237 est
1147 1209 1258 1237 contra
1278 1206 1455 1245 haereticos,
1473 1208 1504 1237 et
1520 1206 1600 1237 ratio
1619 1208 1666 1236 est
1678 1207 1762 1238 bona

983 1263 1015 1292 et
1027 1261 1151 1292 efficax.
1176 1260 1294 1292 Radius
1314 1261 1400 1292 enim
1424 1271 1443 1291 a
1466 1260 1562 1292 rebus
1586 1261 1676 1292 foedis
1698 1270 1762 1292 non

985 1315 1172 1356 inquinatur
1196 1317 1325 1356 propter
1347 1315 1419 1354 hoc,
1436 1315 1512 1356 quia
1531 1324 1596 1346 non
1619 1323 1763 1346 commu-

985 1371 1070 1402 nicat
1094 1371 1128 1401 in
1152 1370 1284 1402 materia
1308 1369 1556 1409 transmutabili,
1583 1379 1640 1401 nec
1665 1369 1763 1400 etiam

985 1425 1025 1456 ab
1039 1434 1076 1456 ea
1090 1423 1256 1465 dependet.
1273 1423 1305 1454 si
1316 1432 1396 1463 ergo
1408 1423 1526 1454 veritas
1541 1422 1643 1454 multo
1657 1423 1764 1464 magis

986 1490 1005 1510 a
1021 1479 1117 1510 rebus
1131 1478 1221 1509 scedis
1235 1478 1328 1509 distat
1342 1480 1373 1509 et
1393 1480 1441 1509 est
1459 1477 1690 1519 independens,
1707 1486 1765 1509 ne-

986 1534 1122 1565 cessario
1135 1533 1279 1573 sequitur
1293 1532 1379 1574 quod
1394 1532 1495 1563 multo
1511 1532 1620 1563 minus
1633 1534 1680 1563 est
1693 1541 1764 1564 con-

985 1588 1189 1620 taminabilis
1201 1587 1264 1618 Nec
1274 1587 1442 1619 valetillud
1453 1587 1491 1618 de
1504 1587 1624 1624 anima,
1637 1590 1765 1628 propter

986 1643 1061 1680 hoc,
1082 1644 1158 1684 quia
1172 1643 1292 1681 anima,
1315 1642 1373 1673 etsi
1394 1643 1433 1673 sit
1450 1641 1644 1682 spiritualis,
1669 1641 1765 1673 habet

986 1700 1093 1729 tamen
1116 1707 1135 1728 a
1155 1706 1287 1737 corpore
1311 1696 1554 1737 dependentiam
1577 1697 1608 1727 et
1631 1695 1765 1726 inclina-

986 1753 1118 1784 tionem.
1133 1752 1180 1783 Ad
1195 1752 1273 1782 illud
1289 1760 1365 1782 vero
1380 1750 1466 1792 quod
1482 1750 1667 1791 opponitur,
1679 1750 1764 1791 quod

987 1807 1085 1839 Filius
1110 1807 1164 1839 Dei
1190 1806 1347 1848 passibilis
1370 1806 1470 1837 sactus
1497 1808 1562 1845 est,
1594 1805 1765 1837 dicendum

987 1862 1072 1902 quod
1095 1861 1173 1892 illud
1195 1870 1310 1892 vemm
1334 1862 1381 1891 est
1397 1862 1527 1901 propter
1548 1859 1767 1891 communica-

987 1917 1107 1948 tionem
1117 1916 1319 1954 idiomatum‚
1331 1924 1396 1946 non
1412 1915 1496 1956 quod
1509 1914 1648 1955 patiatur
1658 1923 1768 1945 secun-

987 1971 1066 2002 dum
1086 1970 1230 2002 divinam
1249 1972 1410 2008 naturam,
1435 1969 1489 2000 sed
1508 1968 1688 2000 secundum
1706 1977 1766 1999 na-

988 2027 1094 2056 turam
1112 2027 1321 2065 assumptam.
1347 2023 1385 2054 Et
1405 2023 1551 2054 similiter
1574 2024 1675 2063 potest
1694 2031 1767 2053 con-

988 2079 1056 2110 cedi
1075 2079 1161 2119 quod
1180 2079 1221 2109 sit
1242 2078 1377 2109 carnalis
1398 2077 1575 2109 secundum
1599 2075 1684 2117 quod
1702 2084 1766 2107 no—

989 2132 1090 2163 minat
1117 2135 1278 2170 naturam,
1303 2132 1356 2163 sed
1383 2140 1448 2162 non
1479 2130 1657 2162 secundum
1680 2129 1765 2170 quod

989 2186 1133 2217 nominat
1148 2186 1279 2224 vitium,
1296 2185 1372 2226 quia
1389 2185 1527 2225 suscepit
1545 2183 1650 2215 carnis
1664 2182 1767 2224 passi-

989 2240 1155 2278 bilitatem,
1179 2250 1242 2272 non
1258 2239 1473 2271 vitiositatem.
1491 2238 1570 2270 Cum
1585 2246 1664 2278 ergo
1686 2236 1766 2277 obji-

989 2295 1082 2333 citur,
1105 2294 1191 2335 quod
1216 2294 1346 2335 spiritns
1368 2293 1510 2324 inficitur
1534 2301 1609 2323 cum
1633 2290 1767 2322 earnalis

990 2349 1139 2387 efficitur,
1153 2347 1324 2379 dicendum
1336 2346 1422 2388 quod
1436 2356 1499 2378 nou
1515 2346 1610 2383 valet,
1623 2345 1700 2385 quia
1713 2343 1766 2375 ob-

986 2403 1096 2443 jicitur
1109 2402 1148 2434 de
1162 2402 1281 2434 carnali
1298 2403 1392 2442 prout
1407 2403 1499 2432 sonat
1511 2400 1545 2432 in
1558 2399 1684 2432 vitium.

1319 2518 1387 2541 DUB.
1412 2518 1456 2539 ΙΙΙ.

1247 2581 1297 2605 Nec
1313 2589 1373 2605 caro
1389 2581 1443 2607 ruit,
1459 2582 1506 2603 etc⁴

1032 2659 1163 2691 Contra:
1193 2657 1322 2689 Videtur
1346 2657 1404 2687 hoc
1428 2655 1559 2693 salsum,
1585 2655 1661 2694 quia
1681 2654 1766 2694 quod

1589 2711 1607 2740 3
