2017 2960
247 142 304 170 :³70

246 210 291 237 tes
306 218 312 236 2
327 210 355 237 et
369 207 425 237 lioc
443 207 618 236 manifestat
636 205 784 243 Magister
800 205 831 234 in
849 205 950 234 littera
961 213 1016 243 per

245 260 449 290 multimodas
477 260 667 289 Sanctorum
699 257 910 287 auctoritates.
930 257 1016 286 Unde

246 315 275 343 et
286 313 493 342 coucedendae
504 314 578 341 sunt
593 311 728 340 rationes
740 310 778 339 ad
796 310 878 339 lianc
895 311 1016 348 partem

246 366 394 397 inducta‘.

290 422 315 449 1.
331 421 375 449 Aa
392 419 466 448 illud
482 427 556 447 vero
567 417 650 457 quod
666 417 817 456 objicitur
832 417 915 456 quod
935 425 1016 455 quo-

247 482 320 503 run]
336 472 509 502 substantia
535 474 581 500 cst
603 470 723 506 cadem,
750 472 780 500 et
807 469 952 500 voluntas
971 472 1017 500 est

247 525 354 555 eadem
366 549 373 561 ,
397 524 564 554 dicendum
587 524 672 563 quod
700 523 875 553 substantia
903 523 1017 553 dicitur

247 578 461 617 multipliciter
478 587 562 608 :uno
589 577 682 608 modo
702 577 816 607 dit-itur
840 576 1016 606 substantia

245 631 327 662 idem
344 631 426 671 quod
443 631 578 661 essentia
590 630 639 661 vel
652 633 784 667 natura;
801 630 862 659 alio
871 629 964 659 niodo
973 629 1016 659 di-

245 684 328 716 citur
340 685 516 715 substantia
531 684 613 713 idern
626 683 711 722 quod
733 683 943 722 suppositum.
960 682 1015 712 Da-

246 747 412 768 mascenus
425 740 532 767 :uitem
549 737 580 766 iu
598 736 745 775 praedicta
762 735 948 766 auctoritate
963 745 1013 765 ac-

244 791 317 830 cipit
346 790 552 820 substantiam
576 799 632 828 pro
647 789 781 819 essentia
806 789 857 818 vel
879 791 1013 825 natura;

244 844 473 879 argunwutum
489 849 564 871 vero
579 840 610 869 in
627 839 821 869 contrarium
843 839 1014 869 adductum

243 897 381 936 procedit
399 897 437 927 de
460 896 636 927 substantia
665 895 838 935 supposito,
856 895 922 925 sive
945 895 1016 925 sub·

242 950 357 980 stantia
371 959 445 989 quae
455 952 501 979 est
516 949 681 980 individua
692 951 824 979 natura:
842 951 872 978 et
884 948 944 978 hoc
958 957 1012 987 pa-

244 1006 285 1033 tet
300 1013 356 1043 per
369 1004 475 1043 ipsum
491 1003 729 1038 Damamenum,
752 1003 818 1041 ipse
833 1002 921 1032 enini
941 1002 1016 1032 dicit

244 1057 286 1086 sic
305 1068 310 1086 :
332 1068 346 1084 «
365 1056 539 1093 Naturales,
557 1059 588 1086 et
598 1065 662 1086 non
674 1056 895 1095 hypostaticas,
913 1055 944 1085 id
957 1057 1013 1092 est⁷

243 1110 419 1148 personales
433 1110 538 1140 aimus
554 1110 751 1145 voluntates3
779 1119 792 1137 n
815 1111 844 1138 et
872 1109 932 1138 hoc
946 1118 1016 1148 pro-

243 1163 293 1193 bat
308 1163 382 1202 ipse,
395 1163 471 1201 quia
489 1163 519 1192 iu
534 1163 633 1192 tribus
646 1150 788 1202 personis
809 1172 874 1192 una
890 1164 937 1192 est
956 1171 1015 1191 vo·-

242 1216 357 1253 luntas,
382 1225 447 1246 non
471 1219 597 1255 propter
621 1216 776 1245 unitatem
802 1215 835 1244 in
860 1215 1013 1254 personis,

242 1269 294 1300 sed
312 1272 438 1309 propter
448 1270 603 1299 unitatem
620 1269 653 1298 in
668 1271 792 1298 natura.

282 1324 311 1352 2.
330 1322 377 1352 Ad
392 1322 470 1352 illud
488 1322 571 1361 quod
585 1321 745 1361 objicitur,
764 1321 847 1359 quod
869 1320 1016 1351 voluntas

243 1375 316 1405 facit
330 1375 500 1411 volentem,
527 1374 695 1404 dicendum
713 1374 797 1413 quod
816 1374 885 1403 haec
904 1382 960 1412 per
983 1382 1015 1403 se

243 1427 401 1467 loquendo
422 1427 612 1466 intelligitur
630 1427 667 1457 de
684 1428 798 1456 natura
810 1450 817 1462 ‚
841 1435 895 1465 per
911 1434 1017 1456 conse-

245 1490 344 1520 quens
354 1483 460 1511 autem
475 1480 663 1519 intelligitur
678 1480 715 1510 de
730 1488 863 1519 persona
880 1490 886 1508 z
902 1481 932 1508 et
940 1487 1017 1517 quo-

244 1535 331 1563 niam
344 1534 449 1573 plures
461 1536 583 1563 naturae
599 1535 729 1572 possunt
743 1541 809 1562 esse
819 1532 851 1561 in
864 1540 930 1561 una
943 1540 1014 1570 per-

244 1596 330 1624 sona,
343 1587 417 1616 hinc
429 1589 475 1617 est
489 1587 574 1625 quod
588 1586 627 1616 ad
642 1585 855 1625 pluralitatem
872 1584 1017 1615 volunta-

243 1643 312 1671 tum
336 1640 393 1670 etsi
408 1642 618 1679 consequatur
634 1638 796 1678 pluralitas
813 1640 1014 1674 naturarum,

243 1703 306 1723 non
324 1696 430 1723 tamen
446 1693 650 1732 consequitur
679 1701 887 1732 personarum
908 1692 1015 1730 plura—

244 1747 313 1777 litas
329 1756 336 1777 z
352 1747 421 1777 ideo
436 1756 499 1777 non
514 1747 656 1785 sequitur
674 1771 679 1776 .
702 1757 716 1773 «
732 1746 813 1776 Sunt
834 1745 942 1784 plures
958 1753 1017 1774 vo—

244 1800 391 1837 luntates,
407 1808 484 1837 ergo
499 1799 604 1838 plures
620 1798 674 1838 qui
689 1798 817 1835 voluut;
834 1808 848 1825 »
868 1798 921 1827 sed
935 1798 1016 1827 hene

244 1853 410 1891 sequitur:
431 1864 445 1880 «
459 1851 544 1890 Ergo
562 1852 599 1890 {a}
617 1854 692 1881 sunt
707 1851 813 1890 plures
834 1852 958 1880 naturae
974 1859 1019 1879 se-

243 1905 385 1935 cundum
396 1914 473 1944 quas
489 1905 609 1934 insunt.
626 1916 639 1931 n
660 1904 696 1934 Et
710 1904 770 1934 hoc
785 1905 832 1934 est
846 1903 931 1942 quod
946 1903 1019 1933 (licit

246 1955 455 1985 Damascenus
470 1960 477 1974 ¹
494 1967 499 1985 ;
524 1956 632 1992 «Quia
653 1955 730 1985 (luas
751 1957 881 1985 naturas
906 1954 1018 1984 Christi

243 2008 322 2039 duas
344 2010 414 2047 eJus
428 2008 587 2038 naturales
604 2008 792 2045 voluntates,
809 2010 839 2037 et
858 2007 1019 2037 naturales

243 2064 332 2092 actus
342 2062 455 2091 aimus.
473 2074 486 2089 n
503 2062 659 2098 Quoniam
674 2064 782 2091 autem
798 2070 864 2090 una
878 2061 1017 2090 duarum

244 2117 434 2145 naturarum
454 2115 700 2154 estliypostasis,
728 2123 831 2144 unum
853 2113 959 2144 aimus
987 2116 1019 2143 et

244 2168 403 2198 volentem
421 2171 451 2199 et
467 2171 617 2207 agentem
640 2167 825 2198 naturaliter
844 2166 1019 2197 secundun]

245 2222 368 2251 ambas.

286 2277 314 2305 3.
332 2275 380 2305 Ad
393 2275 468 2305 illud
491 2276 575 2314 quod
592 2275 751 2314 objicitur,
768 2275 853 2314 quod
868 2274 1019 2305 voluntas

245 2328 321 2358 dicit
344 2328 420 2358 illud
444 2338 539 2367 penes
572 2328 654 2367 quod
681 2328 796 2359 residet
821 2336 962 2366 regnum
990 2328 1021 2356 et

277 2391 285 2407 ¹
300 2391 427 2422 Damaso„
438 2390 535 2414 deFide
549 2391 655 2421 orthod„
669 2391 713 2414 lib.
729 2391 776 2421 ΙΙΙ,
792 2398 814 2415 c.
830 2396 916 2414 xrw—
932 2392 962 2420 (a)
978 2388 1020 2417 Al,

245 2426 309 2449 dees(
325 2426 401 2457 Ergo.

774 136 1088 169 sEN'rENTmRUM
1111 136 1185 167 LlB.
1208 137 1260 167 ΙΙΙ.

1072 203 1244 242 imperium
1260 211 1372 233 eorum
1386 212 1458 242 quae
1473 205 1548 234 suut
1566 204 1600 234 in
1622 204 1689 244 ipso
1704 206 1841 244 volente,

1072 256 1241 286 (licendum
1256 256 1340 295 quod
1368 259 1414 286 est
1439 257 1596 296 imperans
1620 261 1650 288 et
1677 258 1843 290 dominans

1072 318 1127 348 per
1143 309 1354 347 privationem
1372 309 1550 347 coactionis,
1578 313 1607 341 ct
1624 314 1670 345 est
1684 311 1843 351 imperans

1072 364 1102 391 et
1129 362 1298 391 dominans
1324 370 1378 401 per
1394 362 1601 401 privationem
1627 364 1841 403 subjectionis.

1074 415 1180 445 Primo
1197 415 1289 445 modo
1304 415 1502 455 accipiendo,
1521 417 1681 455 imperans
1697 417 1845 447 convenit

1072 469 1129 508 ipsi
1146 469 1302 499 voluntati
1318 469 1518 508 generaliter,
1545 472 1575 499 et
1585 469 1643 500 hoc
1663 470 1755 500 modo
1771 479 1844 509 pos-

1072 522 1161 552 sibile
1187 524 1232 552 est
1258 521 1349 560 plura
1364 521 1555 561 imperantia
1571 522 1703 561 reperiri
1732 523 1763 552 in
1786 531 1837 553 eo-

1072 575 1156 611 dem,
1174 575 1206 604 in
1223 584 1287 613 quo
1304 575 1508 614 reperiuntur
1536 574 1629 613 plura
1654 584 1672 605 a
1687 575 1844 606 coactione

1072 629 1182 665 libera,
1207 628 1287 658 sicut
1302 628 1334 657 in
1350 628 1472 658 Christo
1488 630 1534 658 est
1553 628 1692 667 reperire
1707 628 1843 660 liberum

1071 681 1238 711 arbitrium
1268 681 1443 711 secundum
1462 681 1608 717 *divinam
1622 683 1783 720 naturam,
1814 684 1846 713 et

1070 734 1256 764 humanam.
1274 734 1304 763 Si
1320 736 1427 764 autem
1443 734 1564 764 dicatur
1577 735 1737 773 imperans
1748 737 1778 765 et
1787 734 1845 766 do-

1071 788 1199 818 minans
1215 797 1269 827 per
1285 787 1496 827 privationem
1505 787 1609 817 omnis
1625 787 1842 827 subjectionis,

1070 840 1113 869 sic
1128 840 1208 870 bene
1222 840 1458 871 concedendum
1474 843 1520 870 est
1547 840 1631 879 quod
1655 850 1782 871 necesse
1795 843 1844 871 est

1070 902 1136 923 esse
1153 903 1255 924 unum
1272 894 1376 924 solum
1393 903 1399 922 ι
1425 894 1479 924 sed
1498 894 1558 924 tale
1583 894 1754 934 imperium
1779 904 1844 925 non

1069 947 1218 985 competit
1232 947 1317 977 omni
1337 947 1489 977 voluntati
1505 958 1510 976 :
1530 956 1594 977 non
1614 948 1701 977 enim
1717 956 1842 987 compe-

1070 999 1107 1029 tit
1123 999 1277 1029 voluntati
1292 1000 1456 1035 humauae,
1485 1008 1557 1038 quae
1577 999 1668 1030 debet
1683 1009 1750 1030 esse
1763 1000 1843 1031 sub-

1067 1053 1150 1091 jecta
1164 1052 1292 1090 divinae,
1303 1053 1356 1083 sed
1367 1052 1411 1082 illi
1424 1053 1580 1083 voluntati
1596 1053 1756 1092 competit,
1772 1062 1846 1092 quae

1071 1105 1148 1135 nibil
1165 1106 1259 1136 habet
1287 1107 1432 1146 superius
1458 1116 1490 1137 se
1519 1117 1526 1137 :
1554 1106 1624 1137 ideo
1639 1116 1679 1137 ex
1693 1107 1753 1137 hoc
1781 1115 1846 1138 non

1071 1160 1172 1197 potest
1186 1159 1293 1198 argui,
1313 1160 1396 1198 quod
1419 1160 1450 1189 in
1476 1160 1596 1190 Christo
1614 1169 1679 1190 non
1693 1159 1756 1190 sint
1779 1159 1847 1199 plu-

1070 1221 1119 1241 res
1134 1211 1324 1249 vohrntates,
1342 1212 1395 1242 sed
1411 1213 1496 1251 quod
1510 1221 1572 1242 non
1585 1212 1648 1243 sint
1663 1213 1770 1252 plures
1785 1222 1844 1243 vo-

1070 1264 1209 1294 luntates
1225 1264 1356 1295 divinae.

1109 1319 1138 1347 4.
1152 1317 1197 1347 Ad
1214 1317 1291 1347 illud
1315 1318 1399 1357 quod
1415 1318 1574 1358 objicitur,
1596 1318 1680 1358 quod
1695 1318 1845 1349 voluntas

1071 1372 1117 1400 est
1132 1370 1307 1410 proprietas
1322 1373 1466 1410 spectans
1490 1371 1529 1401 ad
1544 1371 1746 1410 dignitatem,
1765 1371 1847 1402 sicut

1071 1426 1101 1453 et
1116 1424 1333 1462 personalitas,
1350 1424 1520 1455 dicendum
1535 1424 1620 1464 quod
1634 1424 1725 1455 aliter
1737 1426 1769 1455 et
1786 1425 1846 1455 ali-

1072 1478 1118 1506 ter
1133 1477 1247 1507 dicitur
1260 1477 1329 1508 haec
1345 1478 1530 1517 proprietas,
1555 1480 1585 1508 et
1598 1478 1662 1516 illa,
1679 1478 1719 1509 ad
1735 1478 1848 1517 digni-

1071 1532 1166 1560 tatem
1182 1532 1333 1570 spectare,
1359 1531 1533 1561 secundun]
1550 1531 1634 1571 quod
1649 1531 1767 1571 aliquid
1784 1540 1840 1571 per

1072 1583 1397 1622 superabundantiam
1425 1584 1538 1614 dicitur
1564 1584 1730 1624 dupliciter
1759 1594 1766 1615 :
1792 1585 1842 1616 vel

1072 1636 1226 1674 absolute,
1254 1636 1335 1666 sicut
1362 1636 1477 1667 dicitur
1504 1637 1711 1675 albissimus,
1731 1637 1762 1668 id
1783 1640 1840 1676 est,

1072 1688 1163 1718 valde
1178 1688 1286 1726 albus3
1304 1689 1354 1718 vel
1369 1688 1402 1718 in
1417 1690 1662 1728 comparatione,
1675 1690 1756 1720 sicut
1769 1690 1846 1721 dici-

1072 1743 1125 1771 tur
1138 1741 1320 1772 albissimus
1337 1743 1490 1772 omnium.
1509 1742 1547 1772 Et
1561 1743 1645 1781 quod
1660 1743 1776 1774 dicitur
1790 1753 1847 1783 per

1073 1794 1397 1833 superabundantiam
1415 1794 1569 1832 absolute,
1586 1796 1687 1834 potest
1702 1795 1847 1833 pluribus

1073 1847 1260 1883 convenire3
1289 1847 1373 1886 quod
1395 1849 1502 1877 autem
1529 1847 1642 1878 dicitur
1670 1857 1725 1888 per
1739 1858 1848 1889 super-

1073 1900 1300 1930 abundantiam
1316 1901 1346 1930 in
1361 1901 1607 1940 comparatione,
1624 1902 1776 1933 convenit
1791 1902 1847 1933 uni

1074 1953 1142 1983 soli.
1160 1952 1232 1983 Dico
1247 1963 1324 1992 ergo
1348 1953 1431 1993 quod
1463 1954 1669 1993 personalitas
1693 1955 1847 1995 accipitur

1075 2015 1169 2046 penes
1187 2006 1374 2045 dignitatem
1399 2007 1593 2038 excellentiae
1622 2010 1767 2048 respectu
1782 2017 1848 2039 om-

1074 2059 1165 2089 nium
1181 2068 1254 2098 quae
1269 2060 1389 2090 suntin
1406 2060 1474 2099 ipsa
1488 2069 1623 2100 persona
1637 2071 1643 2091 z
1671 2063 1702 2091 et
1717 2061 1787 2092 ideo
1801 2061 1847 2100 {in

1075 2121 1140 2142 uno
1155 2122 1221 2143 non
1243 2114 1343 2152 potest
1369 2122 1436 2144 esse
1463 2113 1523 2143 nisi
1542 2123 1608 2144 una
1628 2101 1853 2153 personalitas]

1074 2165 1228 2196 Voluntas
1253 2168 1360 2198 amem
1387 2175 1452 2196 non
1479 2166 1534 2203 sic,
1551 2166 1627 2206 quia
1641 2166 1715 2197 dicit
1737 2168 1847 2206 poten-

1075 2218 1151 2248 tiam
1163 2219 1346 2249 substantiae
1362 2220 1524 2250 rationalis
1539 2219 1677 2250 nobilem
1685 2222 1716 2250 et
1731 2220 1846 2259 perfec-

1076 2273 1140 2301 tam
1159 2282 1166 2301 :
1192 2274 1223 2302 et
1241 2272 1321 2310 ideo,
1347 2272 1428 2303 sicut
1447 2273 1555 2312 plures
1577 2274 1702 2303 naturae
1724 2272 1846 2304 nobiles

1075 2326 1206 2364 possunt
1220 2334 1252 2354 se
1266 2326 1402 2365 compati
1416 2326 1450 2356 in
1463 2335 1529 2356 una
1545 2334 1680 2365 persona
1695 2325 1729 2355 in
1743 2324 1846 2356 Chris-

1076 2380 1119 2414 to,
1135 2377 1180 2407 sic
1194 2380 1224 2408 et
1236 2377 1343 2417 plures
1359 2378 1545 2409 voluntates.
