2017 2960
7 761 111 784 Pandam.

555 204 650 236 ntST.
676 204 725 235 lll.
749 203 864 235 PART.
892 204 912 235 Ι.
939 204 1027 236 Alt'l‘.
1054 203 1076 234 Ι.
1101 202 1249 242 QUAEST.
1276 204 1299 234 Ι.
1705 204 1742 233 59

131 275 240 305 narrat
252 272 399 314 quaedam
409 272 553 304 historia¹
567 283 574 304 :
587 272 714 304 videtur
727 281 806 312 ergo
821 272 906 312 quod

130 327 197 368 ipsu
212 329 362 368 concepta
383 327 479 358 fuerit
499 326 618 358 virtute
638 327 774 367 Spiritus
792 326 905 357 sancti.

130 379 161 412 Si
177 389 255 420 ergo
266 380 319 411 illa
331 380 494 420 conceptio
508 389 582 420 qua}
597 382 644 410 est
663 379 840 411 secuudum
860 379 904 411 le-

131 433 281 473 gitimum
293 433 548 471 matrimonium,
567 435 597 464 et
611 434 786 464 secundnm
804 433 905 473 Spiri-

130 490 182 519 tus
194 488 291 519 sancti
307 488 516 528 adjutorium,
531 491 577 520 est
590 491 698 519 sancta
714 490 741 518 ct
754 488 907 519 immacu-

128 541 202 580 lata,
225 542 352 573 videtur
375 543 459 583 quod
489 551 564 573 caro
591 541 730 580 virginis
747 541 853 572 Marizr
873 541 905 571 iu

128 595 195 636 ipsa
209 604 268 626 sua
281 596 486 637 conceptione
501 597 593 628 suerit
614 596 807 626 sanctificata
824 607 830 626 :
852 595 906 627 sed

127 650 200 680 ante
225 649 283 680 tuit
304 650 483 690 conceptio,
500 659 598 690 quam
622 648 776 680 animatio
802 659 808 680 :
826 657 906 689 ergo

128 702 187 733 fuit
199 705 272 734 ante
287 703 491 742 sanctificata,
509 713 606 744 quam
622 703 774 734 animata.

167 756 227 788 Sed
247 759 357 788 contra
374 768 380 788 :
402 767 459 798 per
480 757 679 789 Bernardum
704 757 735 788 in
762 757 906 797 Epistola

127 810 171 843 ad
199 810 448 851 Mammenses*
474 822 486 842 .·
514 823 529 841 α
555 811 638 842 Ante
665 811 905 851 conceptionem

126 865 316 896 sanctificari
331 865 463 897 minime
479 867 619 906 poterat,
635 865 711 905 quia
731 874 795 896 non
819 867 903 903 erat;

126 918 180 950 sed
196 927 253 950 nec
269 919 302 950 in
318 918 387 960 ipso
401 921 555 960 conceptu
567 943 575 957 ,
593 920 721 960 propter
741 921 906 959 peccatum

126 972 211 1014 quod
227 973 341 1005 inerat.
357 984 372 1002 ι)
392 973 454 1005 Sed
475 975 617 1012 constat,
634 972 718 1013 quod
742 972 819 1003 illud
842 982 906 1004 non

127 1028 175 1058 est
186 1026 307 1058 dictum
333 1028 460 1067 propter
479 1027 646 1066 peccatum
664 1025 750 1066 quod
771 1029 852 1058 esset
874 1027 906 1057 in

128 1080 332 1121 parentibus,
354 1079 431 1121 quia
451 1079 628 1120 potuissent
648 1089 720 1111 eam
741 1080 907 1121 concipere

127 1134 196 1166 sine
209 1136 337 1174 peccato
353 1142 451 1173 :ergo
462 1133 535 1164 dicit
549 1135 678 1174 propter
694 1142 823 1164 causam
840 1142 908 1173 pec-

126 1186 199 1226 cati,
216 1195 290 1228 quae
304 1188 370 1218 erat
390 1186 424 1218 in
438 1195 533 1217 carne
551 1197 557 1216 :
581 1194 661 1225 ergo
676 1185 804 1217 videtur
820 1186 907 1227 quod

126 1241 333 1273 sanctificatio
373 1248 438 1272 non
473 1239 570 1271 fuerit
603 1241 677 1271 ante
713 1240 905 1271 infusionem

126 1295 255 1326 animae.

166 1349 245 1380 Item
269 1347 474 1380 sanctificatio
495 1348 543 1379 est
564 1356 619 1387 per
641 1347 769 1387 aliquod
787 1357 908 1379 munus

126 1403 240 1444 gratiae
255 1401 393 1443 Spiritus
407 1401 510 1432 sancti
523 1411 529 1432 :
542 1401 595 1432 sed
615 1402 719 1441 gratia
731 1411 795 1432 non
812 1402 907 1434 habet

126 1465 194 1488 esse
207 1456 240 1487 in
255 1463 362 1494 carne,
377 1454 430 1486 sed
445 1454 480 1485 in
496 1454 624 1486 anima:
642 1464 723 1495 ergo
743 1465 809 1487 non
824 1456 908 1488 vide-

127 1513 192 1550 tur,
215 1510 301 1552 quod
320 1512 394 1542 ante
419 1510 513 1541 fuerit
537 1510 623 1540 carni
651 1510 757 1549 gratia
782 1510 906 1550 infusa,

127 1575 226 1608 quam
239 1566 367 1598 animae.

168 1619 247 1652 ltem
263 1629 330 1652 esse
353 1619 468 1660 gratiae
491 1619 710 1660 praesupponit
732 1628 800 1650 esse
816 1622 909 1651 natu-

127 1683 183 1713 rae,
204 1676 235 1706 et
255 1673 404 1715 perfectio
430 1673 544 1712 gratiae
565 1673 791 1717 perfectionem
811 1676 905 1705 natu-

125 1737 170 1760 rae
187 1738 194 1759 z
213 1726 238 1758 si
254 1735 334 1767 ergo
349 1726 555 1758 sanctificatio
571 1725 646 1757 dicit
661 1726 810 1757 effectum
835 1736 908 1767 gra-

124 1781 178 1813 tiae
202 1779 413 1816 vivificantis,
440 1779 635 1820 impossibile
660 1779 789 1811 videtur
819 1781 906 1821 quod

125 1844 198 1868 caro
222 1835 435 1867 sanctificetur
458 1836 631 1874 antequam
659 1834 769 1866 anima
796 1835 904 1866 vivifi-

125 1891 226 1922 cetur.

166 1943 245 1975 Item
269 1942 350 1974 nihil
378 1941 514 1982 pertinet
537 1941 576 1973 ad
605 1942 904 1982 sanctificationem,

125 1997 210 2038 quod
227 2006 292 2028 non
316 1995 472 2037 pertineat
486 1995 525 2026 ad
541 1995 809 2035 glorificationem
826 2007 833 2028 :
852 1998 905 2029 sed

125 2060 199 2083 caro
212 2053 285 2082 ante
300 2049 530 2081 animationem
545 2059 610 2081 non
626 2050 762 2090 pertinet
776 2051 815 2083 ad
831 2052 904 2092 glo-

125 2105 335 2137 risscationem
350 2113 408 2135 nec
430 2104 697 2135 resurrectionem
715 2115 722 2135 t
741 2105 825 2136 unde
846 2105 904 2137 foe-

124 2163 178 2192 tus
203 2159 342 2192 abortivi
366 2161 439 2190 ante
461 2158 690 2190 animationem
714 2168 779 2190 non
803 2169 907 2191 resur-

127 2216 222 2255 gunt,
238 2215 274 2245 ut
287 2213 362 2244 dicit
373 2213 599 2253 Augustinus³
613 2213 646 2244 in
661 2213 743 2244 libro
759 2214 798 2246 cle
816 2216 907 2255 Bap-

125 2269 221 2302 tismo
245 2267 454 2308 parvulorum
469 2278 480 2299 .·
499 2276 578 2307 ergo
602 2276 676 2299 caro
697 2270 771 2300 ante
787 2269 907 2300 anima-

126 2323 245 2354 tionem
261 2331 324 2353 non
340 2323 409 2353 erat
418 2321 532 2353 idonea
547 2321 586 2353 ad
601 2322 901 2356 sanctificationem:

125 2383 206 2416 ergo
224 2383 288 2406 non
319 2373 377 2405 tuit
399 2382 473 2405 caro
497 2373 642 2414 Virginis
668 2377 742 2407 ante
770 2378 905 2409 sanctifi-

126 2432 206 2469 cata,
219 2437 317 2470 quam
331 2428 482 2460 animata.

162 2513 294 2541 miei-ou..
310 2512 347 2537 ad
368 2512 498 2537 ctaromat.
518 2515 541 2536 et
564 2512 691 2537 [tehodor.
711 2515 853 2546 episcopos,
876 2516 906 2540 de

127 2548 212 2574 Narin.
231 2549 326 2573 Μανία».
337 2549 388 2566 —¹
403 2548 536 2577 Bernard.,
549 2548 584 2572 ad
601 2550 710 2574 canonic.
732 2550 804 2582 ινφ,
827 2552 903 2583 Epist.

127 2584 369 2615 chvu.—-³Aug.,
385 2584 415 2608 de
433 2585 510 2609 civit.
528 2585 589 2616 Dei,
608 2585 651 2610 lib.
672 2587 749 2617 xvtl,
762 2594 784 2612 e.
800 2593 864 2618 x1u3
880 2590 906 2613 et

126 2622 190 2645 cone.
208 2619 366 2644 Adimantum
377 2620 496 2651 Manich.‚
512 2628 534 2645 c.
547 2627 592 2646 Χη-
603 2634 633 2640 -
644 2622 654 2638 ⁸
676 2622 762 2654 Rern„
773 2623 807 2648 ad
815 2631 904 2648 elmon.

128 2656 216 2689 Luyd„
226 2655 385 2681 cimonem.
397 2669 426 2675 —
440 2656 450 2673 Ι
462 2656 535 2686 thid..
547 2657 614 2682 circa
629 2658 699 2682 med.

1234 346 1462 379 CONCLUSH).

963 437 1088 463 Gloriosa·
1107 437 1230 469 l'irqinis
1247 444 1308 463 raro
1323 438 1386 462 ante
1401 436 1595 462 am'mationem
1616 442 1667 461 non
1687 435 1744 466 suit

997 482 1187 515 sanctificata,
1210 490 1267 508 rum
1286 482 1471 515 sanctificatio
1490 488 1538 516 patr
1570 479 1682 513 aliquod
1701 486 1744 505 su-

996 525 1169 560 peradditum
1194 526 1290 552 «Ionum
1315 527 1375 560 fieri
1401 525 1511 557 debeat,
1532 524 1602 560 quod
1629 531 1681 550 uon
1715 523 1745 549 in

1002 576 1080 595 carne
1091 589 1099 602 ,
1114 568 1159 595 ser!
1173 569 1200 595 ιίι
1215 569 1308 595 ‘mium
1324 569 1464 603 recipitur.

1002 653 1091 690 Resp.
1110 649 1148 680 ad
1165 649 1244 688 Arg.
1264 649 1436 680 Dicendum
1454 649 1539 689 quod
1554 658 1627 680 caro
1642 648 1742 679 beatae

963 703 1102 743 Virginis
1125 705 1199 734 ante
1217 703 1446 734 animationem
1468 712 1534 733 nou
1549 702 1744 733 suitsancti-

963 758 1054 788 ficata
1070 766 1077 788 z
1095 766 1160 788 non
1175 756 1253 797 quia
1274 756 1354 787 {leus
1369 765 1435 787 non
1450 755 1588 796 potuerit
1613 764 1741 786 carnem

963 810 1104 851 Virginis
1119 811 1308 851 purificare,
1321 811 1496 850 antequam
1510 809 1669 846 animare;
1688 809 1742 841 sed

962 865 1037 906 quia
1058 864 1264 896 sanctificatio
1279 864 1374 895 habet
1385 873 1454 895 esse
1470 872 1525 904 per
1539 863 1668 903 aliquod
1685 863 1742 894 do-

963 930 1041 951 num
1052 919 1231 960 gratuitum
1241 917 1493 959 superadditum,
1508 917 1592 957 quod
1607 917 1737 957 quidem

962 983 1027 1005 non
1046 974 1141 1005 habet
1156 983 1223 1004 esse
1239 973 1271 1003 in
1287 982 1392 1009 carne,
1409 972 1462 1002 sed
1479 971 1512 1002 in
1527 971 1653 1002 anima:
1669 971 1740 1003 ideo

962 1028 987 1059 si
1004 1037 1078 1059 caro
1102 1027 1203 1059 beatae
1225 1025 1369 1067 Virginis
1387 1026 1503 1057 dicitur
1529 1025 1717 1057 sanctificari
1734 1049 1741 1062 ,

962 1084 1018 1112 aut
1037 1081 1098 1112 hoc
1123 1080 1314 1120 intelligitur
1346 1079 1504 1111 mediante
1526 1079 1631 1118 gratia
1654 1079 1741 1110 exis-

963 1138 1046 1166 tente
1057 1135 1091 1165 in
1099 1135 1169 1174 ejus
1179 1134 1299 1171 anima,
1312 1133 1361 1163 vel
1375 1133 1533 1163 mediante
1546 1133 1651 1171 gratia
1661 1133 1744 1163 exis-

962 1192 1047 1221 tente
1061 1189 1094 1220 in
1111 1188 1283 1219 animabus
1300 1189 1482 1228 pareutum.
1502 1187 1639 1224 Constat,
1659 1188 1744 1228 quod

963 1253 1027 1275 non
1042 1243 1200 1274 mediante
1211 1242 1317 1282 gratia
1329 1241 1483 1272 existente
1494 1241 1527 1272 in
1538 1242 1608 1281 ejus
1617 1241 1740 1271 anima:

962 1298 1039 1339 quia
1061 1299 1139 1328 tunc
1156 1298 1237 1328 essct
1251 1295 1409 1336 oppositio
1424 1295 1457 1326 in
1473 1295 1611 1335 adjecto,
1630 1295 1743 1326 videli-

963 1354 1010 1383 cet
1025 1351 1110 1392 quod
1126 1359 1200 1381 caro
1215 1350 1432 1381 sanctificatur
1446 1351 1519 1379 ante
1530 1348 1647 1380 anim-‘e
1661 1358 1745 1379 crea-

963 1406 1082 1437 tionem
1096 1429 1103 1442 ,
1121 1407 1151 1435 ct
1169 1406 1273 1435 tamen
1289 1403 1503 1434 sanctificetur
1518 1412 1574 1442 per
1590 1403 1743 1433 virtutem

965 1460 1078 1500 gratiae
1102 1459 1187 1490 illius
1210 1458 1328 1489 animae
1350 1468 1356 1488 :
1381 1457 1527 1497 sequitur
1552 1456 1639 1487 enim
1659 1456 1744 1496 quod

964 1513 1048 1544 idem
1069 1513 1108 1543 sit
1124 1512 1213 1552 prius
1227 1513 1258 1542 et
1273 1511 1430 1552 posterius
1446 1511 1478 1541 in
1494 1519 1560 1541 uno
1573 1513 1604 1541 et
1618 1510 1743 1541 eodem.

964 1565 998 1597 Si
1019 1569 1127 1597 autem
1143 1566 1342 1606 intelligatur
1360 1565 1422 1596 hoc
1437 1565 1507 1596 fieri
1522 1574 1579 1605 per
1593 1565 1743 1605 gratiam,

964 1629 1037 1660 quae
1061 1619 1174 1650 collata
1198 1619 1257 1650 suit
1287 1619 1458 1649 animabus
1480 1618 1746 1658 pa1·entum‚11oc

964 1683 1029 1705 non
1049 1676 1149 1714 potest
1165 1682 1232 1704 esse
1247 1672 1361 1713 triplici
1382 1672 1514 1704 ratione.
1533 1671 1651 1710 Prima,
1668 1672 1746 1712 quia

964 1727 1044 1759 ratio
1067 1726 1324 1758 sanctificationis
1336 1736 1402 1757 non
1421 1726 1516 1756 habet
1530 1725 1711 1757 transfundi
1725 1735 1744 1757 a

963 1784 1093 1823 parente
1113 1781 1148 1812 in
1169 1781 1308 1821 prolem,
1324 1790 1381 1821 pro
1396 1789 1434 1812 eo
1455 1780 1540 1820 quod
1564 1779 1668 1820 proles
1681 1788 1745 1810 non

963 1838 1009 1867 est
1025 1835 1057 1866 in
1077 1838 1209 1876 parente
1223 1835 1401 1866 secundum
1425 1834 1562 1865 animam
1576 1845 1582 1865 :
1602 1833 1672 1864 ideo
1687 1842 1745 1865 nec

964 1890 996 1921 in
1018 1892 1149 1930 parente
1176 1889 1272 1920 habet
1300 1889 1560 1920 sanctificationis
1590 1888 1743 1928 gratiam.

963 1943 1002 1975 Et
1015 1943 1074 1975 hoc
1092 1945 1140 1975 est
1155 1942 1241 1984 quod
1257 1943 1333 1975 dicit
1346 1941 1528 1974 Ber-nardus
1549 1942 1587 1974 ad
1608 1941 1744 1983 Lugdu-

963 1998 1096 2030 nenses*
1113 2009 1120 2030 ι
1134 2009 1149 2028 α
1167 1998 1248 2029 Ante
1262 1997 1492 2038 conceptionen
1504 1997 1639 2028 minime
1651 2006 1742 2029 sanc-

963 2052 1077 2084 tificari
1100 2052 1224 2093 potuit,
1240 2051 1318 2092 quia
1337 2060 1401 2083 nou
1424 2053 1508 2082 erat:
1538 2062 1552 2079 »
1578 2061 1744 2092 exponen-

962 2106 1041 2138 dum
1056 2108 1119 2144 est,
1143 2105 1322 2137 secundum
1339 2105 1498 2143 animam;
1515 2105 1683 2137 eratenim
1710 2106 1742 2137 in

963 2161 1008 2193 eis
1031 2161 1210 2192 secundum
1231 2168 1362 2191 carnem
1387 2159 1573 2197 causaliter·,
1593 2159 1647 2191 sed
1662 2160 1742 2191 illud

963 2224 1031 2247 esse
1044 2224 1109 2247 non
1127 2214 1306 2246 sufficiebat
1325 2213 1364 2245 ad
1386 2213 1646 2245 sanctificationis
1665 2223 1742 2254 gra-

962 2269 1042 2300 tiam
1067 2278 1141 2310 quae
1160 2269 1288 2309 respicit
1309 2268 1465 2299 animam.
1494 2268 1640 2300 Secunda
1661 2268 1742 2300 ratio

963 2326 1019 2361 est,
1044 2323 1119 2364 quia
1134 2323 1191 2354 etsi
1207 2323 1268 2354 hoc
1279 2325 1359 2354 esset
1375 2322 1536 2363 possibile,
1551 2322 1637 2363 quod
1653 2332 1740 2353 sanc-

962 2378 1092 2410 tificatio
1117 2377 1318 2409 derivaretur
1345 2386 1363 2408 a
1388 2379 1520 2418 parente
1543 2377 1577 2408 in
1600 2377 1739 2417 prolem,

962 2433 1044 2463 sicut
1057 2431 1236 2472 ‘originalis
1257 2431 1405 2472 justitia;
1439 2440 1608 2471 nunquam
1635 2433 1742 2461 tamen

962 2486 1127 2518 derivatur
1151 2486 1311 2517 mediante
1334 2485 1420 2517 coitu
1451 2485 1640 2520 libidinoso,
1664 2483 1741 2524 quia

963 2542 1039 2572 tunc
1053 2540 1118 2572 duo
1135 2539 1279 2581 opposita
1293 2541 1396 2571 essent
1425 2539 1521 2570 simul
1539 2541 1571 2570 ct
1586 2538 1682 2569 semel
1706 2538 1740 2570 in

962 2595 1085 2627 eodem.
1111 2594 1150 2626 Et
1175 2594 1245 2626 ideo
1266 2594 1344 2625 dicit
1368 2593 1548 2624 Bernardus
1561 2593 1571 2610 ⁸
1587 2603 1593 2624 :
1610 2603 1625 2622 α
1645 2591 1739 2625 Forte

962 2651 1044 2683 inter
1058 2650 1227 2692 amplexus
1247 2648 1407 2681 maritales
1420 2647 1570 2679 sanctitas
1584 2647 1645 2688 ipsi
1658 2655 1739 2679 con-

962 2705 1096 2747 ceptioni
1121 2714 1155 2737 se
1175 2703 1363 2741 immiscuit,
1389 2704 1425 2735 ut
1438 2701 1535 2735 simul
1544 2701 1740 2734 sanctificata
