2017 2960
837 125 1025 158 DISTINCT.
1050 124 1155 157 XXIX.

190 191 255 219 tam
278 198 419 227 eausam,
443 193 553 231 utpote
579 192 604 222 si
628 194 717 232 pater
747 202 837 224 meus
858 193 964 233 magis

189 243 341 282 indigeat,
365 246 396 274 et
418 253 480 283 ego
500 254 631 285 possum
655 246 684 277 ei
715 247 819 286 magis
843 247 961 278 subve-

189 296 268 333 nire,
286 298 316 327 et
327 297 394 336 ipso
410 298 554 337 neglecto
566 323 578 337 ,
595 300 784 331 subveniam
799 303 961 331 extraneo:

187 350 218 380 et
231 349 285 379 illa
299 350 419 381 inducit
439 354 619 391 peccatum,
637 355 667 384 et
684 353 722 384 de
739 354 798 384 hac
813 354 963 393 intelligi<

186 404 240 432 tur
253 404 423 434 auctoritas
436 405 579 444 Magistri
593 406 625 436 in
642 407 758 438 littera.
777 407 815 438 Et
832 417 887 447 per
901 407 963 438 hoc

185 457 271 494 patet
283 458 447 497 responsio
462 458 500 489 ad
515 459 647 499 obJecta.

505 555 574 578 DUB.
598 556 631 577 11.

333 612 471 638 Multorum
486 614 595 638 charitas
609 614 754 639 inordinata
765 616 811 638 est.

224 677 338 708 Contra
352 678 411 708 ista
426 678 586 709 Ambrosii
603 679 701 709 verba
722 678 872 718 objicitur
888 678 933 710 sic
952 690 958 709 z

184 731 325 763 Charitas
340 741 406 762 non
419 734 600 772 potestesse
616 732 774 770 informis,
801 732 855 762 sed
878 742 962 763 sem-

182 793 238 824 per
253 785 398 823 formata,
416 788 446 815 01
460 786 598 816 charitas
614 786 748 816 formata
771 795 897 825 semper
915 789 961 817 est

181 838 340 869 ordinata:
354 847 433 877 ergo
445 838 652 878 implicantur
663 839 701 878 (a)
714 839 870 879 opposita,
886 849 960 871 cum

181 891 296 923 dicitur
322 892 468 925 charitas
496 893 700 925 inordinata.
730 893 809 924 Item
834 893 961 924 videtur

182 946 265 977 male
290 946 394 977 dicere
416 947 449 977 iu
475 947 535 978 hoc
558 948 644 987 quod
666 947 771 978 subdit
797 957 804 978 :
830 959 844 976 «
870 947 959 984 Quod

180 1000 214 1030 in
225 1000 328 1040 primo
336 1002 394 1036 est,
409 1003 533 1040 ponunt
543 1001 685 1037 tertium,
696 1001 748 1032 vel
758 1002 911 1041 quartum
927 1012 954 1032 z»

181 1051 309 1081 sienim
331 1051 435 1091 primo
459 1052 640 1091 diligendus
662 1054 709 1083 est
730 1052 828 1090 Deus,
854 1054 884 1082 01
903 1052 958 1092 qui

180 1105 374 1142 praeponunt
386 1103 507 1143 aliquid
522 1103 585 1134 Deo
600 1113 665 1134 non
680 1103 799 1134 habent
819 1103 955 1134 charita-

181 1158 257 1194 tem,
272 1156 400 1187 videtur
421 1157 506 1196 quod
532 1157 614 1187 male
634 1157 728 1194 dicat,
751 1157 836 1197 quod
860 1157 959 1197 aliqui

180 1210 299 1241 habent
328 1210 514 1240 charitatem
544 1210 773 1247 inordinatam,
811 1220 848 1241 eo
873 1211 958 1250 quod

179 1265 304 1304 ponunt
319 1263 420 1293 Deum
437 1263 528 1293 tertio
543 1263 592 1294 vel
606 1265 720 1303 quarto
734 1263 814 1294 1000.

219 1318 311 1357 Resp.
333 1317 506 1348 Dicendum
535 1317 621 1357 quod
644 1326 764 1348 nomen
794 1317 958 1348 charitatis

178 1371 333 1411 accipitur
345 1371 447 1409 large,
463 1373 494 1401 et
506 1371 633 1411 proprie
652 1381 658 1401 :
674 1371 765 1410 large
784 1371 823 1401 ad
842 1380 957 1410 quam—

178 1434 317 1465 cumque
346 1424 565 1462 dilectionem,
592 1433 664 1464 quae
689 1424 831 1455 multum
862 1424 958 1455 habet

177 1483 321 1512 amatum
344 1480 478 1511 charum
496 1491 503 1510 ε
521 1483 552 1511 01
572 1480 631 1511 ista
656 1482 758 1520 potest
781 1490 849 1512 esse
868 1481 956 1512 inor-

177 1534 294 1572 dinata,
311 1533 362 1564 vel
380 1533 525 1564 ordinata
544 1543 551 1564 z
569 1533 636 1573 ipse
655 1535 765 1564 autem
788 1534 895 1574 objicit
918 1534 956 1565 de

177 1587 328 1618 charitate
343 1587 469 1627 proprie
484 1589 623 1627 sumpta.

500 1684 557 1705 DUB
562 1698 568 1705 .
592 1684 637 1704 111.

393 1738 457 1762 Ante
473 1737 560 1761 omnia
574 1737 672 1767 Deum,
686 1739 735 1762 010.

216 1803 348 1835 Videtur
362 1803 397 1833 in
412 1802 473 1833 hac
486 1802 685 1833 distinctione
710 1802 873 1842 Magister,
890 1802 954 1834 imo

176 1857 365 1890 Ambrosius
398 1865 466 1887 esse
498 1856 691 1896 superfluus.
719 1855 826 1887 Primo
838 1880 846 1894 ,
878 1857 955 1896 quia

177 1912 382 1952 Augustinus
404 1914 410 1930 ¹
445 1920 509 1941 non
538 1912 706 1941 enumerat
735 1910 796 1941 nisi
816 1912 955 1950 quatuor

178 1966 314 2006 gradus3
332 1965 383 1996 hic
398 1966 506 1996 autem
518 1965 686 1995 enumerat
701 1973 757 1994 sex
779 1975 785 1994 ι
810 1973 889 2003 ergo
904 1964 953 1995 vi-

176 2019 285 2057 detur,
310 2018 337 2049 si
361 2018 565 2058 Augustinus
596 2026 661 2048 non
685 2019 731 2048 est
761 2017 951 2055 diminutus,

176 2073 262 2113 quod
281 2072 340 2103 1510
364 2072 404 2103 511
428 2071 623 2112 superfluus.
647 2070 679 2102 Si
703 2073 739 2102 tu
763 2071 849 2102 dicas
868 2071 955 2111 quod

176 2127 238 2157 sub
252 2135 319 2157 uno
333 2126 469 2157 istorum
481 2125 713 2163 membrorum,
730 2125 876 2156 videlicet
893 2126 953 2157 sub

176 2179 341 2211 dilectione
359 2178 509 2219 proximi,
527 2179 733 2210 continentur
756 2180 894 2219 quatuor
915 2179 954 2210 de

174 2233 236 2264 illis
253 2233 417 2271 membris,
432 2233 608 2264 ostenditur
623 2234 710 2270 tunc,
727 2232 813 2272 quod
838 2233 879 2263 sit
902 2233 954 2264 di—

174 2287 330 2325 minutus,
348 2287 424 2326 quia
435 2286 558 2317 dilectio
565 2286 707 2326 corporis
716 2286 816 2317 nostri
832 2286 877 2316 ibi
887 2296 954 2318 non

174 2340 331 2380 tangitur.
358 2340 450 2378 Item,
466 2340 548 2371 51001
564 2339 690 2379 gradus
713 2340 837 2370 suntin
857 2339 955 2370 dilec-

173 2393 258 2424 tione
273 2394 506 2433 proximorum,
524 2394 568 2424 sic
580 2393 708 2425 videtur
723 2402 790 2424 esse
806 2393 840 2423 in
860 2393 954 2424 dilec-

172 2447 261 2478 tione
283 2447 353 2486 Dei,
380 2447 457 2487 quia
476 2447 616 2478 multum
636 2447 791 2478 debemus
817 2447 953 2487 diligere

174 2500 275 2532 Deum
290 2503 476 2540 creatorem,
493 2503 524 2532 et
533 2500 673 2541 amplius
685 2503 908 2540 recreatorem,
923 2504 954 2532 et

207 2579 215 2596 ¹
231 2580 306 2610 Aug,
321 2579 350 2602 de
364 2579 434 2604 Doce.
449 2579 537 2603 christ.
552 2579 596 2604 lib.
615 2580 759 2611 l,c.xx1n‚
774 2587 799 2604 0.
814 2582 852 2605 22.

209 2616 240 2647 (α)
258 2616 327 2641 Edit.
343 2617 400 2642 Ven.
412 2617 564 2649 implicatur.

1739 137 1798 165 647

1021 193 1162 224 maxime
1175 193 1422 232 glorificatorem
1440 207 1446 226 :
1464 206 1543 236 ergo
1567 199 1797 233 insufficienter

1021 247 1161 287 assignat
1178 248 1298 287 gradus
1312 248 1499 280 dilectionis.
1514 251 1589 282 [tem
1603 254 1713 285 multae
1725 255 1796 287 aliae

1021 303 1097 331 sunt
1112 301 1320 339 conditiones,
1336 301 1370 332 in
1386 303 1503 342 quibus
1518 306 1663 337 membra
1683 307 1798 339 Christi

1021 353 1160 384 invicem
1181 356 1438 394 conjunguntur,
1465 359 1581 396 praeter
1619 361 1796 399 praedictas,

1021 407 1166 437 videlicet
1178 407 1289 437 relatio
1304 409 1414 438 uxoris
1435 409 1475 440 ad
1498 411 1626 449 virum,
1651 412 1799 452 discipuli

1021 460 1060 490 ad
1077 460 1282 499 magistrum,
1300 461 1421 492 domini
1443 463 1482 493 ad
1504 473 1654 503 servum,
1680 465 1799 497 subditi

1020 513 1059 543 ad
1076 513 1264 552 praelatum,
1288 524 1368 554 quas
1392 525 1503 547 omnes
1526 518 1643 548 omittit
1656 519 1798 550 Ambro-

1020 566 1103 597 sius:
1119 566 1245 598 videtur
1266 576 1345 607 ergo
1368 562 1595 602 insufficienter
1619 572 1798 612 diligendo-

1021 629 1095 650 rum
1118 620 1262 651 ordinem
1282 621 1456 661 assignare.
1481 623 1644 661 Qnaeritur
1665 635 1744 665 ergo
1760 627 1798 658 de

1020 683 1157 704 numero
1174 676 1205 704 et
1218 674 1408 706 sufficientia
1422 676 1565 716 ipsorum
1580 680 1754 717 graduum.

1060 726 1151 767 Resp.
1169 727 1343 758 Dicendum
1358 730 1455 768 quod,
1478 731 1559 761 sicut
1581 732 1701 763 dictum
1723 734 1796 773 fuit,

1019 780 1096 810 ordo
1119 781 1159 811 ab
1178 780 1362 819 Augustino
1386 783 1568 823 assignatus
1592 786 1721 825 respicit
1746 787 1798 827 ip-

1019 843 1087 864 sam
1102 834 1287 865 charitatem
1302 837 1479 868 secundum
1492 848 1524 869 se
1539 849 1546 869 t
1565 839 1636 870 ideo
1660 841 1796 872 attendi-

1017 889 1071 918 tur
1086 888 1263 919 seeundum
1285 890 1475 929 principales
1499 891 1693 924 differentias
1708 894 1795 933 boni,

1017 950 1091 981 quae
1105 944 1180 972 sunt
1195 942 1318 973 bonum
1333 953 1432 983 supra
1446 953 1515 982 nos,
1531 947 1561 976 et
1577 946 1699 977 bonum
1712 947 1797 980 intra

1017 1004 1087 1033 nos,
1105 997 1135 1026 et
1145 996 1241 1035 juxta
1255 1005 1324 1034 005,
1340 999 1370 1027 01
1386 997 1468 1028 infra
1492 1008 1561 1030 nos.
1579 998 1661 1031 Ordo
1686 1003 1795 1033 autem

1017 1048 1176 1079 Ambrosii
1205 1049 1333 1089 respicit
1351 1050 1453 1090 ipsam
1479 1051 1677 1092 charitatem,
1699 1059 1794 1095 prout

1017 1104 1064 1132 est
1077 1102 1111 1132 in
1126 1104 1240 1133 natura
1254 1112 1352 1142 quam
1366 1104 1478 1144 dirigit
1497 1107 1527 1136 et
1549 1106 1633 1146 regit
1651 1117 1658 1138 τ
1676 1110 1707 1138 01
1723 1109 1794 1140 haec

1017 1164 1082 1186 non
1115 1157 1241 1186 tantum
1266 1157 1440 1188 attenditur
1469 1167 1565 1198 penes
1598 1160 1794 1194 differentias

1016 1209 1107 1245 boni,
1133 1209 1186 1239 sed
1212 1210 1308 1240 etiam
1333 1219 1430 1249 penes
1451 1213 1608 1244 rationem
1627 1215 1748 1255 proprii
1763 1219 1794 1248 01

1016 1262 1131 1300 alieni,
1160 1263 1333 1303 propinqui
1363 1266 1393 1294 01
1416 1266 1530 1296 remoti
1554 1277 1560 1298 :
1587 1269 1618 1298 et
1643 1268 1696 1299 hie
1717 1270 1794 1301 ordo

1015 1316 1248 1355 multiplicatur
1262 1317 1295 1347 in
1311 1326 1366 1348 sex
1383 1318 1589 1350 differentias.
1612 1320 1693 1353 Nam
1717 1322 1795 1354 cha-

1015 1370 1092 1400 ritas
1106 1372 1161 1400 aut
1184 1371 1312 1410 respicit
1338 1371 1460 1402 honum
1484 1373 1681 1414 simpliciter,
1708 1377 1793 1416 quod

1015 1425 1061 1454 est
1076 1432 1241 1454 summum
1257 1424 1391 1463 bonum,
1407 1427 1437 1456 01
1451 1426 1495 1457 510
1509 1430 1555 1458 051
1577 1429 1702 1468 primus
1716 1439 1794 1469 gra-

1014 1477 1092 1514 dus;
1118 1479 1173 1507 aut
1195 1478 1321 1518 respicit
1344 1479 1466 1510 bonum
1490 1482 1668 1521 proprium,
1691 1485 1722 1514 et
1748 1484 1792 1515 sic

1013 1539 1127 1561 sumus
1141 1541 1216 1570 nos;
1234 1534 1290 1562 aut
1305 1532 1431 1572 respicit
1443 1533 1565 1565 bonum
1581 1535 1739 1574 alienum,
1756 1539 1793 1568 ut

1014 1586 1073 1616 sibi
1088 1587 1308 1626 conjunctum,
1326 1589 1356 1617 et
1371 1587 1415 1618 sic
1434 1589 1635 1629 quadruplex
1659 1592 1706 1621 est
1719 1600 1792 1630 gra-

1014 1639 1084 1678 dus,
1102 1640 1280 1672 secundum
1300 1640 1385 1680 quod
1409 1642 1611 1682 quadruplex
1629 1646 1676 1675 est
1699 1644 1789 1676 diffe-

1014 1693 1116 1724 rentia
1131 1694 1216 1725 modi
1231 1695 1463 1734 conjungendi.
1478 1695 1542 1727 Aut
1559 1697 1645 1727 enim
1655 1699 1702 1728 est
1712 1707 1790 1730 000-

1008 1747 1134 1787 jiinctio
1156 1748 1190 1778 in
1217 1749 1342 1778 naturae
1369 1749 1600 1790 conformitate,
1622 1752 1652 1781 et
1675 1751 1720 1782 sic
1744 1753 1792 1783 est

1012 1801 1146 1832 ultimus
1161 1802 1291 1841 gradus,
1308 1803 1364 1842 qui
1381 1802 1555 1834 attenditur
1569 1804 1603 1834 in
1623 1804 1790 1837 dilectione

1012 1855 1235 1893 inimicorum;
1253 1856 1352 1886 autin
1374 1858 1499 1888 naturae
1521 1857 1743 1890 conformitate
1758 1860 1790 1890 et

1012 1908 1261 1939 conversationis
1288 1909 1501 1941 familiaritate
1515 1934 1524 1949 ,
1549 1912 1580 1941 et
1603 1910 1648 1942 sic
1668 1914 1714 1942 est
1737 1921 1790 1952 pe-

1011 1961 1168 1992 nultimus
1183 1962 1255 1992 mod
1262 1971 1307 2001 05,
1320 1962 1375 2002 qui
1387 1963 1560 1994 attenditur
1574 1964 1608 1995 10
1623 1965 1789 1997 dilectione

1011 2016 1276 2053 domesticorum;
1292 2016 1396 2046 autin
1411 2016 1477 2055 his,
1498 2019 1529 2048 et
1551 2020 1682 2059 propter
1704 2019 1786 2057 haec,

1010 2069 1045 2100 in
1065 2069 1233 2109 sanguinis
1257 2070 1514 2110 propinquitate,
1547 2073 1578 2102 et
1606 2072 1665 2103 hoc
1686 2074 1789 2113 potest

1010 2132 1076 2154 esse
1101 2122 1270 2162 dupliciter
1293 2131 1300 2153 :
1326 2125 1381 2154 aut
1400 2124 1434 2154 in
1457 2124 1674 2163 ascendendo,
1697 2127 1728 2157 et
1743 2126 1788 2157 sic

1010 2178 1057 2207 est
1071 2176 1127 2207 filii
1143 2176 1183 2207 ad
1201 2178 1339 2216 patrem3
1365 2178 1421 2208 aut
1440 2177 1473 2208 10
1497 2178 1732 2218 descendendo,
1757 2182 1789 2211 et

1010 2230 1054 2261 sic
1068 2231 1114 2260 est
1129 2229 1226 2270 patris
1241 2229 1279 2260 ad
1294 2230 1400 2261 filium
1418 2241 1424 2261 :
1440 2233 1470 2261 et
1491 2241 1588 2271 penes
1612 2232 1682 2263 haec
1703 2233 1787 2264 acci·

1009 2284 1142 2324 piuntur
1157 2284 1221 2315 duo
1234 2284 1355 2323 gradus
1369 2284 1559 2316 intermedii.
1578 2286 1616 2317 Et
1639 2287 1683 2317 sic
1704 2289 1790 2327 patet

1010 2347 1166 2369 numerus
1191 2340 1221 2368 et
1243 2337 1433 2370 sufficientia
1458 2340 1587 2370 illorum
1618 2350 1674 2372 sex
1707 2350 1789 2381 gra-

1010 2392 1130 2430 duum;
1158 2394 1244 2432 patet
1265 2393 1360 2423 etiam
1384 2393 1550 2424 dissolutio
1574 2394 1785 2434 ohJectorum.

1009 2446 1058 2477 Ad
1070 2446 1149 2477 illud
1164 2446 1250 2477 enim
1265 2446 1350 2486 quod
1366 2446 1515 2486 objicitur
1530 2447 1568 2477 de
1589 2447 1787 2487 Augustino,

1007 2501 1075 2540 jam
1090 2501 1175 2539 patet
1196 2499 1372 2539 responsio,
1392 2500 1468 2540 quia
1489 2500 1580 2531 aliter
1605 2501 1790 2540 assignatur

1011 2553 1087 2584 ordo
1102 2553 1342 2593 diligendorum
1359 2553 1399 2584 ab
1424 2554 1625 2594 Augustino,
1644 2555 1735 2587 aliter
1748 2556 1790 2587 ab

1011 2610 1192 2642 Ambrosio.
1209 2610 1257 2641 Ad
1271 2609 1351 2640 illud
1366 2609 1449 2650 quod
1464 2610 1613 2650 objicitur
1638 2611 1677 2643 de
1696 2611 1790 2644 dilec-
