2017 2960
720 152 815 184 DIS'l'.
840 152 946 183 XXIII.
971 151 1061 183 ΛΒΤ.
1087 151 1110 182 Ι.
1135 151 1285 188 QUAEST.
1311 151 1350 181 Il.

234 233 297 254 non
317 224 440 253 tantum
461 221 498 251 de
523 221 639 251 virtute
662 219 925 256 consuetudinali,
948 229 1003 249 ve-

233 285 305 306 rum
320 276 413 305 etiam
430 274 467 304 de
482 274 568 303 omni
591 274 651 303 alia
665 273 783 303 virtute
806 272 864 301 sub
882 271 1004 301 ratione

232 328 359 359 virtutis
374 327 498 357 videtur
527 335 615 366 posse
635 327 705 356 haec
730 324 907 355 differentia
931 324 1006 354 assi-

231 381 323 420 gnari
336 381 479 420 respectu
494 379 645 410 scicntiae.
664 379 699 409 Et
716 380 880 418 propterca
899 377 1006 406 (1101111-

230 434 306 464 (111111
321 436 378 471 θεῖ,
393 433 476 473 quod
490 433 579 463 aliter
594 440 707 462 verum
723 434 768 461 cst
790 431 950 470 objectum
967 430 1003 461 fi-

230 486 291 524 dei,
309 487 398 516 aliter
415 486 575 525 effectum
593 485 743 515 scientia).
770 484 928 520 Scienliae,
954 482 1005 512 in-

229 548 338 579 quam,
355 540 515 579 obJectum
531 540 587 575 est,
600 538 676 578 quia
687 540 733 567 est
748 546 861 567 verum
876 536 983 567 visum
996 545 1003 572 ;

229 593 303 623 fidei
319 594 425 623 antem
449 594 495 622 est
514 592 685 630 objectum,
708 590 781 630 quia
805 592 851 619 est
872 597 1003 625 verum3

230 655 354 684 verum,
383 646 527 685 inquam,
555 654 619 675 non
644 643 762 680 visum,
789 641 841 673 sed
866 641 1005 671 salutife-

228 709 312 730 rum.
332 699 411 736 Quia
426 699 510 729 enim
528 700 573 728 est
594 707 657 727 non
680 697 800 733 visum,
832 694 1005 734 requiritur

227 753 265 783 ad
300 753 406 792 ipsum
441 751 699 790 cognoscendum
737 750 817 779 alius
852 748 983 779 habitus
995 772 1003 787 ‚

226 815 321 843 quam
337 806 376 835 sit
391 804 517 835 habitus
532 803 688 840 scientiae3
700 802 775 842 quia
791 801 1003 837 salutiferum,

225 859 295 889 ideo
310 859 439 889 habitus
449 858 501 888 ille
516 858 553 887 ad
565 857 699 887 salutem
713 855 849 891 ordinat,
865 856 894 884 et
908 855 946 884 ad
959 854 1005 884 vi-

225 913 288 942 tam
302 912 425 942 beatam
444 922 450 941 τ
469 913 499 941 et
514 911 583 940 ideo
600 910 695 940 habet
706 909 863 938 rationem
875 907 1005 937 virtutis

225 965 426 1004 completam.
446 964 484 994 Et
498 964 542 994 sic
558 965 642 1003 patet
657 961 743 1002 quod
759 961 839 991 nihil
860 960 1002 999 impedit,

225 1018 303 1057 quin
314 1018 393 1047 fides
406 1017 502 1057 possit
518 1026 585 1047 esse
601 1016 632 1045 in
649 1023 777 1052 verum,
794 1016 823 1044 et
839 1016 946 1044 tamen
959 1014 1004 1044 ni-

225 1071 399 1101 hilominus
414 1079 480 1100 esse
496 1070 611 1105 virtus,
629 1077 686 1108 pro
702 1077 739 1098 eo
755 1067 838 1107 quod
855 1067 916 1097 alio
931 1076 1002 1097 mo-

224 1125 264 1155 do
289 1126 334 1154 est
352 1125 384 1154 in
399 1133 525 1161 verum,
542 1132 639 1162 quam
657 1121 800 1156 scientia,
827 1121 1003 1150 secundum

222 1177 381 1216 duplicem
412 1176 625 1207 conditionem
656 1174 928 1214 praeassignaiam.
952 1173 1004 1203 Est

224 1232 309 1262 enin]
324 1232 358 1262 in
369 1232 536 1262 veritatem
553 1239 617 1261 non
632 1231 744 1266 visani⁷
762 1229 814 1258 sed
839 1229 1002 1259 veritatem

225 1284 432 1315 salutiferam.
451 1284 531 1321 Quia
544 1283 629 1314 enim
644 1292 708 1313 non
720 1282 787 1312 visa
797 1283 854 1320 est,
865 1281 1003 1312 creditur

225 1337 420 1375 voluntarie3
438 1337 513 1377 quia
525 1338 632 1367 autem
649 1344 711 1365 non
728 1335 829 1365 solum
847 1343 912 1364 non
922 1334 1000 1371 visa,

225 1391 278 1420 sed
305 1391 401 1420 etlam
424 1390 595 1427 salutifera,
613 1389 754 1419 creditur
779 1387 958 1418 voluntarie
973 1389 1004 1417 et

225 1444 387 1474 meritorie
405 1454 411 1474 z
438 1452 510 1482 quae
526 1443 589 1472 duo
613 1442 715 1472 aliena
733 1443 807 1471 sunt
823 1450 841 1470 a
856 1440 1002 1480 specula—

226 1496 310 1527 Iione
326 1496 479 1526 seientiae.
497 1495 585 1527 Unde
601 1497 631 1525 et
645 1494 761 1524 veritas
777 1494 809 1524 in
824 1503 888 1533 qua
903 1496 949 1523 est
963 1494 1002 1523 fi-

224 1550 289 1588 des,
302 1551 348 1580 est
359 1550 474 1580 veritas
485 1548 660 1579 secundum
674 1548 835 1587 pietatem,
845 1556 917 1586 quae
930 1547 1001 1586 qui-

225 1604 298 1634 dem
314 1605 389 1634 nota
407 1604 452 1633 est
468 1602 641 1640 catholicis,
658 1601 710 1631 sed
732 1601 842 1639 ignota
856 1600 915 1630 fuit
934 1600 1003 1639 phi-

225 1656 374 1696 losophis.

268 1712 296 1740 3.
323 1709 371 1739 Ad
387 1708 464 1739 illud
483 1707 566 1747 quod
583 1707 748 1747 objicitur,
775 1707 861 1746 quod
877 1706 1002 1738 credere

225 1762 293 1793 sine
308 1762 428 1792 ratione
443 1764 489 1791 est
501 1760 724 1800 vituperabile,
737 1760 906 1791 dicendum
917 1761 1001 1800 quod

225 1815 301 1846 illud
317 1824 431 1846 verum
447 1816 504 1852 est,
525 1815 580 1845 uhi
602 1813 773 1844 auctoritas
787 1822 852 1844 non
876 1813 1002 1853 supplet

225 1868 332 1898 locum
354 1868 485 1898 rationis
503 1878 510 1897 ε
529 1867 583 1897 ubi
601 1876 678 1898 vero
701 1866 873 1897 auctoritas
895 1867 1000 1897 locum

227 1921 353 1961 supplet
378 1921 525 1958 rationis,
554 1930 621 1951 non
645 1922 692 1951 est
710 1920 930 1960 vituperabile,
947 1921 1001 1951 sed

227 1973 318 2004 valde
341 1973 604 2004 commendabile.
631 1973 682 2003 Sic
696 1975 803 2004 autem
819 1975 865 2004 est
879 1974 911 2003 in
927 1974 999 2011 fide,

227 2026 379 2065 quoniam
396 2026 453 2057 etsi
467 2036 531 2057 non
548 2027 627 2057 adsit
641 2018 814 2057 intellectui
830 2026 929 2066 ipsius
940 2036 1003 2057 cre-

227 2079 329 2110 dentis
351 2080 446 2118 ratio,
464 2082 594 2120 propter
619 2089 714 2119 quam
739 2080 849 2110 debeat
876 2080 1002 2111 veritati

227 2133 377 2163 assentire
399 2157 406 2170 ‚
432 2133 519 2164 adest
550 2135 658 2163 tamen
691 2142 826 2164 summae
862 2133 1002 2164 veritatis

227 2183 397 2218 auctoritas
408 2211 415 2225 ‚
442 2196 515 2227 quae
541 2187 627 2217 cordi
657 2196 715 2218 suo
744 2187 873 2225 suadet,
903 2197 1002 2227 quam

227 2240 322 2271 etiam
346 2249 507 2271 summam
538 2241 704 2271 veritatem
729 2241 846 2270 scimus
875 2241 1003 2271 mentiri

227 2302 291 2324 non
314 2303 404 2333 posse
420 2304 427 2324 ι
444 2296 474 2324 et
498 2293 567 2324 ideo
585 2293 722 2333 impium
744 2295 790 2324 est
814 2294 842 2324 ei
859 2303 924 2324 non
939 2303 1004 2325 cre-

227 2346 300 2377 dere
317 2358 323 2377 :
341 2350 371 2377 et
387 2348 553 2387 propterea
576 2347 635 2377 boc
658 2356 723 2377 non
746 2347 825 2377 tollit
839 2371 846 2385 ,
864 2347 928 2378 imo
946 2358 1003 2388 po-

228 2400 290 2430 tius
302 2400 422 2431 confert
436 2400 510 2431 fidei
528 2409 594 2431 esse
609 2401 772 2431 virtutem.

270 2454 298 2482 4.
324 2453 372 2484 Ad
396 2453 474 2484 illud
492 2454 577 2493 quod
598 2453 757 2493 objicitur,
774 2454 859 2494 quod
883 2457 1003 2495 quanto

265 2548 272 2565 ¹
285 2549 431 2580 Dist.xx1v,
444 2553 491 2575 art.
501 2552 525 2580 2,
535 2558 559 2582 q.
569 2553 591 2575 3.
602 2565 630 2569 —
640 2552 650 2568 ²
660 2552 700 2581 Cf.
716 2552 788 2576 Alex.
799 2553 907 2584 Alensis,
918 2561 944 2585 p.
960 2556 1001 2582 111,

230 2583 312 2608 collat.
325 2590 412 2615 xxxiV,
425 2588 472 2609 art.
486 2589 511 2616 13
526 2587 552 2611 S.
564 2587 665 2618 Thom.,
679 2588 740 2617 11-11,
753 2595 777 2619 q.
788 2594 823 2620 vi,
835 2591 882 2613 art.
899 2592 904 2613 1
919 2598 926 2620 ‚-
939 2592 1003 2615 etde

235 2619 438 2652 Verit.,q.xvnt‚
449 2623 497 2645 art.
509 2622 532 2652 33
544 2623 682 2654 Scotus,lll
696 2624 775 2654 Sent„
788 2624 846 2649 dist.
858 2631 933 2656 xxm,
947 2634 972 2658 q.
983 2634 1001 2658 15

1775 154 1834 182 485

1060 218 1179 258 aliquid
1202 219 1249 248 est
1273 217 1376 256 magis
1399 217 1595 256 rationabile,
1624 220 1712 249 tanto
1732 219 1835 258 magis

1061 273 1211 301 consonat
1233 270 1344 301 virtuti
1367 271 1511 310 perfectae
1526 295 1535 308 ,
1559 270 1728 301 dicendum
1749 272 1835 311 quod

1061 324 1247 354 rationabile
1283 324 1397 354 dicitur
1419 324 1537 363 aliquid
1567 324 1756 363 dupliciter:
1781 327 1835 355 aut

1061 377 1135 415 qnia
1153 387 1329 407 consonum
1352 380 1398 408 est
1416 377 1529 408 rationi
1553 377 1684 408 elevatae
1699 380 1729 408 et
1747 378 1835 408 illus-

1062 432 1151 459 trata:
1168 440 1186 459 a
1200 430 1322 460 lumine
1342 430 1483 460 veritatis
1503 439 1667 470 supernae,
1685 432 1740 460 aut
1760 431 1836 470 quia

1061 492 1237 513 consonum
1260 485 1306 513 est
1321 484 1432 514 rationi
1450 493 1612 514 conversae
1628 484 1667 514 ad
1683 484 1836 523 cognitio-

1061 545 1134 565 nem
1158 537 1350 567 sensibilem.
1370 537 1398 566 Si
1415 537 1518 576 primo
1534 537 1628 567 modo
1647 537 1770 568 dicatur
1784 546 1836 567 ra-

1060 589 1221 626 tionabde,
1241 598 1306 619 non
1328 589 1421 619 habet
1436 590 1638 627 instantiam3
1656 590 1680 620 si
1697 591 1836 621 secundo

1062 642 1155 672 modo
1179 642 1301 672 dicatur
1326 643 1523 681 rationabile,
1543 644 1709 674 falsitatem
1728 644 1834 682 habet,

1060 696 1213 735 quoniam
1239 696 1421 735 frequenter
1435 696 1516 726 ratio
1532 696 1570 726 ad
1589 697 1751 726 sensibilia
1766 706 1837 727 con-

1060 758 1152 779 versa
1174 749 1297 788 judicat
1320 758 1387 779 esse
1415 758 1491 779 vera
1516 758 1590 788 quae
1606 751 1682 780 sunt
1702 749 1789 787 falsa,
1807 751 1838 779 et

1060 812 1125 832 esse
1149 803 1232 832 bona
1253 812 1326 842 quae
1354 804 1427 832 sunt
1453 802 1547 838 mala,
1575 804 1605 832 et
1631 811 1647 832 e
1671 811 1834 833 converso.

1061 856 1149 886 Unde
1173 856 1329 886 nonnulla
1347 855 1497 886 videntur
1518 855 1579 885 sibi
1595 855 1835 893 irrationabilia,

1060 919 1133 949 quae
1156 911 1230 939 sunt
1261 909 1352 939 valde
1380 909 1598 946 rationabilia,
1633 909 1714 939 sicut
1740 910 1835 948 patet,

1060 963 1135 1002 quia
1159 962 1314 993 nonnulla
1338 962 1488 993 videntur
1514 962 1743 992 irrationabilia
1764 961 1837 1001 phi-

1060 1016 1216 1056 losophis,
1234 1026 1306 1056 quae
1331 1018 1438 1046 tamen
1463 1016 1614 1046 videntur
1635 1015 1725 1046 valde
1741 1015 1836 1045 ratio-

1060 1069 1176 1099 nabilia
1198 1069 1395 1106 christianis,
1413 1070 1448 1099 ut
1462 1068 1595 1098 omnino
1616 1068 1788 1105 continere,
1806 1070 1837 1098 et

1059 1123 1191 1153 omnino
1207 1123 1405 1160 mendicare,
1431 1125 1461 1153 et
1481 1122 1607 1152 similia.
1626 1122 1663 1152 Et
1678 1124 1836 1162 quantum

1059 1177 1208 1215 praecellit
1221 1177 1379 1215 judicium
1395 1176 1455 1206 viri
1469 1176 1628 1215 judicium
1647 1175 1749 1215 pueri,
1766 1177 1836 1205 tan-

1059 1232 1126 1259 tum
1141 1229 1291 1269 praecellit
1313 1229 1471 1268 Judicium
1495 1228 1554 1259 viri
1570 1228 1733 1258 christiani
1746 1228 1836 1267 judi-

1059 1283 1145 1313 cium
1163 1283 1260 1313 unius
1280 1282 1471 1322 philosophi,
1489 1284 1518 1312 et
1530 1282 1690 1321 judicium
1704 1281 1836 1312 rationis

1059 1346 1188 1367 sursum
1205 1344 1366 1366 conversae
1378 1335 1535 1375 jiicliciiim
1551 1334 1682 1365 rationis
1696 1334 1735 1365 ad
1753 1334 1836 1364 infe-

1058 1392 1144 1422 riora
1167 1392 1323 1431 depressae
1341 1399 1348 1420 ε
1365 1393 1396 1421 θῖ
1410 1391 1480 1421 ideo
1495 1391 1555 1421 hoc
1572 1399 1635 1420 non
1652 1389 1783 1429 impedit
1797 1389 1834 1419 fi-

1058 1445 1130 1475 dem
1155 1454 1223 1475 esse
1246 1444 1410 1482 virtutem,
1427 1444 1503 1484 quia
1518 1443 1616 1474 credit
1628 1443 1745 1482 aliqua,
1762 1451 1835 1482 quae

1061 1497 1211 1528 videntur
1228 1507 1294 1528 esse
1309 1496 1537 1527 irratIOnabiIia
1552 1495 1676 1526 homini
1691 1495 1833 1533 animali,

1058 1553 1133 1581 sunt
1157 1553 1265 1581 autem
1290 1550 1487 1580 rationabilia
1510 1549 1635 1580 homini
1657 1548 1833 1589 spirituali:

1058 1607 1088 1635 et
1104 1605 1164 1635 hoc
1182 1605 1254 1635 facit
1271 1604 1308 1634 ad
1325 1604 1479 1634 rationem
1506 1602 1636 1634 virtutis
1648 1626 1655 1639 ‚
1672 1604 1708 1632 ut
1729 1601 1836 1632 credat

1058 1658 1125 1688 sine
1150 1658 1285 1689 ratione.
1304 1657 1337 1688 Si
1352 1658 1437 1688 enim
1455 1657 1595 1687 crederet
1609 1665 1665 1696 per
1678 1655 1835 1686 ratlenem

1059 1713 1227 1751 cogentem
1241 1736 1248 1748 ‚
1264 1712 1316 1741 illa
1331 1711 1499 1742 credulitas
1512 1719 1576 1741 non
1591 1711 1671 1740 esset
1685 1708 1835 1740 volunta—

1060 1765 1117 1802 ria,
1134 1765 1187 1795 sed
1203 1765 1380 1795 necessaria
1393 1775 1399 1795 z
1412 1764 1494 1795 etsie
1509 1773 1573 1794 non
1585 1764 1664 1794 esset
1678 1762 1832 1798 virtuosa,

1058 1827 1116 1848 nec
1143 1818 1316 1855 meritoria,
1333 1818 1414 1848 sicut
1442 1817 1558 1848 melius
1582 1815 1835 1847 manifestabitur

1061 1872 1163 1902 insra¹.

1328 1968 1507 2007 QUAEsTIO
1535 1968 1573 1999 lI.

1059 2055 1104 2081 An
1115 2054 1177 2088 fides
1187 2055 1222 2080 sit
1231 2055 1261 2080 in
1267 2055 1348 2087 parte
1356 2053 1494 2087 coqm'tiva
1505 2053 1613 2083 animoe,
1628 2051 1669 2078 vel
1680 2051 1807 2085 affectiva
1814 2050 1832 2077 2.

1099 2133 1212 2163 Utrum
1230 2132 1307 2163 fides
1320 2132 1360 2162 sit
1374 2132 1408 2162 in
1423 2133 1511 2172 parte
1526 2131 1644 2162 animae
1658 2129 1831 2169 cognitiva,
1850 2149 1954 2170 Fundam.

1059 2197 1100 2218 an
1125 2187 1288 2224 affectiva3
1305 2188 1335 2217 et
1350 2186 1436 2226 quod
1451 2186 1490 2215 sit
1504 2185 1536 2216 in
1554 2186 1642 2225 parte
1659 2183 1831 2223 cognitiva,

1060 2241 1185 2272 videtur
1200 2240 1304 2280 primo
1319 2249 1374 2279 per
1390 2238 1609 2279 Augustinum
1620 2262 1628 2275 ,
1645 2237 1699 2278 qui
1718 2237 1762 2267 sic
1776 2236 1835 2267 dif-

1059 2295 1129 2325 finit
1159 2294 1284 2326 credere
1310 2294 1343 2324 in
1374 2293 1455 2323 libro
1481 2292 1519 2324 de
1547 2291 1833 2324 praedestinatione

1059 2349 1247 2380 Sanctorum
1258 2348 1288 2378 3;
1307 2347 1461 2378 «Credere
1479 2348 1524 2377 est
1538 2346 1679 2385 cogitare
1694 2353 1768 2374 cum
1783 2352 1834 2374 as-

1059 2401 1215 2432 sensione.
1230 2412 1244 2429 n
1266 2401 1314 2431 Ad
1328 2400 1415 2430 illam
1431 2409 1508 2439 ergo
1529 2400 1596 2430 vim
1616 2397 1751 2438 pertinet
1765 2406 1834 2428 cre-

1059 2454 1143 2493 dere,
1160 2454 1198 2484 ad
1213 2463 1312 2493 quam
1332 2453 1468 2493 pertinet
1483 2452 1622 2491 cogitare
1644 2460 1651 2481 :
1669 2451 1721 2482 sed
1743 2450 1834 2490 cogi-

1059 2558 1184 2587 Richard..
1202 2558 1233 2582 111
1250 2558 1329 2588 Sent.,
1342 2557 1399 2581 dist.
1415 2561 1495 2585 xxiii,
1507 2556 1591 2583 art.6,
1606 2560 1673 2585 ‹1.1i;
1689 2555 1834 2586 Durandus,

1060 2595 1090 2617 111
1102 2595 1181 2622 Sene„
1194 2594 1250 2618 dist.
1262 2598 1339 2622 xxm,
1349 2600 1372 2623 q.
1388 2598 1405 2616 11
1416 2599 1422 2621 ;
1434 2591 1523 2621 Steph.
1533 2590 1636 2621 Brutos„
1647 2591 1676 2613 111
1687 2590 1767 2620 Sene„
1776 2590 1834 2614 dist.

1059 2635 1135 2660 12:111,
1145 2637 1170 2661 q.
1182 2636 1211 2654 n.
1224 2643 1253 2647 -
1268 2629 1278 2645 ³
1292 2631 1366 2659 Aug„
1382 2627 1411 2651 de
1427 2626 1543 2650 Proedest.
1557 2627 1625 2650 sanct
1639 2643 1646 2656 ‚
1657 2633 1679 2650 c.
1692 2631 1720 2657 11,
1733 2632 1759 2651 n.
1776 2627 1799 2650 5.
