2017 2960
562 162 750 194 DisTINGT.
774 163 893 195 XXVII.
917 165 1007 197 ART.
1031 166 1054 197 1.
1079 167 1231 205 QUAEST.
1256 169 1294 200 11.

126 233 191 271 nis,
208 233 268 263 nisi
281 233 384 264 solum
397 241 453 272 per
466 231 702 268 radicationem,
719 231 897 261 secundum

125 286 211 326 quod
231 286 306 316 dicit
324 285 511 324 Gregorius¹
524 309 532 322 ,
549 284 633 324 quod
654 285 811 324 praecepta
826 286 900 314 sunt

126 338 227 369 multa
249 347 304 378 per
323 338 538 369 diversitatem
559 337 679 377 operis,
696 339 726 367 et
749 346 853 367 unum
866 337 900 367 in

124 392 228 422 radice
248 391 424 422 dilectionis
442 402 450 422 z
466 391 541 431 quia
569 391 724 431 quidquid
754 391 899 430 praecipi-

125 447 189 483 tur,
206 445 240 475 in
256 445 322 475 sola
340 444 491 475 charitate
510 444 669 475 radicatur
686 455 692 474 z
710 444 770 474 hoc
793 446 900 474 autem

124 507 191 529 non
204 499 251 529 est
265 498 340 537 quia
348 497 445 528 solius
453 497 614 528 charitatis
629 497 668 527 sit
682 497 798 536 exequi
813 506 900 537 prae-

125 553 215 591 cepta
236 552 397 591 injuncta,
414 551 468 582 sed
489 551 566 590 quia
585 550 655 581 aliae
676 550 811 581 virtutes
833 550 901 581 sine

126 603 278 634 charitate
306 613 370 634 non
397 605 604 644 exequuntur
620 603 730 633 divina
744 605 902 642 praecepta

126 657 301 688 secundum
317 657 564 697 acceptationem
580 656 734 687 divinam.

167 712 197 741 5.
213 711 262 741 Ad
277 710 355 741 illud
370 711 455 750 quod
466 710 625 750 objicitur,
642 709 727 748 quod
741 710 901 748 objectum

127 764 290 794 charitatis
325 772 496 794 commune
531 766 576 793 est
606 763 738 802 objectis
766 763 901 792 aliarum

126 817 304 855 virtutum,
319 815 575 856 respondendum
598 817 644 845 est
670 824 726 854 per
749 815 901 845 interem-

126 870 285 910 ptionem,
302 869 377 909 quia
393 869 554 909 ohJectuin
578 868 740 898 charitatis
767 877 832 898 non
857 870 903 898 cst

126 923 353 964 quodcumque
367 924 501 960 honum,
518 922 571 953 sed
587 923 707 952 bouum
723 930 900 958 summum,

126 979 157 1008 et.
172 977 293 1007 bonum
309 977 369 1007 sub
383 977 504 1007 ratione
520 976 596 1006 boni
615 984 622 1006 :
637 977 668 1005 et
687 975 729 1005 ita
742 975 903 1014 ObJectum

127 1030 290 1061 charitatis
317 1030 529 1069 distinguitur
550 1029 727 1060 secundum
756 1029 903 1059 substan-

128 1084 204 1115 tiam
220 1084 259 1114 ab
274 1084 404 1124 obJ'ectis
418 1084 577 1114 virtutum
592 1082 816 1119 cardinalium,
832 1091 904 1121 quae

127 1137 246 1168 habent
261 1137 423 1177 objectum
445 1140 606 1174 creatum;
631 1136 671 1166 ab
691 1136 813 1175 objecto
828 1144 904 1165 vero

127 1191 264 1221 aliarum
279 1191 436 1222 virtutum
456 1190 709 1229 theologicarum
728 1189 905 1219 secundum

128 1244 339 1275 substantiam
353 1253 417 1273 non
431 1243 652 1282 distinguitur,
664 1243 717 1273 sed
727 1243 902 1273 secundum

127 1297 283 1328 rationem
306 1297 455 1327 movendi
474 1307 480 1327 t
496 1305 569 1336 quae
593 1296 722 1336 quidem
737 1295 817 1325 ratio
832 1304 905 1326 mo-

128 1350 241 1381 vendi:
258 1350 330 1381 facit
344 1350 559 1380 diversitatem
568 1350 599 1379 in
611 1351 695 1385 actu,
706 1349 866 1387 ethabstu,
876 1351 907 1379 et

129 1404 269 1444 potentia
283 1403 467 1434 substantiae
482 1405 589 1440 motae,
605 1403 685 1432 sicut
699 1404 783 1442 patet
800 1402 904 1441 :quia,

129 1457 277 1497 quamvis
292 1466 395 1488 unum
405 1459 435 1487 et
444 1457 528 1487 idem
547 1457 587 1487 sit
601 1465 715 1487 verum
729 1458 760 1486 et
771 1455 904 1493 bonum,

129 1512 236 1541 tamen
254 1511 393 1550 cognitio
401 1512 432 1541 et
446 1510 579 1547 affectio,
592 1512 622 1540 et
636 1510 775 1549 potentia
794 1508 906 1548 cogni-

129 1564 194 1595 tiva
209 1566 240 1595 et
253 1564 418 1600 affectiva,
443 1566 474 1595 et
495 1564 623 1594 habitus
645 1563 784 1594 scientiae
799 1565 829 1593 et
844 1562 907 1593 vir-

129 1617 206 1648 tutis
220 1617 337 1648 habent
350 1617 389 1647 ab
406 1617 445 1657 (a)
464 1617 603 1648 invicem
622 1617 844 1647 differentiam.

169 1673 198 1701 6.
220 1671 268 1702 Ad
284 1671 361 1701 illud
379 1671 463 1711 quod
479 1671 646 1710 objicitur,
663 1670 750 1710 quod
770 1670 906 1701 charitas

128 1725 245 1755 sufficit
260 1725 299 1755 ad
314 1725 485 1764 praemium
506 1727 538 1755 et
551 1725 589 1755 ad
613 1724 781 1760 meritum,
798 1724 903 1754 dicen-

128 1778 206 1809 dum
221 1778 307 1818 quod
322 1779 458 1809 charitas
474 1778 587 1809 dicitur
602 1778 745 1808 sufficere
759 1778 798 1808 ad
814 1778 906 1808 meri—

129 1833 200 1862 tum
221 1834 252 1862 et
272 1832 311 1862 ad
330 1832 499 1872 praemium
521 1833 650 1871 propter
674 1831 904 1862 connexionem

129 1885 266 1916 aliarum
280 1885 438 1916 virtutum
451 1887 481 1915 et
497 1884 620 1915 dotum.
635 1883 695 1921 Qui
710 1885 796 1915 enim
810 1885 905 1916 hahet

128 1938 333 1976 charitatem,
349 1938 446 1969 habet
464 1938 540 1968 alias
554 1938 690 1969 virtutes
707 1949 714 1968 :
730 1940 760 1968 et
775 1939 831 1978 qui
845 1939 902 1969 ha-

130 1992 182 2022 bet
194 1992 301 2023 dotem
316 1992 375 2022 sibi
391 1991 702 2031 corresmndentem,
718 1991 814 2022 habet
828 1991 904 2022 alias

127 2046 233 2084 dotes,
257 2048 286 2076 et
301 2046 346 2076 ita
361 2045 582 2076 sufficientiam
597 2045 630 2075 in
649 2044 761 2075 merito
776 2047 807 2075 et
822 2054 903 2084 prae-

127 2099 211 2137 mio,
227 2108 292 2130 non
307 2099 429 2130 ratione
444 2099 606 2129 charitatis
619 2100 744 2129 tantum
755 2123 763 2137 ,
780 2099 834 2129 sed
850 2108 904 2129 ra—

127 2153 213 2184 tione
225 2153 364 2184 aliarum
378 2153 536 2183 virtutum
551 2161 763 2183 annexarum.
781 2152 819 2182 Et
834 2152 903 2183 ideo

127 2216 168 2238 ex
191 2200 255 2238 hoc'
272 2215 340 2237 non
358 2208 459 2246 potest
481 2206 640 2244 concludi,
657 2206 741 2246 quod
757 2206 827 2236 aliae
842 2206 904 2237 vir-

127 2261 211 2290 tutes
224 2259 441 2299 superfluant,
458 2259 509 2289 vcl
528 2259 614 2299 quod
628 2259 764 2289 charitas
779 2259 844 2291 sota
865 2260 904 2290 sit

127 2313 230 2344 virtus
251 2313 291 2343 ab
308 2313 378 2343 aliis
400 2321 464 2343 non
490 2312 650 2351 distincta,
676 2321 733 2352 pro
754 2322 791 2343 eo
817 2313 903 2353 quod

127 2375 192 2397 non
222 2366 319 2397 habet
344 2366 566 2397 sufficientiam
594 2375 651 2406 per
676 2376 709 2397 se
737 2366 803 2397 sola
815 2391 823 2405 ,
849 2367 902 2397 sed

127 2421 223 2460 prout
243 2421 291 2450 est
312 2429 386 2451 cum
407 2420 476 2451 aliis
500 2421 682 2460 conjuncta.
706 2420 743 2451 Et
766 2430 822 2460 per
842 2421 903 2451 hoc

127 2474 212 2512 patet
236 2473 321 2512 quod
350 2482 415 2504 non
438 2475 540 2513 potest
565 2473 680 2513 aliquis
708 2473 903 2504 sufficienter

161 2571 167 2586 ¹
183 2571 269 2601 Greg„
281 2571 305 2593 in
318 2571 424 2601 Evany„
438 2571 649 2596 hommum—²
659 2572 698 2602 Cf.
711 2573 780 2597 Alex.
793 2573 900 2604 Atrusis,

127 2606 212 2637 Cant„
224 2613 250 2637 p.
264 2606 305 2634 ΙΙΙ,
316 2606 373 2631 coll.
384 2612 447 2636 LVII,
457 2608 774 2638 arz.5;s.Th0m.‚11-1t,
788 2615 899 2640 q.xx111,

125 2644 172 2666 art.
188 2643 218 2673 ὅς
231 2642 301 2666 etssltl
315 2642 394 2674 Sent.,
409 2642 466 2667 dist.
479 2649 561 2675 xxvii,
577 2651 602 2676 q.
618 2650 654 2675 11,
666 2646 713 2668 att,
726 2646 753 2675 45
770 2645 898 2676 ltichard„

1668 179 1726 207 603

955 234 1081 272 mereri„
1096 235 1156 265 nisi
1169 239 1282 276 speret,
1299 240 1329 268 et
1344 239 1450 269 credat
1467 250 1473 270 ε
1491 249 1658 281 nunquam
1672 253 1727 273 au-

955 288 1019 317 tem
1036 290 1137 327 potest
1150 289 1264 329 aliquis
1278 300 1344 322 esse
1357 293 1523 332 expeditus
1538 297 1567 324 et
1584 295 1728 326 habilita-

955 342 1007 370 tus
1028 341 1066 371 ad
1088 343 1279 373 credendum
1301 347 1332 375 et
1351 346 1559 385 sperandum,
1576 348 1636 378 nisi
1657 358 1728 379 me-

956 393 1061 424 diante
1076 395 1137 425 fide
1152 398 1183 426 et
1197 406 1251 436 spe
1271 408 1276 428 :
1290 398 1436 430 similiter
1449 400 1531 431 circa
1545 401 1631 432 dotes
1646 411 1726 441 prze-

957 447 1013 477 mii
1031 447 1273 488 intelligendum
1286 454 1342 482 est.

1217 566 1396 603 QUAESTIO
1420 569 1457 600 ll.

977 645 1020 673 An
1033 646 1141 673 habitus
1156 647 1303 675 charitatis
1317 650 1354 675 sit
1367 658 1435 677 unus
1449 651 1598 686 indivisus,
1615 661 1650 680 an
1663 662 1713 688 per

1172 693 1269 726 speeies
1284 694 1483 728 multiplicatus
1497 696 1518 722 ‘-‘.

998 770 1112 802 Utrum
1128 772 1257 803 habitus
1274 774 1435 805 charitatis
1456 776 1495 806 sit
1515 786 1599 807 unus
1614 777 1731 808 indivi-
1752 791 1784 811 ,m
1801 798 1851 817 opp.

958 833 1027 862 suS,
1049 834 1089 855 an
1107 834 1164 864 per
1184 827 1303 866 species
1326 828 1574 869 multiplicatus3
1594 833 1624 861 et
1647 832 1732 871 quod

957 877 1073 908 habeat
1111 888 1167 918 per
1202 881 1321 920 species
1350 883 1550 923 multiplicari
1567 909 1574 922 ,
1607 885 1734 916 videtur

958 931 1062 971 primo
1087 942 1142 972 per
1168 934 1289 973 objecta
1307 946 1313 965 :
1331 937 1483 975 quoniam
1508 937 1590 968 circa
1609 938 1734 969 diversa

959 985 1057 1016 volita
1077 989 1107 1017 et
1131 987 1253 1027 objecta
1276 988 1411 1020 diversae
1436 992 1511 1021 sunt
1534 991 1732 1030 voluntates,

960 1039 1010 1070 vel
1025 1039 1171 1072 virtutes.
1192 1042 1279 1073 Sicut
1293 1044 1379 1073 enim
1397 1044 1465 1075 vult
1491 1045 1733 1084 Augustinus³‚

960 1093 1155 1133 voluntates,
1179 1096 1230 1126 vel
1253 1097 1386 1128 virtutes
1411 1098 1665 1130 diversificantur
1686 1109 1735 1130 se-

961 1148 1103 1178 cundum
1120 1149 1217 1180 volita
1241 1161 1247 1180 :
1265 1150 1318 1181 sed
1340 1151 1476 1182 charitas
1500 1155 1546 1182 est
1566 1162 1656 1183 amor
1681 1154 1736 1184 Dei

961 1202 991 1231 et
1007 1202 1146 1240 proximi
1164 1214 1171 1234 t
1194 1203 1219 1232 si
1240 1213 1318 1242 ergo
1344 1204 1425 1235 Deus
1447 1206 1478 1235 et
1499 1207 1666 1244 proximus
1690 1207 1736 1237 di-

962 1257 1045 1285 stant
1065 1256 1213 1286 distantia
1229 1257 1365 1296 infinita,
1382 1268 1509 1289 necesse
1522 1262 1568 1290 est
1590 1260 1736 1291 habitum

961 1309 1165 1348 regulantem
1189 1311 1338 1341 animum
1359 1312 1398 1342 ad
1419 1313 1594 1344 amandum
1615 1313 1735 1352 Deum,

962 1365 993 1393 et
1009 1363 1047 1393 ad
1071 1364 1245 1396 amandum
1268 1366 1469 1406 proximum,
1490 1377 1557 1399 esse
1576 1368 1693 1407 atium,
1709 1372 1740 1400 et

962 1416 1072 1447 alium.

1002 1472 1030 1500 2.
1064 1470 1142 1501 Item
1168 1471 1228 1502 hoc
1252 1472 1357 1512 ipsum
1382 1474 1558 1505 ostenditur
1580 1484 1636 1514 per
1660 1485 1739 1516 prae-

963 1525 1063 1562 cepta,
1090 1524 1167 1564 quia
1187 1525 1242 1555 ubi
1262 1528 1338 1556 sunt:
1358 1526 1483 1558 diversa
1506 1531 1675 1568 praecepta,
1696 1530 1738 1560 ibi

963 1577 1081 1607 diversi
1109 1580 1184 1608 sunt
1214 1579 1340 1610 habitus
1363 1580 1566 1612 habilitantes
1596 1582 1737 1613 animam

963 1631 1002 1662 ad
1032 1631 1086 1662 illa
1110 1635 1269 1673 praecepta
1293 1634 1473 1675 implenda,
1499 1636 1639 1667 maxime
1664 1646 1738 1668 cum

962 1684 1037 1724 ipsis
1066 1687 1230 1727 praeceptis
1255 1689 1485 1728 praecipiuntur
1511 1699 1607 1730 opera
1636 1691 1737 1721 virtu-

962 1740 1032 1769 tum
1059 1750 1065 1770 z
1091 1740 1116 1770 si
1144 1750 1222 1780 ergo
1248 1742 1332 1773 circa
1355 1745 1461 1773 actum
1485 1744 1646 1775 charitatis
1674 1745 1738 1775 duo

962 1794 1138 1825 consistunt
1165 1796 1334 1835 mandata,
1363 1798 1490 1829 videtur
1517 1799 1603 1838 quod
1634 1799 1738 1830 virtus

962 1847 1122 1879 charitatis
1137 1858 1202 1880 non
1217 1850 1256 1880 sit
1271 1860 1347 1881 una.

1003 1904 1032 1932 3.
1049 1901 1128 1933 Item
1152 1903 1211 1933 hoc
1230 1903 1336 1943 ipsum
1360 1905 1535 1936 ostenditur
1550 1915 1606 1945 per
1628 1907 1738 1937 modos

961 1955 1124 1995 diligendi.
1150 1957 1239 1987 Alius
1263 1958 1349 1988 enim
1379 1960 1425 1988 est
1449 1959 1563 1989 modus
1584 1959 1738 1999 diligendi

963 2009 1083 2047 Deum,
1111 2020 1209 2050 quam
1235 2011 1388 2050 diligendi
1412 2012 1608 2051 proximum.
1637 2013 1736 2044 Deum

961 2063 1047 2094 enim
1062 2064 1152 2094 debet
1164 2065 1390 2105 unusquisque
1405 2065 1539 2105 diligere
1555 2067 1626 2106 plus
1638 2077 1736 2107 quam

961 2126 994 2147 se
1010 2126 1050 2148 ex
1067 2120 1129 2149 toto
1145 2119 1255 2156 corde3
1273 2119 1326 2149 sed
1349 2119 1534 2159 proximum
1550 2120 1631 2151 sicut
1652 2121 1737 2161 seip-

961 2179 1045 2207 sum,
1070 2173 1100 2202 et
1118 2181 1158 2202 ex
1179 2174 1279 2212 parte.
1301 2172 1333 2203 Si
1356 2182 1434 2212 ergo
1458 2173 1586 2203 habitus
1610 2173 1737 2204 virtutis

961 2225 1055 2256 datur
1069 2226 1109 2256 ad
1123 2227 1370 2258 modificandum
1386 2229 1503 2264 actum,
1521 2237 1594 2258 cum
1611 2228 1692 2258 alius
1707 2231 1738 2259 et

961 2279 1042 2310 atius
1063 2279 1102 2310 sit
1124 2280 1201 2310 hinc
1224 2283 1255 2311 et
1270 2281 1343 2311 inde
1364 2281 1497 2320 modus,
1514 2280 1596 2312 alius
1610 2284 1641 2312 et
1655 2282 1738 2312 alius

961 2334 1019 2364 erit
1033 2334 1109 2364 hinc
1122 2336 1153 2365 et
1166 2335 1238 2366 inde
1254 2335 1391 2366 habitus.

1000 2391 1029 2418 4.
1047 2388 1125 2420 Item
1146 2389 1206 2420 hoc
1225 2389 1332 2429 ipsum
1347 2390 1523 2420 ostenditur
1539 2399 1594 2429 per
1608 2389 1710 2420 simile
1727 2401 1732 2419 :

959 2442 1036 2483 quia
1059 2443 1213 2482 sapientia
1231 2452 1304 2483 quae
1320 2446 1366 2474 est
1381 2444 1419 2474 de
1434 2444 1578 2481 aeternis,
1595 2443 1676 2474 alius
1691 2445 1737 2474 est

959 2495 1086 2527 habitus
1101 2498 1132 2527 et
1146 2496 1231 2527 aliud
1247 2497 1379 2533 donum,
1397 2506 1495 2536 quam
1513 2497 1645 2527 scientia
1662 2506 1735 2537 quae

960 2575 990 2598 itt
1007 2574 1085 2604 Sciit„
1100 2574 1157 2598 dist.
1176 2580 1257 2602 xxvxi,
1273 2576 1320 2597 art.
1340 2575 1363 2601 fi,
1382 2581 1405 2603 4.
1424 2579 1445 2603 13
1470 2574 1614 2604 Stephanus
1632 2574 1733 2603 Brutus„

962 2611 990 2633 ΙΙΙ
1009 2611 1087 2640 Sem„
1102 2610 1160 2634 dist.
1176 2615 1258 2640 xxvii,
1274 2617 1299 2640 q.
1316 2615 1343 2632 11.
1356 2622 1386 2626 —
1397 2609 1408 2626 ⁸
1422 2610 1497 2640 Aug„
1519 2609 1548 2633 de
1569 2610 1622 2634 Lib.
1639 2610 1734 2641 Arbis„

961 2647 1005 2671 tib.
1021 2647 1038 2676 1,
1054 2654 1076 2671 c.
1093 2651 1149 2672 1111.
1160 2659 1189 2664 —
1204 2646 1236 2676 (a)
1248 2646 1281 2670 Al
1294 2646 1334 2670 ad.
