2017 2960
98 1689 145 1709 Fun
162 1695 173 1709 a

621 159 720 191 DIST.
743 158 824 190 XIII.
847 157 938 190 ART.
963 159 987 189 Ι.
1011 157 1161 196 QUAEST.
1186 158 1240 190 111.

210 232 275 261 tem
302 236 462 270 personae3
489 229 520 258 et
544 228 652 257 tamen
674 226 771 256 homo
790 227 934 256 remanet
952 225 985 255 in

210 293 269 314 sua
286 282 417 319 finitate,
433 282 464 311 et
487 280 568 310 Deus
595 279 628 309 in
656 288 714 310 sua
740 278 952 309 immensitate
975 287 982 308 :

210 335 358 376 quamvis
369 334 456 365 enim
467 334 610 365 humana
622 335 736 364 natura
744 333 911 370 exaltetur,
920 341 985 363 non

211 392 320 419 tamen
334 387 448 418 desinit
461 396 528 417 esse
543 389 698 417 creatura.

250 443 280 471 6.
297 440 346 471 Ad
371 440 450 471 illud
461 440 548 480 quod
562 440 731 480 quaeritur,
752 442 865 470 utrum
879 439 987 469 anima

211 494 323 526 Christi
346 494 444 534 possit
458 494 647 533 ampliorem
663 494 802 532 gratiam
827 495 984 532 appetere,

209 548 379 580 dicendum
393 547 479 587 quod
504 556 580 585 non,
596 547 671 587 quia
695 547 773 578 adeo
798 546 860 577 Deo
879 555 935 585 per
948 545 987 575 il-

209 602 275 633 lam
289 602 426 641 gratiam
440 601 530 631 unita
545 603 601 638 est,
620 602 655 631 ut
669 600 775 631 omnis
790 601 861 639 eJus
871 599 988 639 appeti-

210 657 263 686 tus
276 655 316 685 sit
333 654 367 684 in
382 655 449 694 Ipso
471 655 556 685 bono
572 654 729 684 immenso
751 653 912 692 quietatus
924 676 932 689 ,
958 654 988 683 et

212 707 400 739 terminatus
412 707 608 746 quietatione
631 707 778 746 perfecta.
796 706 886 742 Quod
910 714 988 745 ergo

211 761 332 801 oincit,
347 761 433 800 quod
447 760 536 790 omni
561 759 652 790 finito
672 761 774 799 potest
789 758 909 798 aliquid
925 767 990 788 ma-

208 816 264 854 ιῙ115
278 815 395 854 appeti,
411 814 581 845 dicendum
593 814 680 853 quod
696 822 811 844 verum
825 815 872 843 est
887 812 926 843 de
952 813 989 842 fi-

212 868 280 898 nito
291 868 326 898 in
340 877 373 898 se
387 877 395 905 ;
412 868 464 898 sed
481 868 520 898 de
537 867 592 898 illo
606 867 696 897 finito
718 866 804 906 quod
821 866 946 897 ordinat
960 868 991 897 et

215 921 286 952 unit
313 921 398 951 bono
417 921 542 951 infinito
566 922 719 960 J'unctura
747 922 778 950 et
792 920 991 950 ordinatione

213 975 359 1015 perfecta,
372 983 437 1005 non
452 974 548 1005 habet
562 975 744 1011 veritatem3
756 974 832 1013 quia
848 973 992 1013 quietare

214 1030 314 1068 potest
327 1030 358 1058 et
370 1028 507 1058 stabilire
532 1028 657 1058 ratione
682 1028 752 1066 ejus
767 1036 786 1057 a
808 1036 883 1066 quo,
907 1029 938 1057 et
952 1027 992 1057 ad

214 1082 310 1122 quod.
341 1081 429 1112 Unde
455 1081 568 1120 gratia,
587 1081 735 1120 quamvis
754 1080 793 1110 sit
822 1080 942 1111 vanitas
958 1079 993 1110 in

215 1137 373 1175 quantum
401 1136 563 1172 creatura,
592 1134 688 1164 habet
716 1136 824 1164 tamen
850 1133 992 1164 animam

215 1189 355 1220 stabilire
369 1189 492 1219 ratione
507 1189 576 1227 ejus
591 1188 666 1218 boni
680 1197 699 1217 a
715 1196 780 1226 quo
795 1187 946 1226 procedit,
963 1189 993 1217 et

216 1253 234 1274 a
255 1252 319 1282 quo
344 1251 410 1273 non
424 1243 589 1281 separatur
605 1249 663 1271 nec
678 1240 795 1271 recedit
812 1249 819 1270 :
835 1240 880 1270 sic
895 1240 992 1270 etiam

214 1297 356 1337 quietare
380 1297 481 1336 potest
499 1295 621 1325 ratione
635 1296 715 1334 ejuS,
732 1294 784 1325 0111
810 1294 993 1325 immediate

215 1352 246 1380 et
256 1349 509 1389 inseparabiliter
523 1348 704 1387 conjungit.

477 1468 657 1507 QUAESTlo
678 1468 731 1500 ΙΙΙ.

217 1546 264 1573 Αη
274 1547 366 1580 qratia
375 1546 524 1579 sinyularz's
531 1552 651 1580 personoe
661 1546 691 1571 in
703 1544 806 1571 Christo
820 1546 904 1578 fuerit
912 1545 996 1580 plena

418 1591 526 1625 qratia,
543 1592 624 1624 atque
634 1590 758 1624 perfecta
773 1589 792 1615 ¹.

198 1703 203 1708 ,
259 1669 373 1701 Utrum
387 1669 491 1708 gratia
505 1669 679 1708 singularis
693 1677 840 1708 personae
851 1668 886 1698 in
895 1668 997 1698 Chris-

218 1726 250 1754 to
277 1723 372 1754 fuerit
398 1723 502 1762 gratia
528 1723 632 1762 plena,
661 1724 757 1762 atque
782 1722 934 1761 perfecta3
966 1723 998 1751 et

218 1776 303 1816 quod
317 1777 373 1814 sic,
390 1776 517 1807 videtur
528 1777 539 1792 ²
555 1786 562 1806 z
585 1776 726 1815 Replevz't
741 1783 812 1807 eum
825 1776 944 1815 spiritu
961 1776 998 1806 tz'-

218 1831 317 1862 moris
343 1830 487 1867 Domini,
514 1829 630 1860 dicitur
653 1830 690 1860 de
708 1830 853 1860 Christo:
876 1830 997 1859 constat

219 1884 304 1923 quod
318 1883 494 1914 secundum
505 1882 683 1913 humanam
692 1885 845 1913 naturam
855 1893 862 1913 :
874 1882 928 1912 sed
936 1890 998 1912 010-

220 1939 288 1968 tera
312 1937 396 1968 dona
410 1936 523 1976 gratiae
545 1938 620 1966 sunt
634 1936 778 1975 {aequalia
802 1946 808 1966 :
829 1945 907 1975 ergo
929 1935 997 1976 pari

221 1990 343 2021 ratione
354 1990 487 2030 replevit
512 1990 618 2029 ipsum
634 1989 746 2028 spiritu
762 1989 881 2019 amoris
891 2012 899 2026 ‚
920 1998 997 2028 gra-

221 2043 286 2080 tiae,
312 2045 343 2074 et
362 2043 406 2073 sic
422 2042 461 2073 de
475 2042 544 2072 aliis
561 2053 568 2072 :
586 2042 640 2072 sed
654 2042 738 2072 dona
759 2041 835 2071 talia
856 2043 999 2081 spectant

221 2097 261 2127 ad
274 2096 413 2136 gratiam
427 2095 601 2134 singularis
615 2103 761 2134 personae
777 2103 785 2125 :
802 2103 891 2133 ergo,
908 2096 966 2125 etc.

262 2150 340 2181 Item
355 2151 365 2168 ³
384 2158 392 2180 ε
419 2148 569 2180 Vidimus
595 2148 732 2188 qloriam
753 2147 838 2187 ejus,
863 2148 999 2188 qloriam

221 2204 318 2243 quasi
340 2202 505 2242 zmiqem’tz‘
517 2210 538 2233 α
552 2202 662 2239 Patre,
685 2201 815 2240 *plenum
835 2202 950 2241 qratioe
972 2204 1000 2233 ec

222 2258 384 2290 veritatis.
401 2256 462 2287 Sed
483 2256 626 2287 Christus
651 2256 831 2287 secundum
856 2256 1000 2287 divinam

222 2314 373 2343 naturam
393 2319 460 2341 non
486 2312 533 2341 est
558 2309 772 2349 susceptibilis
791 2309 917 2349 gratiae,
934 2309 1000 2339 imo

224 2366 293 2404 ejus
304 2364 497 2405 principium
511 2363 696 2394 effectivum
711 2374 717 2393 ε
734 2371 813 2402 ergo
836 2363 898 2393 hoc
923 2361 1001 2392 dici-

226 2421 278 2449 tur
289 2417 464 2449 secundum
472 2417 650 2448 humanam
665 2418 827 2454 naturam,
839 2414 926 2456 quod
940 2414 1002 2446 ha-

226 2472 331 2503 buerit
347 2472 383 2503 in
395 2481 429 2503 se
447 2472 587 2512 gratiam
598 2472 739 2512 plenam.

260 2569 320 2600 ΗΖΓ.
336 2570 362 2593 S.
379 2569 480 2598 Thom„
495 2577 520 2600 p.
538 2569 587 2600 111,
609 2577 634 2601 q.
650 2576 708 2600 vm,
724 2572 772 2594 art.
785 2571 812 2600 53
838 2572 863 2593 et
877 2569 907 2593 Ill
923 2569 1003 2594 Sent..

229 2605 287 2629 dist.
298 2610 356 2635 1111,
366 2611 392 2636 q.
402 2610 441 2636 111,
451 2606 499 2628 art.
510 2606 534 2635 2,
545 2612 571 2636 q.
580 2611 603 2635 1;
617 2604 682 2629 etde
695 2605 784 2635 Verit„
793 2612 818 2636 q.
831 2610 904 2634 xxix,
914 2606 962 2628 art.
972 2605 1002 2634 2;

230 2641 255 2665 et
264 2640 351 2672 Opusc.
371 2640 414 2669 ΙΙΙ,
429 2647 452 2664 c.
466 2646 572 2671 ccum
584 2640 716 2672 Richard„
731 2641 764 2665 Ill
775 2639 924 2671 sent.,‚dist.
937 2645 1003 2670 ¹111.

1756 162 1816 192 283

1081 226 1160 256 Item
1184 226 1339 265 capacitas
1358 235 1468 256 carens
1495 226 1713 265 plenitudine,
1732 232 1817 262 caret

1040 281 1070 309 et
1088 279 1277 318 perfectione
1295 290 1302 309 ε
1319 288 1397 318 ergo
1411 279 1468 310 ubi
1485 282 1532 310 est
1558 289 1675 319 ponere
1695 282 1815 320 perfec-

1040 332 1171 371 tionem,
1202 334 1248 364 est
1272 342 1390 372 ponere
1411 333 1641 373 plenitudinem
1666 345 1673 364 2
1705 335 1759 364 sed
1784 334 1817 364 in

1041 385 1174 422 Christo,
1220 386 1398 417 secundum
1430 387 1515 426 quod
1555 389 1601 417 est
1645 387 1818 426 singularis

1041 448 1187 478 persona,
1204 442 1251 469 est
1278 448 1396 479 ponere
1411 440 1630 470 omnimodam
1651 440 1818 480 perfectio-

1041 501 1116 523 nem
1131 492 1258 523 virtutis
1272 496 1302 523 et
1318 494 1431 532 gratiae
1458 505 1464 525 z
1481 503 1559 533 ergo
1576 497 1607 525 et
1628 494 1742 533 gratiae
1757 494 1819 534 ple-

1042 545 1234 576 nitudinem.

1084 599 1162 629 Item
1176 599 1285 629 nullus
1311 601 1413 638 potest
1439 599 1508 630 aliis
1531 601 1669 639 gratiam
1683 602 1820 640 perfecte

1043 652 1292 688 communicare,
1314 654 1345 682 et
1357 652 1492 683 influere
1503 653 1570 684 sine
1592 654 1715 684 defectu
1731 657 1761 684 et
1776 655 1821 685 di-

1045 705 1233 743 minutione,
1250 705 1311 736 nisi
1328 706 1416 745 prius
1427 707 1460 736 111
1477 715 1510 737 50
1526 707 1696 746 perfectam
1707 707 1820 738 haheat

1044 758 1157 798 gratiae
1173 759 1405 798 plenitudinem
1422 769 1429 789 :
1446 759 1500 790 sed
1520 760 1530 775 ⁴
1545 760 1584 791 de
1593 760 1706 791 Christi
1719 760 1821 799 pleni-

1045 812 1156 844 tudine
1171 820 1275 844 omnes
1290 814 1480 853 accepimus,
1496 816 1526 844 et
1538 822 1661 851 omnes,
1677 814 1703 844 si
1714 814 1822 854 plures

1045 868 1159 903 essent,
1172 869 1299 906 possent
1313 867 1464 907 accipere,
1482 876 1540 898 nec
1556 867 1670 907 aliquis
1684 868 1822 899 defectus

1045 920 1216 950 intervenit
1233 931 1240 950 z
1256 929 1334 959 ergo
1349 920 1475 951 videtur
1489 921 1575 959 quod
1587 920 1729 951 Christus
1742 921 1776 951 in
1789 930 1821 951 se

1046 973 1277 1013 plenitudinem
1292 974 1406 1013 gratiae
1420 974 1578 1005 hahuerit.

1087 1027 1148 1058 Sed
1163 1030 1272 1058 contra
1289 1039 1295 1058 ε
1315 1031 1343 1058 1.
1359 1027 1525 1058 Plenitudo
1545 1027 1658 1067 gratiae
1680 1028 1823 1058 consistit

1047 1081 1080 1111 in
1098 1081 1248 1111 omnibus
1273 1081 1434 1112 habitibus
1450 1081 1609 1112 virtutum
1627 1092 1633 1111 :
1651 1081 1705 1111 sed
1721 1080 1824 1111 Chris-

1047 1137 1099 1164 tus
1131 1143 1196 1164 non
1231 1135 1343 1164 habuit
1377 1135 1474 1165 fidem
1508 1137 1538 1164 et
1573 1143 1662 1173 spem
1697 1143 1705 1164 :
1744 1143 1822 1172 ergo

1048 1186 1190 1217 Christus
1205 1196 1269 1217 non
1284 1187 1397 1217 habuit
1423 1187 1528 1217 omnis
1551 1187 1666 1226 gratiae
1688 1187 1824 1226 plenitu-

1048 1241 1168 1271 dinem.

1089 1296 1118 1323 ⁶2.
1150 1293 1229 1323 Item
1254 1295 1355 1323 status
1372 1293 1502 1323 viatoris
1525 1294 1571 1323 est
1601 1292 1765 1322 ordinatus
1785 1292 1824 1322 ad

1049 1347 1281 1387 proficiendum
1294 1357 1300 1376 z
1317 1346 1371 1377 sed
1388 1345 1530 1377 Christus
1544 1345 1603 1376 fuit
1616 1345 1650 1375 in
1666 1347 1749 1375 statu
1758 1345 1825 1375 via-

1049 1401 1126 1431 toris
1146 1410 1153 1430 :
1178 1409 1256 1439 ergo
1271 1400 1374 1440 potuit
1387 1400 1541 1439 proficere
1560 1409 1566 1429 z
1584 1398 1636 1429 sed
1652 1398 1709 1438 qui
1725 1400 1826 1438 potest

1051 1454 1203 1493 proficere
1214 1454 1249 1484 in
1274 1454 1389 1493 gratia,
1409 1453 1553 1484 nondum
1568 1454 1614 1483 est
1630 1452 1734 1491 gratia
1756 1451 1826 1491 ple-

1050 1517 1131 1538 nus:
1149 1516 1227 1546 ergo
1241 1507 1367 1537 videtur
1381 1507 1467 1546 quod
1477 1506 1619 1537 Christus
1633 1509 1667 1536 in
1687 1506 1748 1536 hac
1762 1506 1827 1536 vita

1051 1570 1116 1592 non
1127 1561 1239 1591 habuit
1254 1559 1486 1600 plenitudinem
1500 1559 1624 1598 gratiae.

1093 1617 1121 1645 3.
1135 1614 1213 1644 Item
1229 1613 1328 1644 Filius
1338 1613 1392 1643 Dei
1404 1612 1475 1643 ideo
1487 1614 1638 1642 naturam
1648 1611 1826 1642 humanam

1052 1668 1235 1707 assumpsit,
1252 1670 1288 1698 ut
1311 1667 1399 1697 daret
1413 1666 1504 1696 nohis
1518 1665 1702 1704 exemplum
1717 1673 1828 1704 perve-

1052 1722 1161 1752 niendi
1186 1721 1225 1751 ad
1240 1720 1376 1760 patriam
1401 1730 1406 1749 z
1433 1719 1487 1749 sed
1499 1718 1550 1750 via
1564 1718 1772 1758 perveniendi
1787 1718 1827 1748 ad

1053 1776 1189 1816 gloriam
1204 1777 1251 1805 est
1264 1783 1321 1814 per
1335 1781 1501 1804 ascensum
1525 1772 1563 1802 de
1576 1772 1696 1802 virtute
1715 1771 1749 1801 in
1762 1771 1829 1801 vir-

1052 1832 1153 1861 tutem
1170 1840 1176 1860 1
1192 1829 1245 1859 sed
1261 1828 1317 1868 qui
1332 1828 1370 1858 de
1385 1827 1502 1857 virtute
1509 1826 1543 1856 in
1552 1826 1704 1857 virtutem
1717 1834 1830 1855 ascen-

1053 1884 1108 1921 dit,
1134 1883 1258 1923 proficit
1285 1881 1458 1921 paulative,
1477 1882 1507 1910 et
1522 1888 1588 1910 non
1608 1879 1703 1909 habet
1717 1878 1830 1917 gratiae

1053 1936 1286 1977 plenitudinem
1315 1946 1321 1965 z
1352 1943 1442 1973 ergo,
1478 1935 1537 1964 etr.
1569 1933 1601 1963 Si
1633 1933 1718 1963 dicas
1744 1931 1830 1971 quod

1054 1990 1197 2022 Christus
1212 1989 1378 2019 videbatur
1392 1987 1546 2028 proficere
1573 1986 1725 2023 exterius,
1749 1986 1830 2016 sicut

1054 2044 1128 2075 dicit
1153 2043 1261 2074 Glossa
1280 2044 1311 2073 et
1335 2041 1495 2080 Magister,
1512 2042 1543 2071 et
1559 2040 1628 2070 ideo
1646 2038 1830 2078 exemplum

1054 2097 1162 2135 dahat3
1185 2098 1294 2127 contra
1311 2106 1317 2125 :
1335 2096 1400 2125 Aut
1418 2103 1496 2134 ergo
1520 2093 1696 2124 secundum
1719 2092 1832 2123 verita-

1056 2153 1120 2181 tem
1135 2150 1318 2190 proficiebat
1330 2148 1475 2184 interius,
1486 2149 1615 2178 autnon
1628 2157 1634 2176 :
1649 2146 1674 2176 si
1683 2146 1739 2183 sic,
1752 2154 1830 2185 ergo

1056 2213 1121 2235 non
1137 2206 1204 2234 erat
1225 2203 1339 2243 plenus
1359 2201 1482 2241 gratia3
1499 2201 1526 2231 si
1546 2209 1622 2237 non,
1640 2208 1719 2238 ergo
1740 2198 1832 2228 aliter

1056 2257 1248 2295 ostendebat,
1265 2265 1362 2296 quam
1373 2264 1423 2286 res
1437 2254 1574 2285 habebat
1587 2261 1681 2292 :ergo
1694 2251 1832 2282 mendax

1057 2313 1124 2342 erat
1141 2322 1147 2342 z
1163 2311 1217 2342 sed
1229 2313 1276 2341 est
1290 2308 1520 2340 inconveniens
1533 2307 1616 2338 circa
1630 2307 1732 2346 ipsam
1746 2303 1832 2336 Veri-

1057 2366 1155 2395 tatem
1168 2363 1373 2394 mendacium
1388 2372 1506 2403 ponere
1523 2372 1530 2394 τ
1548 2371 1638 2401 ergo,
1657 2363 1714 2391 etc.

1098 2420 1128 2448 4.
1151 2417 1243 2455 Item,
1255 2417 1396 2447 Christus
1416 2416 1518 2447 multa
1531 2416 1614 2446 bona
1623 2422 1718 2454 opera
1737 2412 1833 2444 facie-

1059 2469 1127 2507 bat3
1143 2470 1200 2499 aut
1217 2477 1296 2507 ergo
1314 2467 1469 2499 veraciter
1489 2466 1648 2497 crescebat
1670 2465 1703 2494 in
1718 2473 1756 2495 eo
1775 2464 1833 2495 do-

1060 2531 1140 2553 num
1155 2521 1279 2562 gratiae,
1295 2523 1430 2552 autnon
1446 2530 1454 2552 :
1470 2520 1584 2558 sinon,
1598 2527 1676 2558 ergo
1689 2526 1763 2549 cum
1773 2517 1832 2548 bo-

1061 2608 1143 2634 q.111;
1167 2602 1255 2633 Steph.
1271 2601 1375 2630 Bruler„
1393 2601 1424 2625 [ΙΙ
1445 2600 1524 2628 Sent„
1545 2599 1603 2622 dist.
1619 2604 1666 2622 xm
1680 2616 1688 2628 ,
1709 2605 1735 2629 q.
1753 2604 1791 2622 111.
1803 2610 1833 2616 —

1062 2639 1072 2655 ²
1087 2639 1146 2668 Isa.,
1161 2643 1198 2669 xl,
1211 2639 1235 2662 3.
1248 2651 1278 2655 —
1289 2637 1390 2666 Unam,
1405 2642 1424 2667 1,
1442 2637 1479 2660 ¹4.
1492 2647 1522 2653 —-
1532 2634 1542 2651 Α
1553 2634 1628 2666 llud„
1646 2635 1682 2664 16,
1717 2654 1720 2656 ,

1839 1032 1873 1053 Ad
1890 1037 1942 1058 opp.
