<?xml version="1.0" encoding="UTF-8"?>
<!DOCTYPE html PUBLIC "-//W3C//DTD XHTML 1.0 Transitional//EN"
    "http://www.w3.org/TR/xhtml1/DTD/xhtml1-transitional.dtd">
<html xmlns="http://www.w3.org/1999/xhtml" xml:lang="en" lang="en">
 <head>
  <title>
</title>
<meta http-equiv="Content-Type" content="text/html;charset=utf-8" />
  <meta name='ocr-system' content='tesseract 3.04.00' />
  <meta name='ocr-capabilities' content='ocr_page ocr_carea ocr_par ocr_line ocrx_word'/>
</head>
<body>
  <div class='ocr_page' id='page_1' title='image "./operaomniasixtiv04bonauoft/operaomniasixtiv04bonauoft_0498.png"; bbox 0 0 2017 2960; ppageno 0'>
   <div class='ocr_carea' id='block_1_1' title="bbox 243 221 1271 256">
    <p class='ocr_par' dir='ltr' id='par_1_1' title="bbox 243 221 1271 256">
     <span class='ocr_line' id='line_1_1' title="bbox 243 221 1271 256; baseline -0.003 0"><span class='ocrx_word' id='word_1_1' title='bbox 243 227 294 256; x_wconf 63' lang='lat'>{76</span> <span class='ocrx_word' id='word_1_2' title='bbox 790 221 1100 254; x_wconf 80' lang='lat' dir='ltr'><strong>SENTENTIARUM</strong></span> <span class='ocrx_word' id='word_1_3' title='bbox 1121 222 1194 254; x_wconf 91' lang='lat' dir='ltr'>LlB.</span> <span class='ocrx_word' id='word_1_4' title='bbox 1219 222 1271 253; x_wconf 86' lang='lat'>111.</span> 
     </span>
    </p>
   </div>
   <div class='ocr_carea' id='block_1_2' title="bbox 229 289 1949 2526">
    <p class='ocr_par' dir='ltr' id='par_1_2' title="bbox 232 289 1827 796">
     <span class='ocr_line' id='line_1_2' title="bbox 234 289 1823 336; baseline 0.001 -12"><span class='ocrx_word' id='word_1_5' title='bbox 234 292 313 324; x_wconf 84' lang='lat' dir='ltr'>foris</span> <span class='ocrx_word' id='word_1_6' title='bbox 327 297 415 333; x_wconf 83' lang='lat' dir='ltr'>sunt,</span> <span class='ocrx_word' id='word_1_7' title='bbox 434 293 520 325; x_wconf 85' lang='lat' dir='ltr'>intus</span> <span class='ocrx_word' id='word_1_8' title='bbox 535 297 580 324; x_wconf 77' lang='lat' dir='ltr'>est</span> <span class='ocrx_word' id='word_1_9' title='bbox 596 291 687 331; x_wconf 69' lang='lat' dir='ltr'>fides,</span> <span class='ocrx_word' id='word_1_10' title='bbox 704 295 733 322; x_wconf 79' lang='lat' dir='ltr'>et</span> <span class='ocrx_word' id='word_1_11' title='bbox 750 301 860 322; x_wconf 85' lang='lat' dir='ltr'>rerum</span> <span class='ocrx_word' id='word_1_12' title='bbox 875 299 949 333; x_wconf 72' lang='lat' dir='ltr'>quae</span> <span class='ocrx_word' id='word_1_13' title='bbox 966 300 1031 322; x_wconf 90' lang='lat' dir='ltr'>non</span> <span class='ocrx_word' id='word_1_14' title='bbox 1045 289 1210 331; x_wconf 83' lang='lat' dir='ltr'>videntur,</span> <span class='ocrx_word' id='word_1_15' title='bbox 1224 290 1353 322; x_wconf 85' lang='lat' dir='ltr'>videtur</span> <span class='ocrx_word' id='word_1_16' title='bbox 1369 289 1460 332; x_wconf 87' lang='lat' dir='ltr'>fides,</span> <span class='ocrx_word' id='word_1_17' title='bbox 1476 294 1507 323; x_wconf 91' lang='lat' dir='ltr'>et</span> <span class='ocrx_word' id='word_1_18' title='bbox 1520 291 1589 335; x_wconf 85' lang='lat' dir='ltr'>ipsa</span> <span class='ocrx_word' id='word_1_19' title='bbox 1601 292 1823 336; x_wconf 78' lang='lat' dir='ltr'>temporaliter</span> 
     </span>
     <span class='ocr_line' id='line_1_3' title="bbox 236 347 1824 392; baseline 0 -10"><span class='ocrx_word' id='word_1_20' title='bbox 236 350 271 382; x_wconf 83' lang='lat' dir='ltr'>lit</span> <span class='ocrx_word' id='word_1_21' title='bbox 285 350 318 382; x_wconf 90' lang='lat' dir='ltr'>iu</span> <span class='ocrx_word' id='word_1_22' title='bbox 334 350 484 383; x_wconf 75' lang='lat' dir='ltr'>cordibus</span> <span class='ocrx_word' id='word_1_23' title='bbox 507 349 691 388; x_wconf 83' lang='lat' dir='ltr'>hominum,</span> <span class='ocrx_word' id='word_1_24' title='bbox 719 351 749 380; x_wconf 88' lang='lat' dir='ltr'>et</span> <span class='ocrx_word' id='word_1_25' title='bbox 770 347 796 379; x_wconf 86' lang='lat' dir='ltr'>si</span> <span class='ocrx_word' id='word_1_26' title='bbox 818 358 857 380; x_wconf 70' lang='lat' dir='ltr'>cx</span> <span class='ocrx_word' id='word_1_27' title='bbox 872 347 1024 379; x_wconf 80' lang='lat' dir='ltr'>fidelibus</span> <span class='ocrx_word' id='word_1_28' title='bbox 1047 347 1197 380; x_wconf 82' lang='lat' dir='ltr'>infideles</span> <span class='ocrx_word' id='word_1_29' title='bbox 1219 347 1317 390; x_wconf 80' lang='lat' dir='ltr'>fiant,</span> <span class='ocrx_word' id='word_1_30' title='bbox 1342 348 1424 392; x_wconf 83' lang='lat' dir='ltr'>perit</span> <span class='ocrx_word' id='word_1_31' title='bbox 1445 348 1485 380; x_wconf 86' lang='lat' dir='ltr'>ab</span> <span class='ocrx_word' id='word_1_32' title='bbox 1507 349 1562 382; x_wconf 88' lang='lat' dir='ltr'>eis.</span> <span class='ocrx_word' id='word_1_33' title='bbox 1590 362 1606 380; x_wconf 82' lang='grc'>»</span> <span class='ocrx_word' id='word_1_34' title='bbox 1632 350 1691 382; x_wconf 83' lang='lat' dir='ltr'>His</span> <span class='ocrx_word' id='word_1_35' title='bbox 1720 349 1824 383; x_wconf 80' lang='lat' dir='ltr'>verbis</span> 
     </span>
     <span class='ocr_line' id='line_1_4' title="bbox 234 405 1822 452; baseline -0.001 -12"><span class='ocrx_word' id='word_1_36' title='bbox 234 408 398 440; x_wconf 77' lang='lat' dir='ltr'>evidenter</span> <span class='ocrx_word' id='word_1_37' title='bbox 414 407 563 447; x_wconf 83' lang='lat' dir='ltr'>traditur,</span> <span class='ocrx_word' id='word_1_38' title='bbox 579 406 674 437; x_wconf 80' lang='lat' dir='ltr'>fidem</span> <span class='ocrx_word' id='word_1_39' title='bbox 692 405 794 449; x_wconf 83' lang='lat' dir='ltr'>ipsam</span> <span class='ocrx_word' id='word_1_40' title='bbox 810 405 843 437; x_wconf 92' lang='lat' dir='ltr'>in</span> <span class='ocrx_word' id='word_1_41' title='bbox 859 409 953 437; x_wconf 81' lang='lat' dir='ltr'>corde</span> <span class='ocrx_word' id='word_1_42' title='bbox 970 405 1112 437; x_wconf 74' lang='lat' dir='ltr'>houiinis</span> <span class='ocrx_word' id='word_1_43' title='bbox 1125 405 1166 437; x_wconf 84' lang='lat' dir='ltr'>ab</span> <span class='ocrx_word' id='word_1_44' title='bbox 1180 405 1247 450; x_wconf 92' lang='lat' dir='ltr'>ipso</span> <span class='ocrx_word' id='word_1_45' title='bbox 1262 405 1395 438; x_wconf 82' lang='lat' dir='ltr'>homine</span> <span class='ocrx_word' id='word_1_46' title='bbox 1409 405 1511 438; x_wconf 83' lang='lat' dir='ltr'>videri</span> <span class='ocrx_word' id='word_1_47' title='bbox 1527 417 1591 439; x_wconf 89' lang='lat' dir='ltr'>non</span> <span class='ocrx_word' id='word_1_48' title='bbox 1601 408 1822 452; x_wconf 85' lang='lat' dir='ltr'>corporaliter,</span> 
     </span>
     <span class='ocr_line' id='line_1_5' title="bbox 233 462 1825 509; baseline 0.001 -12"><span class='ocrx_word' id='word_1_49' title='bbox 233 476 299 498; x_wconf 89' lang='lat' dir='ltr'>non</span> <span class='ocrx_word' id='word_1_50' title='bbox 321 464 531 505; x_wconf 66' lang='lat' dir='ltr'>imaginarie,</span> <span class='ocrx_word' id='word_1_51' title='bbox 555 463 608 495; x_wconf 85' lang='lat' dir='ltr'>sed</span> <span class='ocrx_word' id='word_1_52' title='bbox 630 462 908 503; x_wconf 78' lang='lat' dir='ltr'>intellectualiter3</span> <span class='ocrx_word' id='word_1_53' title='bbox 934 466 965 495; x_wconf 86' lang='lat' dir='ltr'>et</span> <span class='ocrx_word' id='word_1_54' title='bbox 986 463 1089 506; x_wconf 78' lang='lat' dir='ltr'>ipsam</span> <span class='ocrx_word' id='word_1_55' title='bbox 1114 466 1221 495; x_wconf 86' lang='lat' dir='ltr'>tamen</span> <span class='ocrx_word' id='word_1_56' title='bbox 1242 463 1443 504; x_wconf 80' lang='lat' dir='ltr'>absentium,</span> <span class='ocrx_word' id='word_1_57' title='bbox 1474 466 1505 495; x_wconf 83' lang='lat' dir='ltr'>et</span> <span class='ocrx_word' id='word_1_58' title='bbox 1530 474 1642 496; x_wconf 88' lang='lat' dir='ltr'>eorum</span> <span class='ocrx_word' id='word_1_59' title='bbox 1665 476 1736 509; x_wconf 81' lang='lat' dir='ltr'>quae</span> <span class='ocrx_word' id='word_1_60' title='bbox 1759 476 1825 498; x_wconf 86' lang='lat' dir='ltr'>non</span> 
     </span>
     <span class='ocr_line' id='line_1_6' title="bbox 234 520 1825 564; baseline 0.001 -10"><span class='ocrx_word' id='word_1_61' title='bbox 234 522 398 561; x_wconf 75' lang='lat' dir='ltr'>videntur,</span> <span class='ocrx_word' id='word_1_62' title='bbox 428 532 505 553; x_wconf 72' lang='lat' dir='ltr'>csse.</span> <span class='ocrx_word' id='word_1_63' title='bbox 540 521 580 552; x_wconf 79' lang='lat' dir='ltr'>I&#39;t</span> <span class='ocrx_word' id='word_1_64' title='bbox 609 521 696 552; x_wconf 78' lang='lat' dir='ltr'>enini</span> <span class='ocrx_word' id='word_1_65' title='bbox 719 521 926 563; x_wconf 69' lang='lat' dir='ltr'>Augustinus</span> <span class='ocrx_word' id='word_1_66' title='bbox 954 520 1032 552; x_wconf 91' lang='lat' dir='ltr'>alibi</span> <span class='ocrx_word' id='word_1_67' title='bbox 1061 520 1127 553; x_wconf 79' lang='lat' dir='ltr'>ait·</span> <span class='ocrx_word' id='word_1_68' title='bbox 1150 533 1156 552; x_wconf 90' lang='lat'>:</span> <span class='ocrx_word' id='word_1_69' title='bbox 1187 533 1202 551; x_wconf 73' lang='grc' dir='ltr'>α</span> <span class='ocrx_word' id='word_1_70' title='bbox 1225 520 1396 553; x_wconf 77' lang='lat' dir='ltr'>Credimus</span> <span class='ocrx_word' id='word_1_71' title='bbox 1423 524 1459 553; x_wconf 90' lang='lat' dir='ltr'>ut</span> <span class='ocrx_word' id='word_1_72' title='bbox 1481 531 1731 564; x_wconf 81' lang='lat' dir='ltr'>cognoscamus,</span> <span class='ocrx_word' id='word_1_73' title='bbox 1759 533 1825 555; x_wconf 90' lang='lat' dir='ltr'>non</span> 
     </span>
     <span class='ocr_line' id='line_1_7' title="bbox 232 577 1826 622; baseline 0.002 -12"><span class='ocrx_word' id='word_1_74' title='bbox 232 579 454 621; x_wconf 65' lang='lat' dir='ltr'>cognoscimus</span> <span class='ocrx_word' id='word_1_75' title='bbox 470 582 504 610; x_wconf 85' lang='lat' dir='ltr'>ut</span> <span class='ocrx_word' id='word_1_76' title='bbox 520 578 700 610; x_wconf 58' lang='lat' dir='ltr'>cri-danius</span> <span class='ocrx_word' id='word_1_77' title='bbox 719 578 804 617; x_wconf 83' lang='lat' dir='ltr'>Quid</span> <span class='ocrx_word' id='word_1_78' title='bbox 821 578 908 610; x_wconf 74' lang='lat' dir='ltr'>enini</span> <span class='ocrx_word' id='word_1_79' title='bbox 932 582 977 610; x_wconf 81' lang='lat' dir='ltr'>est</span> <span class='ocrx_word' id='word_1_80' title='bbox 998 578 1099 619; x_wconf 78' lang='lat' dir='ltr'>fideS,</span> <span class='ocrx_word' id='word_1_81' title='bbox 1129 577 1192 610; x_wconf 87' lang='lat' dir='ltr'>nisi</span> <span class='ocrx_word' id='word_1_82' title='bbox 1211 577 1340 610; x_wconf 82' lang='lat' dir='ltr'>credere</span> <span class='ocrx_word' id='word_1_83' title='bbox 1362 578 1449 622; x_wconf 82' lang='lat' dir='ltr'>quod</span> <span class='ocrx_word' id='word_1_84' title='bbox 1474 589 1539 611; x_wconf 88' lang='lat' dir='ltr'>non</span> <span class='ocrx_word' id='word_1_85' title='bbox 1562 578 1672 611; x_wconf 65' lang='lat' dir='ltr'>vides?</span> <span class='ocrx_word' id='word_1_86' title='bbox 1694 592 1708 611; x_wconf 56' lang='lat' dir='ltr'>&gt;i</span> <span class='ocrx_word' id='word_1_87' title='bbox 1731 579 1826 613; x_wconf 72' lang='lat' dir='ltr'>Fides</span> 
     </span>
     <span class='ocr_line' id='line_1_8' title="bbox 232 635 1827 680; baseline 0.001 -11"><span class='ocrx_word' id='word_1_88' title='bbox 232 648 308 679; x_wconf 76' lang='lat' dir='ltr'>ergo</span> <span class='ocrx_word' id='word_1_89' title='bbox 324 640 369 668; x_wconf 82' lang='lat' dir='ltr'>est</span> <span class='ocrx_word' id='word_1_90' title='bbox 385 636 471 680; x_wconf 74' lang='lat' dir='ltr'>quod</span> <span class='ocrx_word' id='word_1_91' title='bbox 488 648 553 668; x_wconf 73' lang='lat' dir='ltr'>non</span> <span class='ocrx_word' id='word_1_92' title='bbox 570 636 659 668; x_wconf 82' lang='lat' dir='ltr'>vides</span> <span class='ocrx_word' id='word_1_93' title='bbox 674 636 813 677; x_wconf 82' lang='lat' dir='ltr'>credere3</span> <span class='ocrx_word' id='word_1_94' title='bbox 832 636 963 677; x_wconf 75' lang='lat' dir='ltr'>veritas,</span> <span class='ocrx_word' id='word_1_95' title='bbox 981 635 1067 680; x_wconf 82' lang='lat' dir='ltr'>quod</span> <span class='ocrx_word' id='word_1_96' title='bbox 1082 635 1246 668; x_wconf 78' lang='lat' dir='ltr'>credidisti</span> <span class='ocrx_word' id='word_1_97' title='bbox 1261 635 1382 668; x_wconf 81' lang='lat' dir='ltr'>videre.</span> <span class='ocrx_word' id='word_1_98' title='bbox 1402 635 1495 668; x_wconf 78' lang='lat' dir='ltr'>Unde</span> <span class='ocrx_word' id='word_1_99' title='bbox 1515 639 1599 669; x_wconf 83' lang='lat' dir='ltr'>recte</span> <span class='ocrx_word' id='word_1_100' title='bbox 1614 636 1693 669; x_wconf 72' lang='lat' dir='ltr'>fides</span> <span class='ocrx_word' id='word_1_101' title='bbox 1708 637 1827 670; x_wconf 86' lang='lat' dir='ltr'>dicitur</span> 
     </span>
     <span class='ocr_line' id='line_1_9' title="bbox 232 693 1827 738; baseline 0.001 -12"><span class='ocrx_word' id='word_1_102' title='bbox 232 699 464 737; x_wconf 74' lang='lat' dir='ltr'>argumentum</span> <span class='ocrx_word' id='word_1_103' title='bbox 480 694 529 727; x_wconf 72' lang='lat' dir='ltr'>vel</span> <span class='ocrx_word' id='word_1_104' title='bbox 545 693 704 726; x_wconf 79' lang='lat' dir='ltr'>convictio</span> <span class='ocrx_word' id='word_1_105' title='bbox 722 705 831 726; x_wconf 84' lang='lat' dir='ltr'>rerum</span> <span class='ocrx_word' id='word_1_106' title='bbox 847 705 912 726; x_wconf 88' lang='lat' dir='ltr'>non</span> <span class='ocrx_word' id='word_1_107' title='bbox 931 693 1156 738; x_wconf 85' lang='lat' dir='ltr'>apparentium</span> <span class='ocrx_word' id='word_1_108' title='bbox 1177 705 1183 725; x_wconf 93' lang='lat'><strong>:</strong></span> <span class='ocrx_word' id='word_1_109' title='bbox 1201 693 1280 737; x_wconf 84' lang='lat' dir='ltr'>quia</span> <span class='ocrx_word' id='word_1_110' title='bbox 1295 693 1321 725; x_wconf 84' lang='lat' dir='ltr'>si</span> <span class='ocrx_word' id='word_1_111' title='bbox 1338 693 1416 726; x_wconf 81' lang='lat' dir='ltr'>fides</span> <span class='ocrx_word' id='word_1_112' title='bbox 1438 696 1495 731; x_wconf 83' lang='lat' dir='ltr'>est,</span> <span class='ocrx_word' id='word_1_113' title='bbox 1516 705 1555 726; x_wconf 82' lang='lat' dir='ltr'>ex</span> <span class='ocrx_word' id='word_1_114' title='bbox 1571 704 1608 726; x_wconf 86' lang='lat' dir='ltr'>eo</span> <span class='ocrx_word' id='word_1_115' title='bbox 1622 694 1827 728; x_wconf 80' lang='lat' dir='ltr'>convincitur</span> 
     </span>
     <span class='ocr_line' id='line_1_10' title="bbox 232 750 1744 796; baseline 0 -12"><span class='ocrx_word' id='word_1_116' title='bbox 232 756 263 784; x_wconf 84' lang='lat' dir='ltr'>et</span> <span class='ocrx_word' id='word_1_117' title='bbox 278 752 446 796; x_wconf 84' lang='lat' dir='ltr'>probatur,</span> <span class='ocrx_word' id='word_1_118' title='bbox 464 752 574 795; x_wconf 82' lang='lat' dir='ltr'>aliqua</span> <span class='ocrx_word' id='word_1_119' title='bbox 590 762 656 784; x_wconf 83' lang='lat' dir='ltr'>esse</span> <span class='ocrx_word' id='word_1_120' title='bbox 670 762 736 783; x_wconf 86' lang='lat' dir='ltr'>non</span> <span class='ocrx_word' id='word_1_121' title='bbox 751 751 952 795; x_wconf 72' lang='lat' dir='ltr'>apparentia,</span> <span class='ocrx_word' id='word_1_122' title='bbox 969 762 1044 784; x_wconf 89' lang='lat' dir='ltr'>cum</span> <span class='ocrx_word' id='word_1_123' title='bbox 1060 750 1141 783; x_wconf 71' lang='lat' dir='ltr'>fides</span> <span class='ocrx_word' id='word_1_124' title='bbox 1153 762 1218 783; x_wconf 89' lang='lat' dir='ltr'>non</span> <span class='ocrx_word' id='word_1_125' title='bbox 1235 750 1275 782; x_wconf 89' lang='lat' dir='ltr'>sit</span> <span class='ocrx_word' id='word_1_126' title='bbox 1290 750 1352 783; x_wconf 88' lang='lat' dir='ltr'>nisi</span> <span class='ocrx_word' id='word_1_127' title='bbox 1367 750 1405 782; x_wconf 87' lang='lat' dir='ltr'>de</span> <span class='ocrx_word' id='word_1_128' title='bbox 1421 762 1485 783; x_wconf 92' lang='lat' dir='ltr'>non</span> <span class='ocrx_word' id='word_1_129' title='bbox 1502 751 1744 795; x_wconf 78' lang='lat' dir='ltr'>apparentibus,</span> 
     </span>
    </p>

    <p class='ocr_par' dir='ltr' id='par_1_3' title="bbox 232 808 1949 1258">
     <span class='ocr_line' id='line_1_11' title="bbox 276 808 1949 857; baseline 0.001 -16"><span class='ocrx_word' id='word_1_130' title='bbox 276 809 332 841; x_wconf 83' lang='lat' dir='ltr'>Ait</span> <span class='ocrx_word' id='word_1_131' title='bbox 347 809 434 841; x_wconf 85' lang='lat' dir='ltr'>enim</span> <span class='ocrx_word' id='word_1_132' title='bbox 460 809 635 852; x_wconf 81' lang='lat' dir='ltr'>Apostolus</span> <span class='ocrx_word' id='word_1_133' title='bbox 649 808 658 823; x_wconf 78' lang='lat'>²</span> <span class='ocrx_word' id='word_1_134' title='bbox 677 821 683 841; x_wconf 74' lang='grc' dir='ltr'><em>ι</em></span> <span class='ocrx_word' id='word_1_135' title='bbox 702 808 797 842; x_wconf 67' lang='lat' dir='ltr'>Fides</span> <span class='ocrx_word' id='word_1_136' title='bbox 821 815 867 841; x_wconf 83' lang='lat' dir='ltr'>est</span> <span class='ocrx_word' id='word_1_137' title='bbox 886 809 1072 842; x_wconf 77' lang='lat' dir='ltr'>substantia</span> <span class='ocrx_word' id='word_1_138' title='bbox 1092 820 1200 841; x_wconf 76' lang='lat' dir='ltr'>rerum</span> <span class='ocrx_word' id='word_1_139' title='bbox 1224 808 1482 853; x_wconf 74' lang='lat' dir='ltr'>sperandarum,</span> <span class='ocrx_word' id='word_1_140' title='bbox 1509 815 1755 853; x_wconf 72' lang='lat' dir='ltr'>arqzmzentum,</span> <span class='ocrx_word' id='word_1_141' title='bbox 1772 809 1824 844; x_wconf 91' lang='lat' dir='ltr'>vel</span> <span class='ocrx_word' id='word_1_142' title='bbox 1864 822 1949 857; x_wconf 55' lang='lat' dir='ltr'>poscri-</span> 
     </span>
     <span class='ocr_line' id='line_1_12' title="bbox 233 852 1946 911; baseline 0.001 -12"><span class='ocrx_word' id='word_1_143' title='bbox 233 866 406 907; x_wconf 74' lang='lat' dir='ltr'>convictio,</span> <span class='ocrx_word' id='word_1_144' title='bbox 423 878 487 899; x_wconf 73' lang='lat' dir='ltr'>non</span> <span class='ocrx_word' id='word_1_145' title='bbox 503 866 749 911; x_wconf 74' lang='lat' dir='ltr'>apparentium,</span> <span class='ocrx_word' id='word_1_146' title='bbox 767 867 841 911; x_wconf 86' lang='lat' dir='ltr'>quia</span> <span class='ocrx_word' id='word_1_147' title='bbox 860 878 916 910; x_wconf 82' lang='lat' dir='ltr'>per</span> <span class='ocrx_word' id='word_1_148' title='bbox 931 866 1028 899; x_wconf 85' lang='lat' dir='ltr'>fidem</span> <span class='ocrx_word' id='word_1_149' title='bbox 1048 867 1228 899; x_wconf 86' lang='lat' dir='ltr'>subsistunt</span> <span class='ocrx_word' id='word_1_150' title='bbox 1244 866 1277 899; x_wconf 89' lang='lat' dir='ltr'>iu</span> <span class='ocrx_word' id='word_1_151' title='bbox 1300 866 1393 899; x_wconf 88' lang='lat' dir='ltr'>nobis</span> <span class='ocrx_word' id='word_1_152' title='bbox 1415 866 1511 899; x_wconf 84' lang='lat' dir='ltr'>etiam</span> <span class='ocrx_word' id='word_1_153' title='bbox 1534 866 1629 899; x_wconf 84' lang='lat' dir='ltr'>modo</span> <span class='ocrx_word' id='word_1_154' title='bbox 1652 867 1823 911; x_wconf 84' lang='lat' dir='ltr'>speranda,</span> <span class='ocrx_word' id='word_1_155' title='bbox 1839 852 1946 880; x_wconf 58' lang='lat' dir='ltr'><strong>P²¹⁰⁵d²¹&#39;</strong></span> 
     </span>
     <span class='ocr_line' id='line_1_13' title="bbox 232 924 1828 970; baseline 0.003 -15"><span class='ocrx_word' id='word_1_156' title='bbox 232 929 262 956; x_wconf 85' lang='lat' dir='ltr'>et</span> <span class='ocrx_word' id='word_1_157' title='bbox 277 924 458 957; x_wconf 84' lang='lat' dir='ltr'>subsistunt</span> <span class='ocrx_word' id='word_1_158' title='bbox 473 925 508 957; x_wconf 88' lang='lat' dir='ltr'>in</span> <span class='ocrx_word' id='word_1_159' title='bbox 529 925 640 957; x_wconf 85' lang='lat' dir='ltr'>futuro</span> <span class='ocrx_word' id='word_1_160' title='bbox 664 936 721 969; x_wconf 91' lang='lat' dir='ltr'>per</span> <span class='ocrx_word' id='word_1_161' title='bbox 745 925 990 969; x_wconf 78' lang='lat' dir='ltr'>experientiam.</span> <span class='ocrx_word' id='word_1_162' title='bbox 1017 924 1057 956; x_wconf 87' lang='lat' dir='ltr'>Et</span> <span class='ocrx_word' id='word_1_163' title='bbox 1077 925 1145 969; x_wconf 86' lang='lat' dir='ltr'>ipsa</span> <span class='ocrx_word' id='word_1_164' title='bbox 1166 928 1213 957; x_wconf 87' lang='lat' dir='ltr'>est</span> <span class='ocrx_word' id='word_1_165' title='bbox 1236 924 1382 968; x_wconf 85' lang='lat' dir='ltr'>probatio</span> <span class='ocrx_word' id='word_1_166' title='bbox 1408 928 1438 956; x_wconf 92' lang='lat' dir='ltr'>et</span> <span class='ocrx_word' id='word_1_167' title='bbox 1460 924 1618 958; x_wconf 86' lang='lat' dir='ltr'>convictio</span> <span class='ocrx_word' id='word_1_168' title='bbox 1638 936 1704 958; x_wconf 89' lang='lat' dir='ltr'>non</span> <span class='ocrx_word' id='word_1_169' title='bbox 1729 937 1828 970; x_wconf 84' lang='lat' dir='ltr'>appa-</span> 
     </span>
     <span class='ocr_line' id='line_1_14' title="bbox 233 981 1829 1026; baseline 0.002 -13"><span class='ocrx_word' id='word_1_170' title='bbox 233 982 388 1023; x_wconf 83' lang='lat' dir='ltr'>rentium,</span> <span class='ocrx_word' id='word_1_171' title='bbox 406 982 484 1026; x_wconf 86' lang='lat' dir='ltr'>quia</span> <span class='ocrx_word' id='word_1_172' title='bbox 499 982 525 1014; x_wconf 89' lang='lat' dir='ltr'>si</span> <span class='ocrx_word' id='word_1_173' title='bbox 541 982 616 1026; x_wconf 83' lang='lat' dir='ltr'>quis</span> <span class='ocrx_word' id='word_1_174' title='bbox 631 981 669 1015; x_wconf 88' lang='lat' dir='ltr'>de</span> <span class='ocrx_word' id='word_1_175' title='bbox 691 982 741 1015; x_wconf 86' lang='lat' dir='ltr'>his</span> <span class='ocrx_word' id='word_1_176' title='bbox 764 982 901 1023; x_wconf 87' lang='lat' dir='ltr'>dubitet,</span> <span class='ocrx_word' id='word_1_177' title='bbox 928 993 985 1026; x_wconf 87' lang='lat' dir='ltr'>per</span> <span class='ocrx_word' id='word_1_178' title='bbox 1004 982 1101 1014; x_wconf 87' lang='lat' dir='ltr'>fidem</span> <span class='ocrx_word' id='word_1_179' title='bbox 1127 981 1322 1025; x_wconf 81' lang='lat' dir='ltr'>probantur,</span> <span class='ocrx_word' id='word_1_180' title='bbox 1352 985 1388 1014; x_wconf 87' lang='lat' dir='ltr'>ut</span> <span class='ocrx_word' id='word_1_181' title='bbox 1408 981 1514 1014; x_wconf 86' lang='lat' dir='ltr'>adhuc</span> <span class='ocrx_word' id='word_1_182' title='bbox 1535 982 1692 1026; x_wconf 83' lang='lat' dir='ltr'>probatur</span> <span class='ocrx_word' id='word_1_183' title='bbox 1717 983 1829 1017; x_wconf 83' lang='lat' dir='ltr'>futura</span> 
     </span>
     <span class='ocr_line' id='line_1_15' title="bbox 234 1039 1828 1084; baseline 0.002 -13"><span class='ocrx_word' id='word_1_184' title='bbox 234 1040 441 1081; x_wconf 83' lang='lat' dir='ltr'>resurrectio,</span> <span class='ocrx_word' id='word_1_185' title='bbox 459 1040 537 1084; x_wconf 83' lang='lat' dir='ltr'>quia</span> <span class='ocrx_word' id='word_1_186' title='bbox 551 1040 596 1072; x_wconf 85' lang='lat' dir='ltr'>ita</span> <span class='ocrx_word' id='word_1_187' title='bbox 610 1040 819 1072; x_wconf 88' lang='lat' dir='ltr'>crediderunt</span> <span class='ocrx_word' id='word_1_188' title='bbox 835 1040 1021 1084; x_wconf 67' lang='lat' dir='ltr'>patriarchae</span> <span class='ocrx_word' id='word_1_189' title='bbox 1038 1043 1068 1072; x_wconf 90' lang='lat' dir='ltr'>et</span> <span class='ocrx_word' id='word_1_190' title='bbox 1088 1039 1144 1072; x_wconf 87' lang='lat' dir='ltr'>alii</span> <span class='ocrx_word' id='word_1_191' title='bbox 1166 1039 1287 1081; x_wconf 77' lang='lat' dir='ltr'>saneti3</span> <span class='ocrx_word' id='word_1_192' title='bbox 1307 1039 1357 1072; x_wconf 86' lang='lat' dir='ltr'>vel</span> <span class='ocrx_word' id='word_1_193' title='bbox 1378 1039 1525 1083; x_wconf 85' lang='lat' dir='ltr'>probatio</span> <span class='ocrx_word' id='word_1_194' title='bbox 1549 1043 1596 1072; x_wconf 81' lang='lat' dir='ltr'>est</span> <span class='ocrx_word' id='word_1_195' title='bbox 1615 1043 1646 1072; x_wconf 86' lang='lat' dir='ltr'>et</span> <span class='ocrx_word' id='word_1_196' title='bbox 1667 1040 1828 1074; x_wconf 85' lang='lat' dir='ltr'>certitudo</span> 
     </span>
     <span class='ocr_line' id='line_1_16' title="bbox 234 1097 1830 1142; baseline 0.001 -13"><span class='ocrx_word' id='word_1_197' title='bbox 234 1097 321 1141; x_wconf 81' lang='lat' dir='ltr'>quod</span> <span class='ocrx_word' id='word_1_198' title='bbox 344 1097 408 1130; x_wconf 88' lang='lat' dir='ltr'>sint</span> <span class='ocrx_word' id='word_1_199' title='bbox 428 1097 539 1142; x_wconf 82' lang='lat' dir='ltr'>aliqua</span> <span class='ocrx_word' id='word_1_200' title='bbox 558 1108 624 1130; x_wconf 88' lang='lat' dir='ltr'>non</span> <span class='ocrx_word' id='word_1_201' title='bbox 650 1098 855 1142; x_wconf 79' lang='lat' dir='ltr'>apparentia,</span> <span class='ocrx_word' id='word_1_202' title='bbox 880 1102 917 1130; x_wconf 91' lang='lat' dir='ltr'>ut</span> <span class='ocrx_word' id='word_1_203' title='bbox 938 1109 1037 1142; x_wconf 88' lang='lat' dir='ltr'>supra</span> <span class='ocrx_word' id='word_1_204' title='bbox 1062 1097 1185 1130; x_wconf 83' lang='lat' dir='ltr'>dietum</span> <span class='ocrx_word' id='word_1_205' title='bbox 1209 1100 1267 1130; x_wconf 88' lang='lat' dir='ltr'>est.</span> <span class='ocrx_word' id='word_1_206' title='bbox 1292 1097 1429 1141; x_wconf 87' lang='lat' dir='ltr'>Proprie</span> <span class='ocrx_word' id='word_1_207' title='bbox 1460 1100 1567 1130; x_wconf 82' lang='lat' dir='ltr'>tamen</span> <span class='ocrx_word' id='word_1_208' title='bbox 1601 1097 1680 1130; x_wconf 88' lang='lat' dir='ltr'>fides</span> <span class='ocrx_word' id='word_1_209' title='bbox 1709 1097 1830 1132; x_wconf 82' lang='lat' dir='ltr'>dieitur</span> 
     </span>
     <span class='ocr_line' id='line_1_17' title="bbox 234 1154 1829 1199; baseline 0.001 -12"><span class='ocrx_word' id='word_1_210' title='bbox 234 1155 416 1188; x_wconf 82' lang='lat' dir='ltr'>substantia</span> <span class='ocrx_word' id='word_1_211' title='bbox 441 1167 552 1188; x_wconf 80' lang='lat' dir='ltr'>rerum</span> <span class='ocrx_word' id='word_1_212' title='bbox 568 1156 817 1199; x_wconf 83' lang='lat' dir='ltr'>sperandarum,</span> <span class='ocrx_word' id='word_1_213' title='bbox 849 1155 928 1199; x_wconf 84' lang='lat' dir='ltr'>quia</span> <span class='ocrx_word' id='word_1_214' title='bbox 955 1154 1123 1199; x_wconf 80' lang='lat' dir='ltr'>sperandis</span> <span class='ocrx_word' id='word_1_215' title='bbox 1163 1155 1300 1196; x_wconf 88' lang='lat' dir='ltr'>substat,</span> <span class='ocrx_word' id='word_1_216' title='bbox 1333 1159 1364 1187; x_wconf 87' lang='lat' dir='ltr'>et</span> <span class='ocrx_word' id='word_1_217' title='bbox 1393 1154 1471 1199; x_wconf 85' lang='lat' dir='ltr'>quia</span> <span class='ocrx_word' id='word_1_218' title='bbox 1500 1154 1753 1189; x_wconf 82' lang='lat' dir='ltr'>fundamentum</span> <span class='ocrx_word' id='word_1_219' title='bbox 1781 1159 1829 1189; x_wconf 84' lang='lat' dir='ltr'>est</span> 
     </span>
     <span class='ocr_line' id='line_1_18' title="bbox 234 1212 896 1258; baseline 0.003 -14"><span class='ocrx_word' id='word_1_220' title='bbox 234 1212 410 1254; x_wconf 84' lang='lat' dir='ltr'>bonorum,</span> <span class='ocrx_word' id='word_1_221' title='bbox 428 1213 515 1257; x_wconf 88' lang='lat' dir='ltr'>quod</span> <span class='ocrx_word' id='word_1_222' title='bbox 530 1224 626 1246; x_wconf 76' lang='lat' dir='ltr'>nenio</span> <span class='ocrx_word' id='word_1_223' title='bbox 640 1217 767 1246; x_wconf 85' lang='lat' dir='ltr'>mutare</span> <span class='ocrx_word' id='word_1_224' title='bbox 782 1217 896 1258; x_wconf 85' lang='lat' dir='ltr'>potest.</span> 
     </span>
    </p>

    <p class='ocr_par' dir='ltr' id='par_1_4' title="bbox 229 1270 1949 2526">
     <span class='ocr_line' id='line_1_19' title="bbox 277 1270 1949 1328; baseline 0.002 -26"><span class='ocrx_word' id='word_1_225' title='bbox 277 1270 312 1302; x_wconf 83' lang='lat' dir='ltr'>Si</span> <span class='ocrx_word' id='word_1_226' title='bbox 328 1281 405 1303; x_wconf 77' lang='lat' dir='ltr'>vero</span> <span class='ocrx_word' id='word_1_227' title='bbox 419 1271 580 1314; x_wconf 77' lang='lat' dir='ltr'>quaeritur</span> <span class='ocrx_word' id='word_1_228' title='bbox 596 1282 636 1302; x_wconf 88' lang='lat' dir='ltr'>an</span> <span class='ocrx_word' id='word_1_229' title='bbox 658 1270 725 1303; x_wconf 63' lang='lat' dir='ltr'>hcec</span> <span class='ocrx_word' id='word_1_230' title='bbox 749 1271 921 1315; x_wconf 83' lang='lat' dir='ltr'>descriptio</span> <span class='ocrx_word' id='word_1_231' title='bbox 942 1271 1010 1315; x_wconf 88' lang='lat' dir='ltr'>spei</span> <span class='ocrx_word' id='word_1_232' title='bbox 1033 1270 1216 1312; x_wconf 77' lang='lat' dir='ltr'>conveniat,</span> <span class='ocrx_word' id='word_1_233' title='bbox 1242 1281 1319 1303; x_wconf 85' lang='lat' dir='ltr'>sane</span> <span class='ocrx_word' id='word_1_234' title='bbox 1342 1270 1473 1303; x_wconf 79' lang='lat' dir='ltr'>concedi</span> <span class='ocrx_word' id='word_1_235' title='bbox 1494 1274 1597 1314; x_wconf 85' lang='lat' dir='ltr'>potest</span> <span class='ocrx_word' id='word_1_236' title='bbox 1619 1270 1824 1305; x_wconf 88' lang='lat' dir='ltr'>utrumlibet.</span> <span class='ocrx_word' id='word_1_237' title='bbox 1841 1277 1949 1328; x_wconf 45' lang='lat' dir='ltr'>‹1022in</span> 
     </span>
     <span class='ocr_line' id='line_1_20' title="bbox 233 1315 1936 1372; baseline 0.001 -12"><span class='ocrx_word' id='word_1_238' title='bbox 233 1328 267 1360; x_wconf 64' lang='grc' dir='ltr'>δί</span> <span class='ocrx_word' id='word_1_239' title='bbox 283 1332 391 1360; x_wconf 83' lang='lat' dir='ltr'>autern</span> <span class='ocrx_word' id='word_1_240' title='bbox 407 1327 534 1360; x_wconf 83' lang='lat' dir='ltr'>dicatur</span> <span class='ocrx_word' id='word_1_241' title='bbox 549 1328 735 1369; x_wconf 76' lang='lat' dir='ltr'>convenire,</span> <span class='ocrx_word' id='word_1_242' title='bbox 752 1332 828 1361; x_wconf 85' lang='lat' dir='ltr'>sunt</span> <span class='ocrx_word' id='word_1_243' title='bbox 844 1332 875 1361; x_wconf 83' lang='lat' dir='ltr'>et</span> <span class='ocrx_word' id='word_1_244' title='bbox 890 1328 952 1361; x_wconf 84' lang='lat' dir='ltr'>alia</span> <span class='ocrx_word' id='word_1_245' title='bbox 967 1328 1074 1372; x_wconf 86' lang='lat' dir='ltr'>plura,</span> <span class='ocrx_word' id='word_1_246' title='bbox 1096 1328 1216 1372; x_wconf 83' lang='lat' dir='ltr'>quibus</span> <span class='ocrx_word' id='word_1_247' title='bbox 1235 1327 1392 1360; x_wconf 76' lang='lat' dir='ltr'>differunt</span> <span class='ocrx_word' id='word_1_248' title='bbox 1415 1327 1494 1360; x_wconf 75' lang='lat' dir='ltr'>tides</span> <span class='ocrx_word' id='word_1_249' title='bbox 1515 1331 1545 1360; x_wconf 85' lang='lat' dir='ltr'>et</span> <span class='ocrx_word' id='word_1_250' title='bbox 1568 1339 1651 1372; x_wconf 88' lang='lat' dir='ltr'>spes.</span> <span class='ocrx_word' id='word_1_251' title='bbox 1673 1328 1737 1361; x_wconf 85' lang='lat' dir='ltr'>Sed</span> <span class='ocrx_word' id='word_1_252' title='bbox 1760 1340 1827 1362; x_wconf 89' lang='lat' dir='ltr'>non</span> <span class='ocrx_word' id='word_1_253' title='bbox 1850 1315 1936 1365; x_wconf 62' lang='lat' dir='ltr'>tiospepi</span> 
     </span>
     <span class='ocr_line' id='line_1_21' title="bbox 233 1376 1929 1430; baseline 0.001 -13"><span class='ocrx_word' id='word_1_254' title='bbox 233 1386 379 1429; x_wconf 84' lang='lat' dir='ltr'>improbe</span> <span class='ocrx_word' id='word_1_255' title='bbox 393 1385 455 1417; x_wconf 88' lang='lat' dir='ltr'>dici</span> <span class='ocrx_word' id='word_1_256' title='bbox 472 1389 574 1429; x_wconf 81' lang='lat' dir='ltr'>potest</span> <span class='ocrx_word' id='word_1_257' title='bbox 589 1386 649 1418; x_wconf 90' lang='lat' dir='ltr'>soli</span> <span class='ocrx_word' id='word_1_258' title='bbox 667 1386 742 1417; x_wconf 74' lang='lat' dir='ltr'>fidei</span> <span class='ocrx_word' id='word_1_259' title='bbox 757 1386 943 1428; x_wconf 80' lang='lat' dir='ltr'>convenire,</span> <span class='ocrx_word' id='word_1_260' title='bbox 963 1397 1028 1418; x_wconf 88' lang='lat' dir='ltr'>non</span> <span class='ocrx_word' id='word_1_261' title='bbox 1041 1386 1121 1430; x_wconf 85' lang='lat' dir='ltr'>spei,</span> <span class='ocrx_word' id='word_1_262' title='bbox 1139 1386 1217 1429; x_wconf 82' lang='lat' dir='ltr'>quia</span> <span class='ocrx_word' id='word_1_263' title='bbox 1232 1385 1312 1417; x_wconf 79' lang='lat' dir='ltr'>fides</span> <span class='ocrx_word' id='word_1_264' title='bbox 1328 1385 1395 1417; x_wconf 86' lang='lat' dir='ltr'>sola</span> <span class='ocrx_word' id='word_1_265' title='bbox 1418 1385 1670 1417; x_wconf 77' lang='lat' dir='ltr'>fundamentum</span> <span class='ocrx_word' id='word_1_266' title='bbox 1694 1385 1825 1429; x_wconf 82' lang='lat' dir='ltr'>dicitur,</span> <span class='ocrx_word' id='word_1_267' title='bbox 1855 1376 1929 1423; x_wconf 52' lang='grc' dir='ltr'>οζῗζῗ,</span> 
     </span>
     <span class='ocr_line' id='line_1_22' title="bbox 232 1442 1829 1487; baseline 0.001 -12"><span class='ocrx_word' id='word_1_268' title='bbox 232 1454 298 1475; x_wconf 89' lang='lat' dir='ltr'>non</span> <span class='ocrx_word' id='word_1_269' title='bbox 326 1443 403 1487; x_wconf 81' lang='lat' dir='ltr'>quia</span> <span class='ocrx_word' id='word_1_270' title='bbox 432 1443 510 1475; x_wconf 82' lang='lat' dir='ltr'>fides</span> <span class='ocrx_word' id='word_1_271' title='bbox 538 1443 642 1475; x_wconf 75' lang='lat' dir='ltr'>virtus</span> <span class='ocrx_word' id='word_1_272' title='bbox 667 1444 767 1487; x_wconf 84' lang='lat' dir='ltr'>possit</span> <span class='ocrx_word' id='word_1_273' title='bbox 787 1455 853 1476; x_wconf 83' lang='lat' dir='ltr'>esse</span> <span class='ocrx_word' id='word_1_274' title='bbox 877 1443 946 1476; x_wconf 87' lang='lat' dir='ltr'>sine</span> <span class='ocrx_word' id='word_1_275' title='bbox 969 1455 1024 1487; x_wconf 89' lang='lat' dir='ltr'>spe</span> <span class='ocrx_word' id='word_1_276' title='bbox 1051 1447 1082 1476; x_wconf 88' lang='lat' dir='ltr'>et</span> <span class='ocrx_word' id='word_1_277' title='bbox 1110 1443 1277 1476; x_wconf 81' lang='lat' dir='ltr'>charitate.</span> <span class='ocrx_word' id='word_1_278' title='bbox 1306 1442 1400 1475; x_wconf 72' lang='lat' dir='ltr'>Unde</span> <span class='ocrx_word' id='word_1_279' title='bbox 1427 1442 1683 1485; x_wconf 75' lang='lat' dir='ltr'>Augustinus³:</span> <span class='ocrx_word' id='word_1_280' title='bbox 1704 1443 1829 1477; x_wconf 83' lang='lat' dir='ltr'>«Fides</span> 
     </span>
     <span class='ocr_line' id='line_1_23' title="bbox 233 1500 1829 1546; baseline 0.002 -14"><span class='ocrx_word' id='word_1_281' title='bbox 233 1511 370 1545; x_wconf 88' lang='lat' dir='ltr'>operans</span> <span class='ocrx_word' id='word_1_282' title='bbox 385 1512 441 1545; x_wconf 87' lang='lat' dir='ltr'>per</span> <span class='ocrx_word' id='word_1_283' title='bbox 456 1500 661 1533; x_wconf 82' lang='lat' dir='ltr'>dilectionem</span> <span class='ocrx_word' id='word_1_284' title='bbox 678 1501 792 1545; x_wconf 83' lang='lat' dir='ltr'>utique</span> <span class='ocrx_word' id='word_1_285' title='bbox 814 1501 883 1533; x_wconf 88' lang='lat' dir='ltr'>sine</span> <span class='ocrx_word' id='word_1_286' title='bbox 903 1512 957 1545; x_wconf 88' lang='lat' dir='ltr'>spe</span> <span class='ocrx_word' id='word_1_287' title='bbox 981 1512 1047 1534; x_wconf 85' lang='lat' dir='ltr'>esse</span> <span class='ocrx_word' id='word_1_288' title='bbox 1071 1512 1138 1533; x_wconf 90' lang='lat' dir='ltr'>non</span> <span class='ocrx_word' id='word_1_289' title='bbox 1159 1504 1277 1545; x_wconf 76' lang='lat' dir='ltr'>potest5</span> <span class='ocrx_word' id='word_1_290' title='bbox 1303 1512 1361 1533; x_wconf 86' lang='lat' dir='ltr'>nce</span> <span class='ocrx_word' id='word_1_291' title='bbox 1383 1511 1475 1533; x_wconf 84' lang='lat' dir='ltr'>amor</span> <span class='ocrx_word' id='word_1_292' title='bbox 1498 1501 1567 1533; x_wconf 86' lang='lat' dir='ltr'>sine</span> <span class='ocrx_word' id='word_1_293' title='bbox 1588 1511 1659 1546; x_wconf 89' lang='lat' dir='ltr'>spe;</span> <span class='ocrx_word' id='word_1_294' title='bbox 1682 1512 1739 1534; x_wconf 90' lang='lat' dir='ltr'>nec</span> <span class='ocrx_word' id='word_1_295' title='bbox 1760 1501 1829 1535; x_wconf 81' lang='lat' dir='ltr'>sine</span> 
     </span>
     <span class='ocr_line' id='line_1_24' title="bbox 232 1557 1830 1602; baseline 0.001 -12"><span class='ocrx_word' id='word_1_296' title='bbox 232 1569 343 1590; x_wconf 86' lang='lat' dir='ltr'>amore</span> <span class='ocrx_word' id='word_1_297' title='bbox 357 1569 446 1602; x_wconf 79' lang='lat' dir='ltr'>spes;</span> <span class='ocrx_word' id='word_1_298' title='bbox 463 1570 520 1590; x_wconf 86' lang='lat' dir='ltr'>nec</span> <span class='ocrx_word' id='word_1_299' title='bbox 537 1563 716 1602; x_wconf 79' lang='lat' dir='ltr'>utrumque</span> <span class='ocrx_word' id='word_1_300' title='bbox 732 1559 800 1592; x_wconf 86' lang='lat' dir='ltr'>sine</span> <span class='ocrx_word' id='word_1_301' title='bbox 816 1559 897 1600; x_wconf 81' lang='lat' dir='ltr'>fide3</span> <span class='ocrx_word' id='word_1_302' title='bbox 915 1563 946 1591; x_wconf 84' lang='lat' dir='ltr'>et</span> <span class='ocrx_word' id='word_1_303' title='bbox 961 1558 1041 1591; x_wconf 79' lang='lat' dir='ltr'>fides</span> <span class='ocrx_word' id='word_1_304' title='bbox 1057 1559 1127 1591; x_wconf 88' lang='lat' dir='ltr'>sine</span> <span class='ocrx_word' id='word_1_305' title='bbox 1151 1569 1260 1591; x_wconf 85' lang='lat' dir='ltr'>amore</span> <span class='ocrx_word' id='word_1_306' title='bbox 1282 1558 1366 1591; x_wconf 87' lang='lat' dir='ltr'>nihil</span> <span class='ocrx_word' id='word_1_307' title='bbox 1393 1557 1532 1602; x_wconf 86' lang='lat' dir='ltr'>prodest.</span> <span class='ocrx_word' id='word_1_308' title='bbox 1559 1573 1574 1589; x_wconf 56' lang='lat' dir='ltr'>&gt;i</span> <span class='ocrx_word' id='word_1_309' title='bbox 1592 1558 1700 1591; x_wconf 85' lang='lat' dir='ltr'>Potest</span> <span class='ocrx_word' id='word_1_310' title='bbox 1721 1562 1830 1592; x_wconf 88' lang='lat' dir='ltr'>tamen</span> 
     </span>
     <span class='ocr_line' id='line_1_25' title="bbox 230 1615 1827 1660; baseline 0.001 -13"><span class='ocrx_word' id='word_1_311' title='bbox 230 1615 317 1648; x_wconf 84' lang='lat' dir='ltr'>credi</span> <span class='ocrx_word' id='word_1_312' title='bbox 346 1616 488 1660; x_wconf 81' lang='lat' dir='ltr'>aliquid,</span> <span class='ocrx_word' id='word_1_313' title='bbox 514 1616 602 1660; x_wconf 81' lang='lat' dir='ltr'>quod</span> <span class='ocrx_word' id='word_1_314' title='bbox 627 1628 692 1649; x_wconf 89' lang='lat' dir='ltr'>non</span> <span class='ocrx_word' id='word_1_315' title='bbox 717 1620 884 1660; x_wconf 53' lang='lat' dir='ltr'>speratum</span> <span class='ocrx_word' id='word_1_316' title='bbox 914 1616 997 1649; x_wconf 85' lang='lat' dir='ltr'>nihil</span> <span class='ocrx_word' id='word_1_317' title='bbox 1021 1620 1131 1649; x_wconf 79' lang='lat' dir='ltr'>auten]</span> <span class='ocrx_word' id='word_1_318' title='bbox 1161 1620 1264 1660; x_wconf 84' lang='lat' dir='ltr'>potest</span> <span class='ocrx_word' id='word_1_319' title='bbox 1292 1615 1432 1660; x_wconf 83' lang='lat' dir='ltr'>sperari,</span> <span class='ocrx_word' id='word_1_320' title='bbox 1461 1616 1549 1660; x_wconf 83' lang='lat' dir='ltr'>quod</span> <span class='ocrx_word' id='word_1_321' title='bbox 1579 1627 1646 1648; x_wconf 84' lang='lat' dir='ltr'>non</span> <span class='ocrx_word' id='word_1_322' title='bbox 1673 1616 1827 1649; x_wconf 86' lang='lat' dir='ltr'>creditur.</span> 
     </span>
     <span class='ocr_line' id='line_1_26' title="bbox 229 1673 1828 1718; baseline 0.001 -14"><span class='ocrx_word' id='word_1_323' title='bbox 229 1673 372 1717; x_wconf 78' lang='lat' dir='ltr'>Ideoque</span> <span class='ocrx_word' id='word_1_324' title='bbox 387 1673 527 1714; x_wconf 79' lang='lat' dir='ltr'>credere,</span> <span class='ocrx_word' id='word_1_325' title='bbox 548 1674 637 1717; x_wconf 87' lang='lat' dir='ltr'>quod</span> <span class='ocrx_word' id='word_1_326' title='bbox 654 1678 700 1706; x_wconf 84' lang='lat' dir='ltr'>est</span> <span class='ocrx_word' id='word_1_327' title='bbox 715 1678 805 1707; x_wconf 83' lang='lat' dir='ltr'>aetus</span> <span class='ocrx_word' id='word_1_328' title='bbox 820 1674 907 1717; x_wconf 73' lang='lat' dir='ltr'>fidei,</span> <span class='ocrx_word' id='word_1_329' title='bbox 925 1674 1119 1707; x_wconf 81' lang='lat' dir='ltr'>naturaliter</span> <span class='ocrx_word' id='word_1_330' title='bbox 1135 1673 1285 1718; x_wconf 84' lang='lat' dir='ltr'>praecedit</span> <span class='ocrx_word' id='word_1_331' title='bbox 1301 1684 1441 1717; x_wconf 72' lang='lat' dir='ltr'>sperare,</span> <span class='ocrx_word' id='word_1_332' title='bbox 1459 1673 1544 1718; x_wconf 83' lang='lat' dir='ltr'>quod</span> <span class='ocrx_word' id='word_1_333' title='bbox 1569 1677 1616 1706; x_wconf 87' lang='lat' dir='ltr'>est</span> <span class='ocrx_word' id='word_1_334' title='bbox 1636 1677 1725 1706; x_wconf 88' lang='lat' dir='ltr'>actus</span> <span class='ocrx_word' id='word_1_335' title='bbox 1747 1673 1828 1718; x_wconf 89' lang='lat' dir='ltr'>spei,</span> 
     </span>
     <span class='ocr_line' id='line_1_27' title="bbox 230 1730 1829 1776; baseline 0.001 -14"><span class='ocrx_word' id='word_1_336' title='bbox 230 1730 308 1774; x_wconf 89' lang='lat' dir='ltr'>quia</span> <span class='ocrx_word' id='word_1_337' title='bbox 336 1731 398 1763; x_wconf 85' lang='lat' dir='ltr'>nisi</span> <span class='ocrx_word' id='word_1_338' title='bbox 428 1730 554 1774; x_wconf 83' lang='lat' dir='ltr'>aliquid</span> <span class='ocrx_word' id='word_1_339' title='bbox 588 1731 750 1773; x_wconf 85' lang='lat' dir='ltr'>credatur,</span> <span class='ocrx_word' id='word_1_340' title='bbox 779 1743 845 1764; x_wconf 91' lang='lat' dir='ltr'>non</span> <span class='ocrx_word' id='word_1_341' title='bbox 869 1735 972 1776; x_wconf 85' lang='lat' dir='ltr'>potest</span> <span class='ocrx_word' id='word_1_342' title='bbox 1000 1731 1134 1775; x_wconf 86' lang='lat' dir='ltr'>sperari.</span> <span class='ocrx_word' id='word_1_343' title='bbox 1166 1730 1319 1763; x_wconf 85' lang='lat' dir='ltr'>Creditur</span> <span class='ocrx_word' id='word_1_344' title='bbox 1346 1731 1432 1762; x_wconf 82' lang='lat' dir='ltr'>enin]</span> <span class='ocrx_word' id='word_1_345' title='bbox 1462 1730 1610 1774; x_wconf 85' lang='lat' dir='ltr'>aliquid,</span> <span class='ocrx_word' id='word_1_346' title='bbox 1647 1731 1734 1776; x_wconf 89' lang='lat' dir='ltr'>quod</span> <span class='ocrx_word' id='word_1_347' title='bbox 1762 1742 1829 1764; x_wconf 89' lang='lat' dir='ltr'>non</span> 
     </span>
     <span class='ocr_line' id='line_1_28' title="bbox 229 1787 1829 1833; baseline 0 -13"><span class='ocrx_word' id='word_1_348' title='bbox 229 1792 389 1832; x_wconf 79' lang='lat' dir='ltr'>speratur.</span> <span class='ocrx_word' id='word_1_349' title='bbox 408 1788 487 1820; x_wconf 85' lang='lat' dir='ltr'>Inde</span> <span class='ocrx_word' id='word_1_350' title='bbox 504 1789 651 1832; x_wconf 84' lang='lat' dir='ltr'>estquod</span> <span class='ocrx_word' id='word_1_351' title='bbox 667 1789 701 1821; x_wconf 88' lang='lat' dir='ltr'>in</span> <span class='ocrx_word' id='word_1_352' title='bbox 716 1789 876 1833; x_wconf 85' lang='lat' dir='ltr'>scriptura</span> <span class='ocrx_word' id='word_1_353' title='bbox 891 1790 1086 1833; x_wconf 82' lang='lat' dir='ltr'>plerumque</span> <span class='ocrx_word' id='word_1_354' title='bbox 1102 1788 1274 1833; x_wconf 86' lang='lat' dir='ltr'>reperitur,</span> <span class='ocrx_word' id='word_1_355' title='bbox 1292 1787 1381 1832; x_wconf 82' lang='lat' dir='ltr'>quod</span> <span class='ocrx_word' id='word_1_356' title='bbox 1397 1787 1476 1820; x_wconf 70' lang='lat' dir='ltr'>fides</span> <span class='ocrx_word' id='word_1_357' title='bbox 1502 1788 1650 1831; x_wconf 77' lang='lat' dir='ltr'>praecedit</span> <span class='ocrx_word' id='word_1_358' title='bbox 1669 1799 1772 1832; x_wconf 85' lang='lat' dir='ltr'>spem,</span> <span class='ocrx_word' id='word_1_359' title='bbox 1797 1792 1829 1821; x_wconf 90' lang='lat' dir='ltr'>et</span> 
     </span>
     <span class='ocr_line' id='line_1_29' title="bbox 229 1845 1825 1890; baseline 0.001 -13"><span class='ocrx_word' id='word_1_360' title='bbox 229 1857 301 1890; x_wconf 87' lang='lat' dir='ltr'>spes</span> <span class='ocrx_word' id='word_1_361' title='bbox 316 1845 465 1889; x_wconf 84' lang='lat' dir='ltr'>sequitur</span> <span class='ocrx_word' id='word_1_362' title='bbox 481 1845 579 1878; x_wconf 79' lang='lat' dir='ltr'>fidem</span> <span class='ocrx_word' id='word_1_363' title='bbox 600 1858 606 1877; x_wconf 91' lang='lat'>:</span> <span class='ocrx_word' id='word_1_364' title='bbox 625 1858 690 1878; x_wconf 89' lang='lat' dir='ltr'>non</span> <span class='ocrx_word' id='word_1_365' title='bbox 705 1847 793 1890; x_wconf 85' lang='lat' dir='ltr'>quod</span> <span class='ocrx_word' id='word_1_366' title='bbox 809 1847 912 1879; x_wconf 88' lang='lat' dir='ltr'>virtus</span> <span class='ocrx_word' id='word_1_367' title='bbox 929 1847 1006 1879; x_wconf 77' lang='lat' dir='ltr'>fidei</span> <span class='ocrx_word' id='word_1_368' title='bbox 1028 1845 1188 1890; x_wconf 60' lang='lat' dir='ltr'>praecedat</span> <span class='ocrx_word' id='word_1_369' title='bbox 1210 1845 1363 1878; x_wconf 82' lang='lat' dir='ltr'>virtutem</span> <span class='ocrx_word' id='word_1_370' title='bbox 1386 1845 1453 1889; x_wconf 88' lang='lat' dir='ltr'>spei</span> <span class='ocrx_word' id='word_1_371' title='bbox 1479 1849 1624 1889; x_wconf 85' lang='lat' dir='ltr'>tempore</span> <span class='ocrx_word' id='word_1_372' title='bbox 1644 1845 1695 1879; x_wconf 89' lang='lat' dir='ltr'>vel</span> <span class='ocrx_word' id='word_1_373' title='bbox 1716 1857 1825 1890; x_wconf 87' lang='lat' dir='ltr'>causa,</span> 
     </span>
     <span class='ocr_line' id='line_1_30' title="bbox 230 1902 1828 1948; baseline 0.002 -14"><span class='ocrx_word' id='word_1_374' title='bbox 230 1903 283 1935; x_wconf 85' lang='lat' dir='ltr'>sed</span> <span class='ocrx_word' id='word_1_375' title='bbox 301 1902 379 1946; x_wconf 84' lang='lat' dir='ltr'>quia</span> <span class='ocrx_word' id='word_1_376' title='bbox 396 1906 486 1935; x_wconf 89' lang='lat' dir='ltr'>actus</span> <span class='ocrx_word' id='word_1_377' title='bbox 502 1903 576 1935; x_wconf 80' lang='lat' dir='ltr'>fidei</span> <span class='ocrx_word' id='word_1_378' title='bbox 599 1904 791 1936; x_wconf 80' lang='lat' dir='ltr'>naturaliter</span> <span class='ocrx_word' id='word_1_379' title='bbox 813 1904 963 1948; x_wconf 63' lang='lat' dir='ltr'>praaecedit</span> <span class='ocrx_word' id='word_1_380' title='bbox 984 1908 1092 1936; x_wconf 86' lang='lat' dir='ltr'>actum</span> <span class='ocrx_word' id='word_1_381' title='bbox 1107 1903 1175 1948; x_wconf 89' lang='lat' dir='ltr'>spei</span> <span class='ocrx_word' id='word_1_382' title='bbox 1190 1915 1196 1934; x_wconf 91' lang='lat'>:</span> <span class='ocrx_word' id='word_1_383' title='bbox 1216 1902 1303 1947; x_wconf 87' lang='lat' dir='ltr'>quod</span> <span class='ocrx_word' id='word_1_384' title='bbox 1323 1902 1420 1934; x_wconf 83' lang='lat' dir='ltr'>etiam</span> <span class='ocrx_word' id='word_1_385' title='bbox 1437 1902 1570 1946; x_wconf 83' lang='lat' dir='ltr'>quidam</span> <span class='ocrx_word' id='word_1_386' title='bbox 1586 1903 1765 1936; x_wconf 78' lang='lat' dir='ltr'>concedunt</span> <span class='ocrx_word' id='word_1_387' title='bbox 1788 1904 1828 1937; x_wconf 90' lang='lat' dir='ltr'>de</span> 
     </span>
     <span class='ocr_line' id='line_1_31' title="bbox 231 1960 1828 2006; baseline 0.003 -15"><span class='ocrx_word' id='word_1_388' title='bbox 231 1960 299 2003; x_wconf 88' lang='lat' dir='ltr'>ipsa</span> <span class='ocrx_word' id='word_1_389' title='bbox 314 1960 436 1992; x_wconf 72' lang='lat' dir='ltr'>virtute</span> <span class='ocrx_word' id='word_1_390' title='bbox 462 1960 551 2001; x_wconf 84' lang='lat' dir='ltr'>fidei,</span> <span class='ocrx_word' id='word_1_391' title='bbox 575 1964 611 1992; x_wconf 88' lang='lat' dir='ltr'>ut</span> <span class='ocrx_word' id='word_1_392' title='bbox 634 1962 826 1994; x_wconf 86' lang='lat' dir='ltr'>naturaliter</span> <span class='ocrx_word' id='word_1_393' title='bbox 851 1962 1010 2006; x_wconf 61' lang='lat' dir='ltr'>praecedat</span> <span class='ocrx_word' id='word_1_394' title='bbox 1031 1973 1133 2005; x_wconf 83' lang='lat' dir='ltr'>spem,</span> <span class='ocrx_word' id='word_1_395' title='bbox 1154 1973 1220 1994; x_wconf 87' lang='lat' dir='ltr'>non</span> <span class='ocrx_word' id='word_1_396' title='bbox 1242 1965 1395 2005; x_wconf 84' lang='lat' dir='ltr'>tempore.</span> <span class='ocrx_word' id='word_1_397' title='bbox 1427 1961 1516 1994; x_wconf 80' lang='lat' dir='ltr'>Unde</span> <span class='ocrx_word' id='word_1_398' title='bbox 1537 1965 1569 1994; x_wconf 89' lang='lat' dir='ltr'>et</span> <span class='ocrx_word' id='word_1_399' title='bbox 1594 1965 1678 1995; x_wconf 82' lang='lat' dir='ltr'>recte</span> <span class='ocrx_word' id='word_1_400' title='bbox 1702 1973 1739 1995; x_wconf 86' lang='lat' dir='ltr'>ea</span> <span class='ocrx_word' id='word_1_401' title='bbox 1760 1962 1828 1995; x_wconf 86' lang='lat' dir='ltr'>sola</span> 
     </span>
     <span class='ocr_line' id='line_1_32' title="bbox 229 2017 1827 2063; baseline 0.003 -14"><span class='ocrx_word' id='word_1_402' title='bbox 229 2017 351 2049; x_wconf 85' lang='lat' dir='ltr'>dicitur</span> <span class='ocrx_word' id='word_1_403' title='bbox 365 2017 617 2051; x_wconf 84' lang='lat' dir='ltr'>fundamentum</span> <span class='ocrx_word' id='word_1_404' title='bbox 634 2019 783 2052; x_wconf 87' lang='lat' dir='ltr'>omnium</span> <span class='ocrx_word' id='word_1_405' title='bbox 798 2020 960 2052; x_wconf 83' lang='lat' dir='ltr'>virtutum</span> <span class='ocrx_word' id='word_1_406' title='bbox 976 2024 1006 2052; x_wconf 87' lang='lat' dir='ltr'>et</span> <span class='ocrx_word' id='word_1_407' title='bbox 1021 2020 1180 2052; x_wconf 87' lang='lat' dir='ltr'>bonorum</span> <span class='ocrx_word' id='word_1_408' title='bbox 1197 2030 1344 2063; x_wconf 87' lang='lat' dir='ltr'>operum.</span> <span class='ocrx_word' id='word_1_409' title='bbox 1363 2018 1435 2052; x_wconf 83' lang='lat' dir='ltr'>Non</span> <span class='ocrx_word' id='word_1_410' title='bbox 1451 2023 1560 2052; x_wconf 89' lang='lat' dir='ltr'>autem</span> <span class='ocrx_word' id='word_1_411' title='bbox 1574 2019 1827 2054; x_wconf 85' lang='lat' dir='ltr'>fundamentum</span> 
     </span>
     <span class='ocr_line' id='line_1_33' title="bbox 230 2074 1823 2121; baseline 0.003 -15"><span class='ocrx_word' id='word_1_412' title='bbox 230 2078 278 2106; x_wconf 77' lang='lat' dir='ltr'>est</span> <span class='ocrx_word' id='word_1_413' title='bbox 308 2074 495 2117; x_wconf 84' lang='lat' dir='ltr'>charitatis,</span> <span class='ocrx_word' id='word_1_414' title='bbox 523 2077 601 2119; x_wconf 85' lang='lat' dir='ltr'>quia</span> <span class='ocrx_word' id='word_1_415' title='bbox 631 2088 696 2109; x_wconf 87' lang='lat' dir='ltr'>non</span> <span class='ocrx_word' id='word_1_416' title='bbox 721 2077 789 2120; x_wconf 87' lang='lat' dir='ltr'>ipsa</span> <span class='ocrx_word' id='word_1_417' title='bbox 813 2077 994 2120; x_wconf 75' lang='lat' dir='ltr'>charitatis,</span> <span class='ocrx_word' id='word_1_418' title='bbox 1020 2077 1074 2110; x_wconf 88' lang='lat' dir='ltr'>sed</span> <span class='ocrx_word' id='word_1_419' title='bbox 1094 2077 1233 2109; x_wconf 85' lang='lat' dir='ltr'>charitas</span> <span class='ocrx_word' id='word_1_420' title='bbox 1255 2076 1358 2121; x_wconf 90' lang='lat' dir='ltr'>ipsius</span> <span class='ocrx_word' id='word_1_421' title='bbox 1382 2077 1511 2110; x_wconf 86' lang='lat' dir='ltr'>virtutis</span> <span class='ocrx_word' id='word_1_422' title='bbox 1541 2076 1617 2110; x_wconf 83' lang='lat' dir='ltr'>fidei</span> <span class='ocrx_word' id='word_1_423' title='bbox 1646 2089 1742 2111; x_wconf 81' lang='lat' dir='ltr'>causa</span> <span class='ocrx_word' id='word_1_424' title='bbox 1765 2081 1823 2112; x_wconf 88' lang='lat' dir='ltr'>est.</span> 
     </span>
     <span class='ocr_line' id='line_1_34' title="bbox 229 2132 1826 2178; baseline 0.004 -15"><span class='ocrx_word' id='word_1_425' title='bbox 229 2132 379 2164; x_wconf 79' lang='lat' dir='ltr'>Charitas</span> <span class='ocrx_word' id='word_1_426' title='bbox 407 2133 494 2165; x_wconf 86' lang='lat' dir='ltr'>enim</span> <span class='ocrx_word' id='word_1_427' title='bbox 517 2139 674 2167; x_wconf 70' lang='lat' dir='ltr'>causaest</span> <span class='ocrx_word' id='word_1_428' title='bbox 695 2139 725 2168; x_wconf 89' lang='lat' dir='ltr'>et</span> <span class='ocrx_word' id='word_1_429' title='bbox 751 2140 854 2168; x_wconf 85' lang='lat' dir='ltr'>mater</span> <span class='ocrx_word' id='word_1_430' title='bbox 879 2136 1029 2169; x_wconf 87' lang='lat' dir='ltr'>omnium</span> <span class='ocrx_word' id='word_1_431' title='bbox 1048 2135 1226 2169; x_wconf 79' lang='lat' dir='ltr'>virtutum:</span> <span class='ocrx_word' id='word_1_432' title='bbox 1250 2145 1322 2178; x_wconf 81' lang='lat' dir='ltr'>quae</span> <span class='ocrx_word' id='word_1_433' title='bbox 1347 2134 1373 2166; x_wconf 87' lang='lat' dir='ltr'>si</span> <span class='ocrx_word' id='word_1_434' title='bbox 1397 2134 1495 2176; x_wconf 85' lang='lat' dir='ltr'>desit,</span> <span class='ocrx_word' id='word_1_435' title='bbox 1519 2135 1640 2168; x_wconf 83' lang='lat' dir='ltr'>frustra</span> <span class='ocrx_word' id='word_1_436' title='bbox 1663 2135 1826 2170; x_wconf 87' lang='lat' dir='ltr'>habentur</span> 
     </span>
     <span class='ocr_line' id='line_1_35' title="bbox 229 2190 1822 2237; baseline 0.003 -15"><span class='ocrx_word' id='word_1_437' title='bbox 229 2194 360 2231; x_wconf 68' lang='lat' dir='ltr'>caztera3</span> <span class='ocrx_word' id='word_1_438' title='bbox 392 2190 418 2222; x_wconf 85' lang='lat' dir='ltr'>si</span> <span class='ocrx_word' id='word_1_439' title='bbox 447 2194 556 2224; x_wconf 85' lang='lat' dir='ltr'>autem</span> <span class='ocrx_word' id='word_1_440' title='bbox 586 2192 686 2234; x_wconf 88' lang='lat' dir='ltr'>adsit,</span> <span class='ocrx_word' id='word_1_441' title='bbox 720 2192 883 2225; x_wconf 82' lang='lat' dir='ltr'>habentur</span> <span class='ocrx_word' id='word_1_442' title='bbox 911 2193 1021 2226; x_wconf 84' lang='lat' dir='ltr'>onmia</span> <span class='ocrx_word' id='word_1_443' title='bbox 1041 2192 1065 2225; x_wconf 57' lang='lat'>⁶.</span> <span class='ocrx_word' id='word_1_444' title='bbox 1104 2192 1251 2226; x_wconf 81' lang='lat' dir='ltr'>Charitas</span> <span class='ocrx_word' id='word_1_445' title='bbox 1289 2192 1377 2224; x_wconf 87' lang='lat' dir='ltr'>enim</span> <span class='ocrx_word' id='word_1_446' title='bbox 1416 2192 1558 2236; x_wconf 84' lang='lat' dir='ltr'>Spiritus</span> <span class='ocrx_word' id='word_1_447' title='bbox 1594 2196 1724 2227; x_wconf 80' lang='lat' dir='ltr'>sanetus</span> <span class='ocrx_word' id='word_1_448' title='bbox 1757 2197 1822 2237; x_wconf 86' lang='lat' dir='ltr'>est,</span> 
     </span>
     <span class='ocr_line' id='line_1_36' title="bbox 231 2248 1825 2296; baseline 0.004 -17"><span class='ocrx_word' id='word_1_449' title='bbox 231 2252 266 2280; x_wconf 89' lang='lat' dir='ltr'>ut</span> <span class='ocrx_word' id='word_1_450' title='bbox 297 2248 331 2281; x_wconf 88' lang='lat' dir='ltr'>in</span> <span class='ocrx_word' id='word_1_451' title='bbox 368 2250 591 2293; x_wconf 81' lang='lat' dir='ltr'>superioribus</span> <span class='ocrx_word' id='word_1_452' title='bbox 607 2250 616 2265; x_wconf 80' lang='lat'>⁶</span> <span class='ocrx_word' id='word_1_453' title='bbox 642 2254 857 2294; x_wconf 77' lang='lat' dir='ltr'>praetaxatun]</span> <span class='ocrx_word' id='word_1_454' title='bbox 881 2256 938 2284; x_wconf 86' lang='lat' dir='ltr'>est.</span> <span class='ocrx_word' id='word_1_455' title='bbox 969 2251 1042 2296; x_wconf 87' lang='lat' dir='ltr'>Ipsa</span> <span class='ocrx_word' id='word_1_456' title='bbox 1067 2254 1113 2284; x_wconf 85' lang='lat' dir='ltr'>est</span> <span class='ocrx_word' id='word_1_457' title='bbox 1141 2261 1217 2293; x_wconf 84' lang='lat' dir='ltr'>ergo</span> <span class='ocrx_word' id='word_1_458' title='bbox 1242 2261 1339 2283; x_wconf 87' lang='lat' dir='ltr'>causa</span> <span class='ocrx_word' id='word_1_459' title='bbox 1365 2250 1513 2283; x_wconf 83' lang='lat' dir='ltr'>omnium</span> <span class='ocrx_word' id='word_1_460' title='bbox 1547 2250 1727 2294; x_wconf 80' lang='lat' dir='ltr'>virtutum3</span> <span class='ocrx_word' id='word_1_461' title='bbox 1758 2262 1825 2285; x_wconf 92' lang='lat' dir='ltr'>non</span> 
     </span>
     <span class='ocr_line' id='line_1_37' title="bbox 230 2305 1821 2353; baseline 0.003 -16"><span class='ocrx_word' id='word_1_462' title='bbox 230 2305 333 2349; x_wconf 90' lang='lat' dir='ltr'>ipsius</span> <span class='ocrx_word' id='word_1_463' title='bbox 358 2306 469 2350; x_wconf 82' lang='lat' dir='ltr'>aliqua</span> <span class='ocrx_word' id='word_1_464' title='bbox 497 2307 659 2341; x_wconf 73' lang='lat' dir='ltr'>virtutum</span> <span class='ocrx_word' id='word_1_465' title='bbox 678 2320 774 2341; x_wconf 84' lang='lat' dir='ltr'>causa</span> <span class='ocrx_word' id='word_1_466' title='bbox 793 2313 859 2350; x_wconf 87' lang='lat' dir='ltr'>est,</span> <span class='ocrx_word' id='word_1_467' title='bbox 887 2309 965 2353; x_wconf 86' lang='lat' dir='ltr'>quia</span> <span class='ocrx_word' id='word_1_468' title='bbox 988 2309 1098 2342; x_wconf 85' lang='lat' dir='ltr'>onmia</span> <span class='ocrx_word' id='word_1_469' title='bbox 1127 2318 1265 2340; x_wconf 83' lang='lat' dir='ltr'>munera</span> <span class='ocrx_word' id='word_1_470' title='bbox 1292 2307 1431 2341; x_wconf 85' lang='lat' dir='ltr'>excellit.</span> <span class='ocrx_word' id='word_1_471' title='bbox 1453 2308 1546 2341; x_wconf 88' lang='lat' dir='ltr'>Unde</span> <span class='ocrx_word' id='word_1_472' title='bbox 1567 2308 1796 2351; x_wconf 76' lang='lat' dir='ltr'>Augustinus⁶</span> <span class='ocrx_word' id='word_1_473' title='bbox 1815 2321 1821 2342; x_wconf 79' lang='lat' dir='ltr'>z</span> 
     </span>
     <span class='ocr_line' id='line_1_38' title="bbox 234 2363 1820 2410; baseline 0.004 -16"><span class='ocrx_word' id='word_1_474' title='bbox 234 2376 250 2394; x_wconf 83' lang='lat'>«</span> <span class='ocrx_word' id='word_1_475' title='bbox 272 2363 407 2408; x_wconf 84' lang='lat' dir='ltr'>Respice</span> <span class='ocrx_word' id='word_1_476' title='bbox 431 2364 471 2397; x_wconf 85' lang='lat' dir='ltr'>ad</span> <span class='ocrx_word' id='word_1_477' title='bbox 494 2376 632 2398; x_wconf 84' lang='lat' dir='ltr'>munera</span> <span class='ocrx_word' id='word_1_478' title='bbox 658 2366 822 2410; x_wconf 71' lang='lat' dir='ltr'>Ecclesiae,</span> <span class='ocrx_word' id='word_1_479' title='bbox 845 2371 875 2399; x_wconf 91' lang='lat' dir='ltr'>et</span> <span class='ocrx_word' id='word_1_480' title='bbox 893 2367 1054 2400; x_wconf 88' lang='lat' dir='ltr'>universis</span> <span class='ocrx_word' id='word_1_481' title='bbox 1072 2365 1282 2399; x_wconf 76' lang='lat' dir='ltr'>excellentius</span> <span class='ocrx_word' id='word_1_482' title='bbox 1300 2365 1464 2398; x_wconf 83' lang='lat' dir='ltr'>charitatis</span> <span class='ocrx_word' id='word_1_483' title='bbox 1487 2376 1608 2398; x_wconf 86' lang='lat' dir='ltr'>munus</span> <span class='ocrx_word' id='word_1_484' title='bbox 1626 2376 1820 2409; x_wconf 86' lang='lat' dir='ltr'>cognosces:</span> 
     </span>
     <span class='ocr_line' id='line_1_39' title="bbox 230 2422 1823 2469; baseline 0.003 -15"><span class='ocrx_word' id='word_1_485' title='bbox 230 2432 317 2465; x_wconf 78' lang='lat' dir='ltr'>quae,</span> <span class='ocrx_word' id='word_1_486' title='bbox 347 2426 384 2455; x_wconf 85' lang='lat' dir='ltr'>ut</span> <span class='ocrx_word' id='word_1_487' title='bbox 418 2422 546 2464; x_wconf 85' lang='lat' dir='ltr'>oleum,</span> <span class='ocrx_word' id='word_1_488' title='bbox 583 2434 648 2456; x_wconf 88' lang='lat' dir='ltr'>non</span> <span class='ocrx_word' id='word_1_489' title='bbox 687 2428 790 2468; x_wconf 84' lang='lat' dir='ltr'>potest</span> <span class='ocrx_word' id='word_1_490' title='bbox 825 2425 928 2469; x_wconf 89' lang='lat' dir='ltr'>premi</span> <span class='ocrx_word' id='word_1_491' title='bbox 953 2425 987 2458; x_wconf 90' lang='lat' dir='ltr'>in</span> <span class='ocrx_word' id='word_1_492' title='bbox 1009 2425 1096 2465; x_wconf 87' lang='lat' dir='ltr'>imo,</span> <span class='ocrx_word' id='word_1_493' title='bbox 1126 2423 1181 2457; x_wconf 89' lang='lat' dir='ltr'>sed</span> <span class='ocrx_word' id='word_1_494' title='bbox 1208 2423 1434 2467; x_wconf 86' lang='lat' dir='ltr'>superebullit.</span> <span class='ocrx_word' id='word_1_495' title='bbox 1476 2434 1492 2454; x_wconf 84' lang='lat'>»</span> <span class='ocrx_word' id='word_1_496' title='bbox 1529 2422 1600 2456; x_wconf 91' lang='lat' dir='ltr'>Non</span> <span class='ocrx_word' id='word_1_497' title='bbox 1638 2433 1714 2467; x_wconf 82' lang='lat' dir='ltr'>ergo</span> <span class='ocrx_word' id='word_1_498' title='bbox 1753 2425 1823 2469; x_wconf 83' lang='lat' dir='ltr'>ejus</span> 
     </span>
     <span class='ocr_line' id='line_1_40' title="bbox 231 2479 1820 2526; baseline 0.003 -15"><span class='ocrx_word' id='word_1_499' title='bbox 231 2490 327 2512; x_wconf 85' lang='lat' dir='ltr'>eausa</span> <span class='ocrx_word' id='word_1_500' title='bbox 361 2480 413 2512; x_wconf 77' lang='lat' dir='ltr'>vel</span> <span class='ocrx_word' id='word_1_501' title='bbox 447 2479 701 2514; x_wconf 82' lang='lat' dir='ltr'>fundamentum</span> <span class='ocrx_word' id='word_1_502' title='bbox 738 2482 818 2516; x_wconf 85' lang='lat' dir='ltr'>fides</span> <span class='ocrx_word' id='word_1_503' title='bbox 850 2487 908 2516; x_wconf 85' lang='lat' dir='ltr'>est.</span> <span class='ocrx_word' id='word_1_504' title='bbox 945 2482 1122 2526; x_wconf 82' lang='lat' dir='ltr'>Gregorius</span> <span class='ocrx_word' id='word_1_505' title='bbox 1149 2485 1257 2514; x_wconf 86' lang='lat' dir='ltr'>tamen</span> <span class='ocrx_word' id='word_1_506' title='bbox 1271 2507 1279 2523; x_wconf 92' lang='lat'>,</span> <span class='ocrx_word' id='word_1_507' title='bbox 1306 2492 1399 2525; x_wconf 79' lang='lat' dir='ltr'>super</span> <span class='ocrx_word' id='word_1_508' title='bbox 1425 2480 1627 2514; x_wconf 73' lang='lat' dir='ltr'>Ezechielem</span> <span class='ocrx_word' id='word_1_509' title='bbox 1661 2484 1687 2523; x_wconf 87' lang='lat'>⁷,</span> <span class='ocrx_word' id='word_1_510' title='bbox 1722 2482 1820 2525; x_wconf 87' lang='lat' dir='ltr'>dicit,</span> 
     </span>
    </p>
   </div>
   <div class='ocr_carea' id='block_1_3' title="bbox 230 2537 1821 2657">
    <p class='ocr_par' dir='ltr' id='par_1_5' title="bbox 230 2537 1821 2657">
     <span class='ocr_line' id='line_1_41' title="bbox 230 2537 1818 2584; baseline 0.003 -15"><span class='ocrx_word' id='word_1_511' title='bbox 230 2537 308 2580; x_wconf 84' lang='lat' dir='ltr'>quia</span> <span class='ocrx_word' id='word_1_512' title='bbox 341 2550 358 2568; x_wconf 84' lang='lat'>«</span> <span class='ocrx_word' id='word_1_513' title='bbox 386 2538 449 2571; x_wconf 89' lang='lat' dir='ltr'>nisi</span> <span class='ocrx_word' id='word_1_514' title='bbox 476 2539 568 2583; x_wconf 88' lang='lat' dir='ltr'>prius</span> <span class='ocrx_word' id='word_1_515' title='bbox 602 2538 683 2573; x_wconf 81' lang='lat' dir='ltr'>fides</span> <span class='ocrx_word' id='word_1_516' title='bbox 713 2544 875 2583; x_wconf 83' lang='lat' dir='ltr'>teneatur,</span> <span class='ocrx_word' id='word_1_517' title='bbox 917 2541 1106 2575; x_wconf 86' lang='lat' dir='ltr'>nullatenus</span> <span class='ocrx_word' id='word_1_518' title='bbox 1138 2539 1178 2572; x_wconf 88' lang='lat' dir='ltr'>ad</span> <span class='ocrx_word' id='word_1_519' title='bbox 1215 2539 1418 2584; x_wconf 84' lang='lat' dir='ltr'>spiritualem</span> <span class='ocrx_word' id='word_1_520' title='bbox 1452 2549 1596 2572; x_wconf 85' lang='lat' dir='ltr'>amorem</span> <span class='ocrx_word' id='word_1_521' title='bbox 1637 2539 1818 2584; x_wconf 83' lang='lat' dir='ltr'>attingitur.</span> 
     </span>
     <span class='ocr_line' id='line_1_42' title="bbox 262 2621 1821 2657; baseline 0.003 -13"><span class='ocrx_word' id='word_1_522' title='bbox 262 2621 269 2636; x_wconf 93' lang='lat'>¹</span> <span class='ocrx_word' id='word_1_523' title='bbox 286 2622 399 2652; x_wconf 75' lang='lat' dir='ltr'>Aug.‚1‘n</span> <span class='ocrx_word' id='word_1_524' title='bbox 413 2623 482 2647; x_wconf 75' lang='lat' dir='ltr'>Joan.</span> <span class='ocrx_word' id='word_1_525' title='bbox 501 2624 606 2655; x_wconf 61' lang='lat' dir='ltr'>lit-any„</span> <span class='ocrx_word' id='word_1_526' title='bbox 623 2626 695 2649; x_wconf 84' lang='lat' dir='ltr'>tract.</span> <span class='ocrx_word' id='word_1_527' title='bbox 712 2631 754 2656; x_wconf 65' lang='lat' dir='ltr'>xc,</span> <span class='ocrx_word' id='word_1_528' title='bbox 770 2632 794 2649; x_wconf 68' lang='lat' dir='ltr'>n,</span> <span class='ocrx_word' id='word_1_529' title='bbox 809 2627 839 2656; x_wconf 68' lang='lat'>93</span> <span class='ocrx_word' id='word_1_530' title='bbox 853 2628 924 2650; x_wconf 80' lang='lat' dir='ltr'>tract.</span> <span class='ocrx_word' id='word_1_531' title='bbox 939 2632 1022 2657; x_wconf 83' lang='lat' dir='ltr'>xxvn,</span> <span class='ocrx_word' id='word_1_532' title='bbox 1032 2632 1059 2650; x_wconf 87' lang='lat' dir='ltr'>n.</span> <span class='ocrx_word' id='word_1_533' title='bbox 1073 2627 1137 2649; x_wconf 83' lang='grc'>9,-</span> <span class='ocrx_word' id='word_1_534' title='bbox 1147 2624 1252 2655; x_wconf 78' lang='lat' dir='ltr'>¹11ebr.‚</span> <span class='ocrx_word' id='word_1_535' title='bbox 1265 2630 1298 2652; x_wconf 85' lang='lat' dir='ltr'>xi,</span> <span class='ocrx_word' id='word_1_536' title='bbox 1315 2626 1335 2647; x_wconf 82' lang='lat'>1.</span> <span class='ocrx_word' id='word_1_537' title='bbox 1347 2635 1376 2641; x_wconf 91' lang='lat'><em>-</em></span> <span class='ocrx_word' id='word_1_538' title='bbox 1386 2623 1396 2640; x_wconf 67' lang='grc' dir='ltr'>Β</span> <span class='ocrx_word' id='word_1_539' title='bbox 1411 2624 1465 2651; x_wconf 64' lang='lat' dir='ltr'>Aug</span> <span class='ocrx_word' id='word_1_540' title='bbox 1479 2641 1485 2653; x_wconf 82' lang='lat'>,</span> <span class='ocrx_word' id='word_1_541' title='bbox 1499 2623 1610 2653; x_wconf 54' lang='lat' dir='ltr'>enchir„</span> <span class='ocrx_word' id='word_1_542' title='bbox 1623 2630 1643 2647; x_wconf 87' lang='lat' dir='ltr'>c.</span> <span class='ocrx_word' id='word_1_543' title='bbox 1656 2629 1712 2653; x_wconf 83' lang='lat' dir='ltr'>viu,</span> <span class='ocrx_word' id='word_1_544' title='bbox 1726 2631 1751 2649; x_wconf 90' lang='lat' dir='ltr'>n.</span> <span class='ocrx_word' id='word_1_545' title='bbox 1765 2627 1821 2650; x_wconf 76' lang='lat'>2.—</span> 
     </span>
    </p>
   </div>
   <div class='ocr_carea' id='block_1_4' title="bbox 231 2655 1820 2728">
    <p class='ocr_par' dir='ltr' id='par_1_6' title="bbox 231 2655 1820 2728">
     <span class='ocr_line' id='line_1_43' title="bbox 231 2655 1820 2692; baseline 0.004 -14"><span class='ocrx_word' id='word_1_546' title='bbox 231 2655 240 2671; x_wconf 73' lang='grc'><em>·</em></span> <span class='ocrx_word' id='word_1_547' title='bbox 256 2656 338 2686; x_wconf 61' lang='grc' dir='ltr'>Μ.,ι1ι·</span> <span class='ocrx_word' id='word_1_548' title='bbox 354 2657 429 2681; x_wconf 54' lang='lat' dir='ltr'>Lnurl.</span> <span class='ocrx_word' id='word_1_549' title='bbox 443 2658 544 2689; x_wconf 55' lang='lat' dir='ltr'>charit„</span> <span class='ocrx_word' id='word_1_550' title='bbox 560 2660 584 2683; x_wconf 87' lang='lat' dir='ltr'>in</span> <span class='ocrx_word' id='word_1_551' title='bbox 596 2660 693 2690; x_wconf 82' lang='lat' dir='ltr'>prine.;</span> <span class='ocrx_word' id='word_1_552' title='bbox 710 2661 734 2683; x_wconf 76' lang='lat' dir='ltr'>fn</span> <span class='ocrx_word' id='word_1_553' title='bbox 745 2662 813 2684; x_wconf 63' lang='lat' dir='ltr'>dmm.</span> <span class='ocrx_word' id='word_1_554' title='bbox 830 2662 933 2692; x_wconf 60' lang='lat' dir='ltr'>Hvanq„</span> <span class='ocrx_word' id='word_1_555' title='bbox 949 2663 1020 2685; x_wconf 80' lang='lat' dir='ltr'>tract.</span> <span class='ocrx_word' id='word_1_556' title='bbox 1036 2666 1119 2689; x_wconf 74' lang='lat' dir='ltr'>xxxn,</span> <span class='ocrx_word' id='word_1_557' title='bbox 1136 2667 1160 2683; x_wconf 87' lang='lat' dir='ltr'>u.</span> <span class='ocrx_word' id='word_1_558' title='bbox 1177 2661 1204 2690; x_wconf 72' lang='lat'>83</span> <span class='ocrx_word' id='word_1_559' title='bbox 1217 2660 1280 2683; x_wconf 81' lang='lat' dir='ltr'>tract</span> <span class='ocrx_word' id='word_1_560' title='bbox 1291 2664 1403 2687; x_wconf 76' lang='lat' dir='ltr'>Lxxxui,</span> <span class='ocrx_word' id='word_1_561' title='bbox 1415 2666 1441 2682; x_wconf 85' lang='lat' dir='ltr'>u.</span> <span class='ocrx_word' id='word_1_562' title='bbox 1457 2660 1480 2689; x_wconf 79' lang='lat'>3;</span> <span class='ocrx_word' id='word_1_563' title='bbox 1498 2659 1523 2682; x_wconf 71' lang='lat' dir='ltr'>[n</span> <span class='ocrx_word' id='word_1_564' title='bbox 1537 2659 1577 2683; x_wconf 32' lang='lat'>1²⁴5,</span> <span class='ocrx_word' id='word_1_565' title='bbox 1593 2665 1663 2690; x_wconf 75' lang='lat' dir='ltr'>cxxi,</span> <span class='ocrx_word' id='word_1_566' title='bbox 1678 2661 1701 2690; x_wconf 81' lang='lat'>6,</span> <span class='ocrx_word' id='word_1_567' title='bbox 1718 2660 1820 2692; x_wconf 58' lang='grc' dir='ltr'>[Μαι-ιη,</span> 
     </span>
     <span class='ocr_line' id='line_1_44' title="bbox 232 2692 1791 2728; baseline -0.003 -3"><span class='ocrx_word' id='word_1_568' title='bbox 232 2697 258 2713; x_wconf 82' lang='lat'>¹¹·</span> <span class='ocrx_word' id='word_1_569' title='bbox 273 2692 309 2714; x_wconf 68' lang='lat'>¹⁰·</span> <span class='ocrx_word' id='word_1_570' title='bbox 322 2705 351 2710; x_wconf 84' lang='lat'><em>-</em></span> <span class='ocrx_word' id='word_1_571' title='bbox 362 2694 433 2717; x_wconf 73' lang='lat' dir='ltr'>⁸Lib.</span> <span class='ocrx_word' id='word_1_572' title='bbox 453 2695 470 2724; x_wconf 73' lang='lat'>¹,</span> <span class='ocrx_word' id='word_1_573' title='bbox 487 2695 542 2718; x_wconf 69' lang='lat' dir='ltr'>dist.</span> <span class='ocrx_word' id='word_1_574' title='bbox 560 2702 625 2720; x_wconf 76' lang='lat' dir='ltr'>xvii.</span> <span class='ocrx_word' id='word_1_575' title='bbox 640 2709 668 2713; x_wconf 91' lang='lat'>——</span> <span class='ocrx_word' id='word_1_576' title='bbox 681 2696 690 2712; x_wconf 72' lang='lat'>⁸</span> <span class='ocrx_word' id='word_1_577' title='bbox 702 2697 776 2728; x_wconf 58' lang='lat' dir='ltr'>Aug„</span> <span class='ocrx_word' id='word_1_578' title='bbox 792 2696 821 2720; x_wconf 76' lang='lat' dir='ltr'>(Ie</span> <span class='ocrx_word' id='word_1_579' title='bbox 835 2697 910 2721; x_wconf 77' lang='lat' dir='ltr'>Laud.</span> <span class='ocrx_word' id='word_1_580' title='bbox 923 2697 1005 2720; x_wconf 74' lang='lat' dir='ltr'>clmrz&#39;t</span> <span class='ocrx_word' id='word_1_581' title='bbox 1018 2716 1024 2727; x_wconf 91' lang='lat'><em>‚</em></span> <span class='ocrx_word' id='word_1_582' title='bbox 1039 2697 1065 2721; x_wconf 87' lang='lat' dir='ltr'>in</span> <span class='ocrx_word' id='word_1_583' title='bbox 1081 2696 1160 2727; x_wconf 82' lang='lat' dir='ltr'>princ.</span> <span class='ocrx_word' id='word_1_584' title='bbox 1177 2695 1225 2712; x_wconf 77' lang='lat'>-7</span> <span class='ocrx_word' id='word_1_585' title='bbox 1241 2695 1327 2725; x_wconf 66' lang='lat' dir='ltr'>Greg„</span> <span class='ocrx_word' id='word_1_586' title='bbox 1343 2694 1367 2717; x_wconf 80' lang='lat' dir='ltr'>in</span> <span class='ocrx_word' id='word_1_587' title='bbox 1381 2693 1479 2724; x_wconf 57' lang='lat' dir='ltr'>Ezeclr,</span> <span class='ocrx_word' id='word_1_588' title='bbox 1494 2693 1565 2718; x_wconf 84' lang='lat' dir='ltr'>hom.</span> <span class='ocrx_word' id='word_1_589' title='bbox 1584 2700 1637 2725; x_wconf 78' lang='lat' dir='ltr'>xvi,</span> <span class='ocrx_word' id='word_1_590' title='bbox 1650 2696 1707 2719; x_wconf 75' lang='lat' dir='ltr'>ante</span> <span class='ocrx_word' id='word_1_591' title='bbox 1721 2696 1791 2721; x_wconf 77' lang='lat' dir='ltr'>nied.</span> 
     </span>
    </p>
   </div>
  </div>
 </body>
</html>
