2017 2960
584 172 773 205 DISTINCT.
796 171 848 203 VI.
872 169 965 202 ART.
988 169 1026 200 11.
1050 169 1200 207 QUAEST.
1226 171 1277 202 111.

129 247 324 279 venientiam
338 245 372 275 111
389 246 518 281 natura,
534 243 577 273 sic
593 245 638 273 est
652 243 754 273 dicere
770 240 853 280 quod
869 239 903 268 111

131 299 251 330 Christo
267 298 335 328 talis
351 297 456 327 unitas
471 296 610 335 quodam
628 294 722 325 modo
736 295 782 324 est
798 292 902 327 nulla,

131 352 269 392 quodam
283 351 378 381 modo
393 352 439 380 est
455 359 585 387 magna,
602 348 741 388 quodam
756 346 850 377 modo
861 346 907 376 est

132 415 244 446 parva,
262 404 400 444 quodam
423 404 516 433 modo
539 405 583 433 est
610 411 748 432 summa.
768 401 800 431 Si
820 399 906 431 enim

132 467 352 498 comparemus
378 457 519 487 divinam
546 458 694 486 naturam
729 454 769 485 ad
794 454 908 484 huma-

132 520 224 549 nam,
240 511 283 541 sic
299 511 331 541 in
350 510 472 542 Christo
487 510 575 541 nulla
590 511 636 539 est
652 508 757 539 unitas
772 510 906 544 naturae,

132 574 189 604 pro
210 573 248 595 eo
263 565 347 604 quod
362 565 431 595 istae
453 564 525 594 duae
546 564 670 593 naturae
690 570 755 591 non
778 561 910 600 possunt

132 618 228 649 simul
248 618 283 649 in
300 627 399 650 unam
421 625 610 648 concurrere
632 617 791 645 naturam.
808 613 840 644 Si
857 622 910 643 311-

132 675 196 702 tem
220 672 393 712 loquamur
414 671 451 701 de
478 672 593 701 natura
617 668 731 700 Christi
755 677 795 698 ex
822 669 910 706 parte

133 727 287 766 corporis,
310 726 353 756 sic
375 734 474 765 parva
497 726 543 754 est
567 723 673 754 unitas
694 724 823 762 propter
843 729 911 760 par-

133 780 212 810 tium
242 778 520 818 multiplicitatem.
547 777 580 808 Si
606 779 714 807 autem
740 776 912 815 loquamur

134 833 171 862 de
193 833 316 863 unitate
339 834 496 872 quantum
517 831 556 862 ad
578 831 721 861 animam
734 853 741 866 ‚
758 829 802 859 sic
818 831 864 859 est
879 828 912 858 in

134 893 171 915 eo
186 884 292 915 unitas
315 893 435 924 magna
450 886 579 924 propter
593 883 711 914 animae
726 881 913 922 simplicita—

133 940 210 968 tem.
227 937 261 968 Si
276 940 384 968 autem
403 937 576 976 loquamur
591 937 629 967 de
647 946 684 967 eo
699 937 858 976 quantum
875 934 913 965 ad

134 991 278 1022 divinam
291 993 440 1021 naturam
450 1014 457 1026 ,
475 990 520 1021 sic
535 999 662 1022 summa
677 992 723 1020 est
738 990 773 1019 in
786 998 823 1019 eo
838 988 915 1019 uni-

135 1046 182 1075 tas
199 1046 327 1084 propter
346 1044 431 1075 illius
453 1046 577 1075 naturae
597 1044 831 1084 simplicitatem
856 1052 915 1073 ex-

136 1097 403 1129 cellentissimam.
425 1098 587 1136 Quantum
604 1107 683 1138 ergo
702 1098 741 1128 ad
761 1098 915 1128 unitatem

134 1154 276 1190 naturae,
294 1152 472 1182 secundum
493 1152 634 1182 diversas
650 1151 917 1182 considerationes

135 1207 182 1236 est
203 1205 236 1235 in
260 1204 380 1235 Christo
400 1205 506 1235 unitas
525 1214 667 1243 summa,
684 1205 789 1235 unitas
810 1204 915 1245 nulla,

136 1257 241 1288 unitas
254 1267 365 1298 parva,
383 1258 491 1288 unitas
509 1268 627 1297 magna
643 1268 651 1289 :
669 1258 713 1289 sie
728 1259 815 1289 enim
830 1259 919 1290 decet

136 1311 267 1351 reperiri
282 1311 316 1342 in
331 1320 385 1350 eo,
403 1311 459 1351 qui
484 1314 530 1343 est
548 1321 644 1352 super
666 1312 776 1343 omnia
797 1313 919 1343 exalta-

136 1366 205 1403 tus,
223 1367 253 1395 et
267 1365 349 1396 intra
365 1375 475 1396 omnes
490 1365 689 1396 humiliatus.
714 1366 748 1397 Si
763 1375 839 1397 vero
863 1368 920 1397 fiat

138 1426 243 1449 sermo
260 1419 298 1449 de
313 1420 434 1450 unitate
450 1429 512 1459 qua
527 1420 634 1460 aliqua
649 1420 800 1451 dicuntur
814 1430 918 1451 unum

137 1480 194 1511 per
208 1472 464 1503 convenientiam
479 1473 512 1503 in
529 1482 679 1513 persona,
697 1474 753 1510 sic,
771 1474 920 1514 simplici-

138 1527 186 1555 ter
200 1524 369 1565 loquendo,
386 1526 492 1557 unitas
508 1526 573 1564 illa,
589 1536 661 1566 qua¹
677 1529 723 1557 est
734 1527 766 1557 in
783 1527 918 1563 Christo,

138 1578 245 1609 unitas
257 1581 304 1609 est
317 1588 413 1619 super
427 1589 539 1610 omnes
552 1580 689 1611 unitates
703 1589 864 1620 suprema.
883 1581 921 1611 Et

139 1631 199 1662 hoe
215 1632 415 1672 quadruplici
437 1642 477 1663 ex
499 1642 610 1670 causa,
632 1633 777 1665 videlicet
793 1637 921 1674 propter

139 1684 224 1715 illius
239 1694 384 1724 personae
399 1686 634 1726 simplicitatem
648 1710 655 1722 ,
674 1690 802 1726 propter
817 1688 920 1718 unibi-

138 1737 219 1768 lium
234 1738 440 1777 dignitatem,
458 1741 587 1779 propter
609 1740 774 1770 unitorum
793 1741 918 1781 insepa-

138 1791 348 1831 rabilitatem,
365 1795 395 1823 et
413 1795 543 1833 propter
560 1793 690 1824 unionis
711 1794 921 1833 singularita-

138 1848 204 1876 tem
223 1856 229 1876 :
248 1847 377 1886 propter
397 1855 542 1886 personae
562 1847 796 1886 simplicitatem
810 1873 818 1886 ,
843 1848 920 1888 quia

139 1900 216 1931 unio
231 1902 278 1930 est
296 1900 330 1930 111
353 1909 489 1940 persona
502 1900 614 1939 Verbi,
632 1910 705 1941 quae
721 1902 851 1941 quidem
875 1904 921 1933 est

139 1953 391 1993 simplicissima;
424 1956 553 1994 propter
581 1955 751 1986 unibilium
783 1956 922 1996 dignita-

140 2009 220 2046 tem,
239 2007 313 2047 quia
332 2009 399 2038 tam
422 2010 536 2040 natura
557 2017 740 2048 assumens,
759 2019 858 2050 quam
873 2020 921 2041 as-

140 2063 284 2101 sumpta,
302 2062 385 2092 inter
399 2063 527 2099 caetera,
545 2071 618 2101 quae
643 2065 733 2101 sunt,
750 2063 846 2094 habet
869 2074 922 2096 ex-

140 2114 318 2145 cellentiam
333 2125 341 2153 ;
365 2117 496 2155 propter
511 2115 810 2155 inseparabilitatem
821 2141 829 2155 ,
846 2118 922 2158 quia

140 2170 228 2199 tanto
241 2168 371 2200 vinculo
386 2168 552 2200 fortificata
574 2171 622 2199 est
642 2169 771 2201 illarum
787 2174 920 2202 natura-

141 2231 216 2252 rum
230 2222 320 2260 unio,
338 2224 374 2253 ut
396 2231 566 2262 nunquam
579 2223 645 2261 fiat,
665 2232 723 2254 nec
739 2225 837 2264 possit.
851 2226 921 2256 fieri

141 2277 296 2315 separatio
323 2287 330 2308 ε
357 2279 472 2307 natura
497 2277 585 2307 enim
613 2277 666 2307 illa
690 2277 772 2309 inter
803 2282 921 2310 ceteras

142 2331 273 2360 naturas
294 2330 427 2361 adhaesit
449 2332 570 2361 aeterno
585 2330 705 2370 Verbo,
725 2340 788 2372 quo
815 2336 921 2372 porta-

143 2385 207 2420 tur,
224 2385 255 2414 et
269 2385 463 2414 sustentatur
484 2393 579 2415 omne
593 2385 679 2424 quod
694 2388 740 2415 est
759 2386 819 2416 sub
834 2386 897 2418 Deo
912 2397 919 2425 ;

145 2438 273 2475 propter
286 2437 557 2476 singularitatem,
579 2438 654 2477 quia
674 2447 842 2479 nunquam
858 2441 922 2471 ulla

146 2488 223 2519 unio
236 2489 296 2520 fuit
308 2490 384 2521 huic
398 2491 511 2522 unioni
524 2491 637 2522 similis
655 2503 661 2522 :
676 2492 746 2523 haec
760 2494 847 2524 enim
863 2495 922 2526 fuit

147 2542 419 2576 excellentissimae
433 2545 628 2584 dignationis
644 2555 652 2577 :
669 2548 701 2578 et
714 2547 785 2579 ideo
803 2558 922 2580 nomen

181 2623 188 2639 ¹
206 2623 268 2647 Dist.
282 2629 299 2654 1,
312 2626 359 2648 art.
375 2627 397 2655 1,
413 2633 438 2657 q.
452 2632 470 2656 1,
486 2628 511 2650 et
525 2626 582 2651 dist.
598 2632 622 2656 V,
638 2629 684 2650 art.
699 2629 722 2658 2,
735 2635 760 2658 q.
772 2634 824 2651 1.-
835 2629 845 2645 ³
858 2628 920 2653 υἱεῖ.

149 2663 184 2690 v1‚
200 2661 246 2683 art.
263 2661 320 2690 1‚q.
335 2665 352 2683 1.

312 2713 386 2735 ron.
409 2714 454 2736 ιν.

1678 177 1731 206 161

960 238 1124 276 dignitatis
1147 241 1177 269 et
1197 239 1391 278 dignationis
1410 240 1469 270 sibi
1485 242 1684 281 appropriat,
1702 244 1737 272 ut

960 291 1081 321 dicatur
1105 291 1210 322 unitas
1232 293 1406 331 dignativa.
1430 293 1466 324 Et
1490 295 1642 334 quoniam
1664 304 1737 325 cum

962 344 999 374 de
1016 345 1136 375 unitate
1152 344 1264 376 Christi
1282 345 1464 386 loquimur,
1481 348 1519 378 ad
1542 357 1639 387 quam
1660 348 1738 378 unio

963 398 1166 435 terminatur,
1184 401 1229 429 est
1254 409 1358 430 sermo
1379 400 1416 431 de
1438 401 1559 431 unitate
1583 410 1738 440 personae,

963 461 1027 482 non
1041 451 1079 481 de
1094 451 1213 482 unitate
1227 455 1349 484 naturae
1361 462 1370 491 3
1385 453 1456 484 ideo
1471 453 1655 494 simpliciter
1669 463 1742 485 con-

964 504 1140 534 cedendum
1156 508 1202 535 est
1218 506 1389 543 unitatem,
1406 516 1479 547 quae
1494 509 1540 538 est
1556 507 1587 537 in
1603 507 1740 546 Christo,

965 566 1093 587 omnem
1127 558 1281 588 unitatem
1311 562 1448 590 creatam
1483 561 1740 601 superexcedere.

967 609 1053 641 Unde
1079 610 1176 641 etiam
1202 612 1410 643 concedendae
1437 616 1510 644 sunt
1540 614 1676 645 rationes
1705 615 1744 646 ad

966 663 1048 694 hanc
1064 666 1185 704 partem
1202 665 1350 697 inductae.

1008 720 1036 747 1.
1054 717 1101 747 Ad
1116 717 1194 748 illud
1211 727 1287 749 vero
1298 720 1384 758 quod
1398 720 1559 759 objicitur,
1576 722 1659 761 quod
1673 730 1745 761 quae

969 771 1108 802 maxime
1125 771 1258 808 distant,
1276 772 1408 803 minime
1426 776 1501 804 sunt
1522 774 1675 812 unibilia,
1697 775 1744 805 di-

968 825 1104 855 cendum
1124 825 1209 864 quod
1226 825 1307 856 Deus
1320 826 1359 856 ah
1379 827 1468 857 omni
1483 830 1628 858 creatura
1643 829 1747 859 maxi-

969 887 1055 908 mam
1066 878 1162 908 habet
1174 878 1387 910 differentiam
1397 880 1430 910 111
1444 882 1558 912 natura
1569 892 1576 918 ;
1592 884 1748 921 quantum

969 933 1076 962 tamen
1100 932 1138 962 ad
1164 932 1380 972 influentiam,
1399 936 1430 964 et
1451 937 1604 966 creaturae
1628 937 1750 966 susten-

970 985 1123 1016 tationem
1136 1010 1143 1022 ,
1170 986 1348 1017 maximam
1374 987 1469 1017 habet
1504 989 1750 1028 approximatio-

971 1048 1045 1070 nem
1071 1050 1077 1069 :
1104 1042 1135 1069 et
1159 1039 1229 1070 ideo
1258 1041 1399 1071 maxima
1425 1044 1526 1080 potest
1553 1051 1620 1073 esse
1645 1043 1751 1073 unitas

972 1093 1054 1123 inter
1069 1092 1249 1124 Creatorem
1269 1097 1299 1124 et
1314 1096 1511 1133 creaturam,
1535 1096 1683 1135 quamvis
1699 1106 1751 1127 na-

973 1146 1084 1176 turalis
1100 1147 1206 1177 unitas
1221 1147 1309 1177 nulla
1325 1147 1501 1179 intercidat.

1014 1202 1044 1229 2.
1061 1200 1109 1230 Ad
1124 1199 1202 1231 illud
1214 1200 1299 1240 quod
1315 1200 1475 1240 obJ'icitur,
1487 1202 1572 1241 quod
1587 1203 1692 1242 magis
1707 1206 1754 1234 est

973 1262 1076 1284 unum
1097 1253 1175 1283 illud
1194 1253 1280 1293 quod
1302 1262 1342 1284 ex
1364 1254 1568 1293 paucioribus
1593 1257 1754 1288 constitui-

974 1309 1038 1344 tur,
1048 1307 1218 1338 dicendum
1233 1307 1318 1347 quod
1333 1316 1448 1338 verum
1463 1310 1509 1339 est
1517 1308 1555 1340 de
1566 1309 1619 1340 illa
1634 1310 1754 1342 unione

974 1364 1066 1402 cujus
1086 1363 1194 1393 unitas
1215 1363 1347 1393 resultat
1370 1372 1410 1394 ex
1434 1364 1575 1404 partium
1600 1366 1754 1397 constitu-

973 1419 1061 1449 tione
1078 1428 1085 1449 :
1102 1419 1207 1449 unitas
1219 1420 1343 1456 autem,
1361 1428 1434 1459 quae
1450 1422 1497 1450 est
1512 1420 1546 1451 111
1562 1420 1696 1459 Christo,
1713 1431 1755 1453 ex

975 1473 1117 1512 partium
1129 1472 1352 1503 constitutione
1364 1482 1429 1503 non
1443 1474 1590 1512 resultat;
1603 1476 1633 1505 et
1643 1484 1755 1515 quam-

975 1525 1024 1556 vis
1039 1525 1079 1556 sit
1097 1526 1130 1555 in
1154 1535 1190 1556 eo
1211 1528 1399 1556 naturarum
1416 1526 1599 1566 pluralitas,
1623 1537 1687 1559 non
1711 1531 1755 1559 ta-

978 1588 1050 1609 men
1061 1579 1204 1618 sequitur
1215 1579 1298 1618 quod
1314 1579 1353 1609 sit
1366 1579 1401 1609 in
1412 1588 1449 1610 eo
1462 1580 1570 1611 unitas
1582 1581 1751 1613 diminuta.

1017 1636 1045 1663 3.
1062 1632 1110 1663 Ad
1126 1632 1204 1662 illud
1217 1632 1302 1672 quod
1314 1632 1474 1671 objicitur,
1489 1634 1576 1673 quod
1588 1635 1693 1674 magis
1707 1638 1754 1666 est

977 1695 1091 1724 unum,
1106 1685 1192 1725 quod
1206 1688 1254 1716 est
1269 1695 1371 1716 unum
1384 1686 1418 1716 in
1433 1695 1568 1725 persona
1581 1689 1612 1718 et
1626 1691 1753 1727 natura,

976 1739 1146 1770 dicendum
1165 1738 1250 1779 quod
1274 1747 1390 1769 verum
1414 1741 1472 1776 est,
1499 1740 1626 1779 quando
1650 1741 1756 1772 unitas

976 1802 1120 1833 personae
1147 1793 1291 1832 sequitur
1323 1792 1480 1824 unitatem
1507 1796 1632 1825 naturae
1644 1806 1651 1832 ;
1680 1798 1755 1826 tunc

975 1847 1062 1878 enim
1076 1846 1261 1887 compositio
1275 1846 1309 1876 in
1324 1848 1440 1878 natura
1458 1847 1532 1878 facit
1551 1848 1757 1888 compositio-

976 1910 1052 1931 nem
1073 1900 1107 1931 in
1128 1909 1263 1940 persona
1287 1911 1293 1930 :
1310 1908 1376 1930 non
1390 1900 1434 1930 sic
1453 1902 1561 1931 autem
1577 1903 1623 1932 est
1637 1901 1670 1931 in
1685 1911 1757 1942 pro-

976 1954 1088 1994 posito,
1104 1954 1179 1993 quia
1194 1953 1301 1984 unitas
1314 1962 1460 1993 personae
1475 1954 1510 1984 111
1530 1953 1655 1985 Christo
1671 1957 1756 1986 ante-

977 2008 1058 2040 cedit
1072 2008 1228 2038 unitatem
1242 2009 1367 2038 naturae
1388 2009 1578 2048 assumptae,
1604 2008 1648 2039 ita
1670 2009 1755 2049 quod

976 2062 1098 2093 nullam
1123 2061 1245 2092 inducit
1270 2061 1532 2100 compositionem
1561 2063 1678 2093 natura
1709 2072 1755 2094 as-

977 2118 1119 2156 sumpta,
1136 2115 1217 2146 sicut
1231 2117 1395 2146 ostensum
1411 2115 1470 2146 fuit
1485 2124 1582 2156 supra
1592 2117 1612 2147 ¹.

1018 2173 1047 2200 4.
1071 2170 1116 2200 Ad
1130 2169 1207 2200 illud
1221 2169 1306 2209 quod
1318 2169 1478 2209 objicitur,
1496 2170 1581 2210 quod
1597 2170 1700 2210 magis
1711 2173 1757 2201 est

977 2233 1082 2255 unum
1097 2223 1184 2263 quod
1198 2232 1263 2254 non
1279 2224 1325 2253 est
1339 2223 1579 2263 multiplicabile
1590 2246 1597 2260 ,
1614 2226 1685 2262 etc.,
1709 2224 1756 2254 di-

978 2277 1114 2308 cendum
1137 2276 1223 2316 quod
1244 2285 1360 2307 verum
1381 2277 1428 2306 est
1449 2276 1487 2306 de
1506 2276 1560 2307 illa
1581 2277 1703 2308 unitate
1726 2279 1754 2307 et

978 2330 1255 2370 multiplicatione,
1278 2338 1352 2370 quae
1366 2330 1487 2361 habent
1501 2330 1642 2370 aliquam
1657 2339 1754 2370 oppo—

978 2387 1147 2425 sitionem3
1173 2385 1330 2416 minuitur
1353 2385 1439 2416 enim
1458 2386 1659 2426 oppositum,
1681 2394 1755 2416 cum

978 2450 1036 2471 suo
1050 2439 1194 2480 opposito
1207 2439 1416 2479 permiscetur
1430 2449 1436 2468 :
1453 2448 1519 2470 non
1532 2439 1576 2469 sic
1591 2441 1700 2470 autem
1709 2440 1756 2469 est

978 2495 1012 2525 in
1024 2493 1195 2534 proposito,
1210 2493 1296 2533 quia,
1309 2495 1346 2523 ut
1358 2501 1442 2532 saepe
1456 2493 1576 2523 dictum
1589 2493 1664 2531 θεῖ’,
1676 2493 1756 2524 111111-

978 2547 1126 2588 tiplicitas
1144 2547 1177 2577 in
1193 2548 1309 2577 natura
1323 2555 1388 2577 non
1410 2548 1571 2586 repugnat
1585 2546 1701 2577 unitati
1723 2547 1757 2577 111

979 2611 1123 2642 persona.
1152 2601 1189 2631 Et
1214 2600 1256 2630 sic
1281 2602 1365 2639 patet
1391 2599 1554 2639 responsio
1581 2600 1621 2631 ad
1647 2601 1755 2631 omnia

980 2654 1124 2695 quaesita.

1601 2710 1632 2737 Η
