2017 2960
129 1964 192 1990 Opin.
201 1966 219 1984 1.

225 198 283 228 52¹⁴

226 259 325 289 tuitus
358 269 493 289 summm
519 260 596 290 lucis
621 268 627 288 ς
653 267 731 296 ergo
757 257 883 287 videtur
909 257 993 296 quod

225 313 302 343 sides
323 312 467 343 similiter
482 312 627 343 consistat
646 311 729 340 circa
745 319 858 340 verum
874 310 995 340 incom-

225 365 356 405 plexum
372 375 425 405 per
440 365 569 395 modum
588 363 789 403 incomplexi.

266 421 295 449 -1,
314 418 390 448 ltcm
405 427 474 457 spes
489 420 519 447 ct
534 417 669 447 charitas
683 419 757 447 sunt
772 416 853 446 circa
875 424 924 446 res
945 415 993 446 in-

226 471 416 510 complexus,
440 473 469 499 et,
491 479 547 509 per
566 470 696 499 modum
720 468 994 508 incomplexionis,

226 524 300 563 qnia
315 532 384 562 spes
400 525 542 561 expectat
558 523 799 559 beatihnlineni,
817 525 846 552 et
861 522 996 552 charitas

227 578 309 606 amat
328 575 424 605 Ileum
443 587 448 606 ·,
466 584 543 613 crgo
565 585 637 605 cum
655 575 789 606 virtutes
809 575 995 613 theologicae

226 628 308 657 idem
332 627 468 658 habeant
491 637 548 667 pro
572 628 693 667 objecto
717 628 891 658 secundum
914 636 994 666 rem,

226 681 351 711 videtur
368 681 452 720 quod
474 683 504 711 et
528 681 594 720 ipsa
613 681 690 711 111165
712 681 793 711 circa
811 689 925 711 verum
948 680 996 710 iu-

226 733 428 773 complexum
447 734 604 764 consistat.

268 788 297 817 5.
321 786 420 824 ltcm,
454 786 479 815 si
511 786 587 816 tides
613 785 754 816 consistit
776 786 856 816 circa
884 794 997 816 verum

226 839 441 878 complexum,
458 848 531 868 cum
546 841 687 878 tempore
705 838 858 878 passionis
879 838 1001 878 paucis-

227 892 297 921 simi
322 892 436 921 scirent
460 891 617 922 Christum
643 892 720 931 pati,
745 894 776 922 et
799 892 831 921 in
855 893 998 931 tempore

226 945 452 976 incarnationis
475 945 658 985 paucissimi
693 945 808 975 scirent
838 945 999 975 Christum

227 999 394 1035 incarnari,
412 998 591 1038 pancissimi
607 998 792 1028 habuissent
806 998 913 1028 fidem.
930 998 1001 1029 Cor-

226 1052 329 1082 nelius
348 1052 443 1082 etiam
462 1052 557 1082 fidem
573 1061 638 1081 non
654 1051 831 1088 habuisset,
847 1051 901 1091 qui
925 1060 996 1082 nes-

227 1106 327 1136 ciebat
350 1106 508 1137 Christum
532 1115 598 1135 esse
618 1106 833 1143 incarnatum,
856 1115 913 1135 nec
928 1114 1001 1145 pas-

227 1168 299 1189 sum
318 1168 326 1189 :
351 1161 381 1189 et
396 1162 502 1189 tamen
518 1159 555 1189 de
569 1159 621 1189 illo
637 1159 777 1197 legitur*
795 1183 802 1195 ‚
820 1159 903 1198 quod
927 1159 1003 1189 elee-

228 1220 368 1251 mosynoe
383 1212 450 1252 ejits
471 1212 659 1251 placuerunt
675 1212 745 1243 Deo.
767 1212 841 1243 Sine.
862 1211 925 1250 fide
942 1219 1001 1242 cuc·

229 1268 306 1301 tem,
331 1267 367 1295 ut
400 1265 560 1301 dicitur'‚
587 1264 782 1303 impossibile
812 1266 856 1295 esc
877 1264 1001 1303 placere

230 1318 294 1350 Deo
311 1329 318 1349 z
337 1319 361 1348 si
377 1327 456 1357 ergo
474 1319 531 1347 ista
548 1318 805 1348 inconvenientia
822 1318 936 1354 essent,
954 1317 1003 1346 in-

229 1371 420 1401 conveniens
436 1373 481 1401 est
496 1380 629 1410 ponere,
646 1370 731 1409 quod
755 1370 833 1400 fides
855 1370 1003 1400 consistat

229 1424 310 1454 circa
324 1423 589 1463 complexionem.

503 1531 728 1563 CONCLUSIO.

230 1605 306 1632 Fidei
328 1605 454 1639 objectum
479 1604 566 1638 quoad
587 1604 768 1630 sahstantz'am
791 1603 854 1636 fidei
876 1604 910 1629 est
936 1609 1006 1628 com-

264 1651 374 1684 plexum
387 1650 497 1683 proprie
509 1648 646 1682 loquendo,
656 1646 725 1680 quud
734 1647 843 1681 respicit
865 1646 1006 1680 implicite,

270 1696 294 1720 et
312 1694 454 1728 emplicz‘tc:
477 1694 618 1727 implisite,
635 1700 687 1718 non
705 1690 878 1717 coneerncndo
896 1693 1006 1724 tcmpus;

268 1739 395 1772 explicite
409 1747 479 1769 vero,
495 1737 638 1764 secundiun
660 1736 865 1762 determinatam
885 1735 1009 1768 temporis

271 1782 459 1816 differentiam.

275 1861 368 1901 Resp.
385 1861 423 1892 ad
438 1871 508 1899 arg.
527 1860 573 1891 Ad
590 1859 815 1899 praedictorum
830 1857 1009 1895 intelligen-

234 1915 311 1945 tiam
325 1917 371 1945 est
386 1915 576 1951 notandum,
602 1912 687 1952 quod
702 1912 784 1941 circa
805 1911 887 1941 hanc
901 1919 1009 1950 quaes-

237 1967 354 1998 tionem
376 1967 491 1997 diversi
506 1965 717 1997 diversimode
732 1966 908 1994 senserunt.
928 1963 1004 2000 Qui-

235 2020 310 2050 dam
345 2020 432 2050 enim
467 2019 570 2049 dicere
601 2018 792 2054 voluerunt,
822 2016 906 2056 quod
932 2016 1010 2046 fides

236 2072 378 2103 consistit
410 2073 492 2102 circa
527 2071 765 2110 incomplexum
778 2093 786 2106 ,
815 2070 896 2099 sicut
930 2069 1011 2099 circa

236 2126 401 2165 proprium
420 2125 581 2165 ohjssetum
605 2126 660 2154 :et
684 2123 735 2153 isti
757 2122 907 2153 dixerunt
927 2121 1011 2161 quod

237 2178 361 2209 articuli
376 2178 448 2209 fidei
464 2187 528 2208 non
545 2178 620 2207 sunt
638 2175 864 2212 enunciabilia,
881 2174 935 2205 sed
949 2183 1009 2212 res,

237 2233 344 2271 utpote
358 2230 552 2267 incarnatio,
572 2229 690 2269 passio,
707 2229 738 2258 et
751 2227 938 2258 resurrectio
955 2236 962 2257 :
982 2228 1013 2257 et

239 2284 297 2314 ista
318 2283 447 2323 quidem
472 2282 561 2313 omni
586 2285 727 2321 tempore
746 2282 821 2311 sunt
844 2280 965 2318 eadem,
982 2281 1013 2310 et

240 2337 306 2376 ipsa
322 2336 410 2367 fides.
431 2335 519 2373 Quod
536 2336 643 2365 autem
665 2336 754 2364 actus
776 2333 850 2363 fidei
875 2334 1013 2363 transeat

239 2398 335 2428 super
369 2389 474 2428 ipsum
509 2387 656 2418 credibile
687 2386 767 2416 sicut
797 2394 893 2425 super
925 2394 1013 2416 com-

241 2442 385 2482 plexum,
401 2442 462 2472 hoc
478 2443 524 2471 est
546 2442 672 2480 propter
692 2439 850 2470 defectum
873 2438 1013 2468 intellec-

777 194 1085 226 SENTENTIARUM
1108 196 1180 227 Llss.
1201 196 1253 226 111.

1050 258 1115 296 ipse
1133 268 1278 289 assensus
1300 259 1372 290 fidei
1395 262 1440 289 est
1460 260 1585 299 proprie
1607 267 1702 299 super
1724 268 1814 289 com-

1050 311 1248 351 plexionem3
1276 314 1307 342 ct
1329 313 1367 343 ad
1394 313 1617 352 perfectionem
1638 313 1722 351 fidei,
1750 322 1815 343 non

1050 366 1175 395 tantum
1200 367 1322 404 oportet
1351 367 1491 405 cogitare
1518 367 1555 398 de
1580 366 1814 403 incarnatione,

1051 417 1104 446 5611
1137 417 1233 447 ctiam
1261 420 1383 458 oportet
1411 419 1536 450 credere
1568 419 1816 450 incarnationem

1047 470 1117 508 jam
1132 471 1244 509 t'uisse;
1262 471 1330 502 ideo
1345 472 1493 502 dixerunt
1509 471 1560 502 alii
1571 495 1579 509 ,
1595 472 1678 511 quod
1696 471 1817 502 articuli

1052 526 1127 554 sunt
1158 524 1387 562 enunciabilia,
1417 526 1448 555 ct
1468 525 1552 564 quod
1582 525 1659 555 fides
1682 524 1820 555 consistit

1053 577 1135 608 circa
1150 577 1364 616 ccnnplexum,
1383 578 1521 608 maxime
1539 586 1612 607 curn
1627 577 1705 607 fides
1720 586 1820 616 quan-

1054 633 1122 660 tuni
1149 630 1187 661 ad
1213 630 1337 670 aliquos
1371 631 1520 662 articulos
1550 630 1646 660 simul
1679 629 1824 669 respiciat

1055 686 1209 722 creatum,
1232 686 1263 714 et
1284 685 1471 722 increatum,
1500 685 1531 714 et
1552 684 1589 714 de
1610 683 1698 714 nullo
1721 683 1823 713 creato

1055 737 1150 776 possit
1164 746 1229 768 esse
1246 737 1305 767 nisi
1321 737 1495 768 secundum
1518 737 1603 776 quod
1624 736 1824 776 componitur

1055 790 1113 829 ipsi
1137 790 1287 829 increato,
1314 790 1489 821 seeundum
1514 789 1599 830 quod
1627 789 1715 829 prius
1737 788 1825 820 habi-

1055 845 1124 873 tum
1139 845 1184 872 est
1202 854 1209 873 ·.
1227 843 1250 873 51
1268 852 1345 882 ergo
1366 843 1543 874 intellectus
1560 842 1636 873 illud
1655 851 1720 872 non
1744 841 1825 882 capit

1056 895 1114 926 nisi
1132 905 1187 935 per
1202 896 1333 925 modum
1347 895 1591 934 complexionis,
1608 894 1824 925 rationabilius

1057 948 1182 978 videtur
1197 948 1275 978 illud
1292 957 1419 987 ponere,
1436 949 1467 978 et
1481 947 1594 984 dicere,
1606 947 1688 986 quod
1700 947 1776 977 fides
1786 947 1826 977 sit

1057 1001 1140 1031 circa
1164 1010 1278 1032 verum
1300 1001 1513 1040 complexum,
1534 1000 1600 1031 sive
1625 999 1684 1030 sub
1706 999 1826 1030 ratione

1057 1054 1225 1094 complexi.
1247 1054 1284 1084 Et
1305 1054 1456 1094 quoniam
1479 1062 1588 1084 errans
1609 1053 1691 1083 circa
1714 1061 1827 1083 verum

1058 1108 1261 1147 complexum
1285 1109 1442 1147 quantum
1458 1107 1496 1137 ad
1516 1106 1725 1137 differentiam
1744 1107 1825 1136 tem-

1058 1161 1142 1200 poris
1166 1160 1347 1200 simpliciter
1366 1160 1525 1200 Judicatur
1545 1159 1725 1197 haereticus,
1747 1159 1828 1189 sicut

1059 1215 1083 1243 si
1105 1214 1220 1253 aliquis
1236 1213 1375 1244 crederet
1389 1212 1652 1243 resurrectionem
1669 1213 1739 1251 jam
1761 1212 1826 1242 sac-

1059 1269 1138 1302 tam,
1157 1266 1206 1296 vel
1230 1266 1479 1296 incarnationem
1499 1266 1657 1301 futuram3
1675 1265 1743 1295 ideo
1762 1273 1828 1295 non

1059 1320 1161 1349 solum
1197 1319 1347 1349 dixerunt
1379 1318 1474 1349 fidem
1506 1326 1572 1347 esse
1607 1317 1688 1347 circa
1714 1325 1828 1347 verum

1060 1373 1280 1412 complexum,
1306 1371 1357 1401 sed
1384 1372 1481 1401 etiam
1503 1371 1585 1400 circa
1605 1378 1720 1400 verum
1741 1378 1830 1400 com-

1060 1425 1190 1464 plexum
1205 1424 1264 1454 sul)
1280 1423 1488 1454 determinata
1507 1421 1684 1453 differentia
1707 1424 1831 1462 tempo-

1060 1478 1114 1508 ris.
1132 1477 1169 1507 Et
1188 1477 1212 1506 si
1233 1479 1268 1507 tu
1283 1477 1412 1516 objicias
1432 1476 1476 1505 eis
1499 1475 1536 1505 de
1561 1475 1734 1505 mutatione
1757 1475 1829 1505 fidei

1061 1532 1188 1570 propter
1218 1530 1425 1560 mutationem
1454 1529 1616 1567 justorum
1646 1528 1830 1558 enunciabi-

1060 1584 1157 1620 lium,
1193 1582 1382 1622 respondent
1415 1581 1589 1612 secundum
1626 1580 1805 1611 Nominales
1820 1605 1828 1619 ,

1061 1636 1146 1676 quod
1161 1635 1373 1666 enunciabilia
1388 1644 1451 1666 non
1467 1636 1541 1665 sunt
1560 1636 1697 1670 mutata,
1713 1633 1788 1673 quia
1803 1636 1832 1664 te

1062 1699 1128 1719 esse
1144 1698 1324 1725 cursurum,
1341 1693 1369 1718 te
1384 1697 1511 1718 currere
1525 1711 1532 1725 ,
1549 1689 1579 1717 te
1594 1686 1784 1724 cucurrisse,
1799 1687 1832 1717 in

1062 1743 1195 1773 diversis
1221 1741 1416 1781 temporibus
1441 1741 1562 1779 prolata
1588 1740 1672 1770 idem
1704 1739 1832 1778 signifi-

1063 1797 1144 1833 cant,
1159 1797 1190 1825 et
1206 1804 1308 1825 unum
1324 1796 1369 1824 est
1384 1793 1582 1823 enunciabile
1593 1816 1601 1830 ,
1618 1792 1694 1832 quia
1706 1801 1772 1823 una
1787 1794 1834 1823 est

1062 1858 1111 1878 res
1126 1857 1222 1887 quam
1243 1847 1439 1886 significant,
1456 1848 1487 1876 et
1501 1854 1604 1876 unum
1621 1847 1667 1876 est
1690 1847 1831 1885 tempus,

1065 1910 1120 1941 pro
1145 1911 1208 1940 quo
1233 1901 1437 1940 proferuntur
1460 1910 1466 1929 ς
1490 1901 1520 1929 et
1541 1899 1610 1929 ideo
1634 1907 1736 1929 unum
1760 1900 1834 1929 sunt

1063 1955 1237 1985 secundum
1260 1962 1327 1983 rem
1351 1954 1381 1982 et
1405 1952 1589 1989 veritatem,
1616 1951 1765 1991 quamvis
1789 1951 1834 1981 vi-

1063 2008 1196 2037 deantur
1210 2006 1358 2036 vocaliter
1374 2013 1440 2035 esse
1460 2005 1596 2035 diversa.
1620 2004 1718 2034 Aliter
1740 2004 1835 2034 etiam

1064 2059 1254 2099 respondent
1280 2069 1286 2088 :
1314 2058 1404 2095 Esto,
1432 2057 1517 2097 quod
1541 2058 1600 2087 ista
1624 2056 1836 2087 enunciabilia

1064 2113 1125 2143 sint
1138 2112 1278 2149 diversa;
1295 2111 1371 2151 quia
1385 2113 1489 2141 tamen
1505 2119 1570 2141 una
1583 2112 1629 2140 est
1644 2109 1771 2147 veritas,
1785 2109 1835 2140 cui

1065 2166 1142 2197 sides
1158 2165 1287 2195 assentit
1311 2164 1541 2204 principaliter,
1559 2165 1589 2194 et
1609 2162 1730 2193 ratione
1745 2163 1836 2201 cnjus

1065 2221 1124 2250 ista
1145 2217 1354 2249 enunciabilia
1376 2217 1473 2247 credit
1495 2227 1502 2246 :
1524 2225 1596 2255 quae
1622 2215 1751 2255 quidem
1772 2223 1836 2245 non

1066 2273 1209 2303 mutatur
1230 2270 1406 2300 secundum
1431 2269 1646 2299 diversitatem
1671 2267 1833 2307 temporis,

1066 2326 1137 2356 licet
1158 2324 1227 2364 ipsa
1246 2322 1460 2354 enunciabilia
1482 2321 1752 2353 diversificentur:
1770 2329 1835 2350 non

1067 2380 1194 2419 propter
1214 2377 1275 2408 hoc
1290 2376 1366 2406 ssules
1380 2377 1522 2406 mutatur
1537 2377 1567 2405 et
1586 2374 1832 2411 diversificatur,

1067 2433 1131 2463 imo
1146 2432 1178 2461 in
1196 2431 1326 2461 diversis
1339 2429 1533 2469 temporibus
1543 2427 1619 2458 fides
1634 2436 1698 2457 non
1713 2429 1835 2457 mutata

1834 477 1936 503 liptinas.

1068 2484 1218 2516 consistit.
1236 2483 1297 2514 Sed
1312 2483 1387 2522 quia
1401 2482 1454 2512 illa
1468 2480 1579 2521 positio
1602 2479 1831 2517 Nominalium,
1873 2499 1954 2525 [mmo.

1067 2547 1140 2579 quae
1159 2537 1280 2568 dicebat
1303 2533 1513 2566 enunciabilia
1533 2533 1730 2564 diversorum
1753 2534 1825 2563 tem·
1850 2530 1957 2582 :Jfflgsw

1068 2599 1184 2633 porum
1198 2599 1265 2621 esse
1279 2596 1398 2626 unum,
1414 2588 1625 2618 communiter
1639 2595 1705 2617 non
1719 2595 1832 2626 appro-

1068 2647 1176 2682 batur,
1192 2644 1258 2675 imo
1272 2642 1348 2674 falsa
1368 2642 1433 2679 est,
1458 2640 1540 2671 sicut
1554 2640 1588 2670 in
1610 2638 1713 2679 primo
1732 2639 1834 2669 libro⁸

241 2498 303 2532 tus,
320 2495 375 2534 qui
398 2504 462 2525 non
486 2495 587 2534 potest
607 2494 709 2523 totum
732 2491 865 2531 simplici
887 2493 1014 2531 aspectu

243 2548 378 2585 intueri3
396 2547 448 2577 sed
472 2546 575 2586 primo
596 2545 656 2576 hoc
676 2545 837 2582 intuetur,
861 2546 891 2575 et
907 2545 1014 2583 postea

126 2608 210 2635 namt
243 2600 331 2637 illud,
344 2609 537 2640 componens
550 2607 654 2630 unum
667 2597 768 2628 alteri.
785 2597 845 2628 Sed
860 2596 1014 2637 quoniam

277 2663 283 2677 ¹
301 2662 365 2691 21⁶2,
382 2663 481 2691 x‚-'1.—-
496 2662 506 2679 ²
520 2661 603 2689 Hem..
620 2667 655 2691 xi,
671 2661 691 2684 G.
707 2674 735 2677 —
747 2659 969 2689 ⁸1)i÷t.:i12vn,p.
987 2664 1013 2682 11.
