2017 2960
264 202 322 231 570

263 269 293 297 et
307 266 389 298 hanc
404 269 630 299 mercenariam
645 268 717 298 facit
733 275 814 306 speS‚
826 274 899 306 quae
910 267 955 296 est
968 265 1033 296 vir-

263 322 314 349 tus
320 322 472 359 gratuim:
482 323 512 352 ct
524 322 589 351 haec
597 321 708 350 mer'1to
716 328 780 349 uon
788 320 957 359 repugnat.
968 317 1034 349 Pri-

265 382 336 403 mus
348 376 455 404 tamen
464 374 576 404 modus
586 372 709 403 dicendi
725 372 851 403 videtur
861 380 927 403 esse
943 371 1035 401 ratio-

264 426 493 466 nabilioi·,q11ia
502 435 572 465 spos
590 428 673 456 stare
689 427 789 465 potest
807 425 934 455 exclusa
947 424 1034 454 omni

263 479 433 509 intentione
445 478 617 509 dilectionis
631 478 844 509 mercenariae.
857 478 1034 515 Quantum-

262 540 398 570 cumque
421 531 507 561 enim
521 540 612 561 amor
626 531 666 561 sit
681 531 836 571 perfectus
851 531 884 561 in
900 530 953 561 via
965 554 973 568 ‚
988 531 1035 560 est

262 584 320 613 sibi
346 584 447 614 virtus
461 584 527 623 spei
549 584 729 624 conjuncta.
749 583 837 615 Unde
852 583 1034 623 simpliciter

261 636 428 668 dicendum
445 639 491 667 est
503 661 511 675 ,
527 637 612 677 quod
635 637 812 677 expectatio
827 637 900 667 honi
923 637 1034 667 aeterni

261 698 326 719 non
341 692 388 720 est
409 690 605 721 mercenaria
619 714 626 727 ‚
644 699 701 721 nec
725 689 843 720 minuit
864 690 1030 727 meritum,

261 752 318 772 nec
333 743 406 773 facit
420 742 458 773 ad
482 743 755 783 imperfectionem
778 742 958 781 charitatis,
983 743 1034 774 vel

261 795 376 833 meriti,
396 796 456 826 nisi
471 797 503 826 in
518 798 677 836 quantum
693 805 782 827 mens
796 795 933 827 hominis
947 796 1035 827 mul-

260 851 328 879 tum
345 849 515 880 affectuose
531 852 561 880 et
573 849 694 880 intense
708 849 819 889 aspicit
833 849 873 880 ad
898 858 1035 880 commo-

260 901 338 932 dum
370 902 488 941 proprii
509 902 593 933 boni.
625 902 714 933 Multi
740 905 848 934 autem
876 905 951 934 sunt
977 902 1034 942 qui

261 954 486 985 beatitudiuem
499 957 676 995 expectant,
692 957 723 986 et
731 958 839 986 tamen
862 964 973 995 parum
996 955 1034 985 de

261 1016 303 1045 se,
321 1010 352 1038 et
366 1008 503 1039 multum
518 1008 556 1039 de
570 1009 630 1040 Deo
649 1011 771 1040 curant.

510 1117 714 1155 QUAESTIO
736 1118 777 1149 ll.

438 1198 483 1225 An
497 1205 553 1233 spes
566 1199 603 1225 sit
618 1206 698 1231 ,qcnus
710 1199 820 1225 virtutis
835 1200 853 1223 ¹.

303 1276 415 1307 Utrum
430 1285 500 1316 spes
515 1276 555 1307 sit
570 1285 674 1315 genus
689 1277 816 1307 virtutis
826 1300 834 1314 ‚
853 1278 902 1308 vel
916 1278 1034 1317 species

261 1329 501 1368 specialissimm
520 1331 550 1359 et
564 1329 649 1368 quod
668 1329 788 1369 species
797 1330 1032 1370 specialissima,

260 1381 386 1412 videtur
402 1392 408 1412 t
429 1381 497 1412 Una
511 1384 556 1412 est
572 1382 674 1412 virtus
688 1382 727 1413 ab
752 1383 872 1413 unitate
896 1384 1009 1422 obJecti
1025 1394 1030 1413 ε

259 1434 312 1465 sed
327 1434 359 1464 in
375 1444 440 1465 uno
456 1434 522 1465 solo
537 1435 728 1474 sperandum
751 1438 798 1467 est
810 1460 818 1473 ,
835 1437 979 1467 videlicet
1000 1437 1033 1467 in

261 1486 332 1525 Deo,
347 1488 440 1527 juxta
452 1488 539 1525 illud,
557 1488 642 1528 quod
656 1497 739 1528 saepe
753 1489 867 1520 dicitur
880 1490 914 1520 iu
928 1489 1032 1530 Scrip-

259 1542 330 1570 tura
345 1543 366 1577 ²,
383 1540 467 1579 quod
484 1541 517 1571 ῑη
531 1541 668 1572 Domino
682 1542 875 1581 sperandum
890 1545 952 1581 est,
971 1552 1034 1574 non

259 1593 291 1623 in
306 1593 414 1633 aliqua
427 1596 570 1625 creatura
588 1605 594 1624 t
612 1604 692 1634 ergo
711 1595 835 1626 videtur
857 1597 941 1636 quod
965 1605 1034 1636 spes

257 1646 297 1676 sit
311 1647 413 1677 virtus
428 1647 523 1678 unica
537 1647 626 1678 nullo
642 1648 735 1679 modo
752 1649 941 1688 plurificata.

298 1699 376 1730 Item
401 1709 520 1731 merces
541 1710 606 1732 una
631 1702 776 1733 omnium
798 1705 862 1741 est,
880 1705 910 1734 et
924 1712 1034 1734 omnes

261 1762 362 1784 unum
376 1763 542 1785 summum
568 1755 690 1786 honum
703 1758 889 1796 expectant,
914 1757 946 1787 iu
970 1766 1034 1797 quo

258 1815 323 1837 non
338 1807 419 1837 cadit
434 1807 599 1838 diversitas
610 1808 676 1839 sive
692 1809 867 1840 secundum
883 1810 1031 1850 speciem,

257 1859 325 1890 sive
341 1860 519 1891 secundum
534 1861 668 1892 formam
683 1872 690 1892 ε
706 1871 786 1901 ergo
800 1863 826 1892 si
841 1872 910 1903 spes
921 1866 967 1894 est
983 1873 1034 1894 ex-

260 1913 392 1952 pectatio
407 1916 536 1944 aeternae
550 1914 714 1952 mercedis,
730 1915 858 1946 videtur
874 1917 958 1956 quod
973 1926 1032 1948 cx-

257 1965 390 2005 pectatio
420 1966 472 1997 illa
494 1966 582 1998 nullo
606 1967 699 1998 modo
725 1968 839 1999 habeat
860 1970 1033 2001 formaliter

259 2018 467 2050 diversificari
485 2029 492 2050 :
515 2028 594 2059 ergo
619 2029 691 2060 spes
712 2030 777 2052 uon
797 2022 892 2053 habet
913 2023 973 2054 sub
1000 2033 1033 2054 se

258 2071 334 2102 alias
357 2072 475 2111 species
496 2072 678 2104 differentes
698 2085 706 2105 ι
733 2083 811 2114 ergo
834 2075 928 2106 habet
953 2077 986 2107 in
1000 2086 1033 2107 se

259 2124 415 2155 unitatem
430 2125 543 2165 speciei
556 2126 802 2165 specialissimae.

299 2178 378 2209 Item
394 2179 543 2218 pauciora
558 2182 633 2211 sunt
655 2181 810 2220 speranda
823 2205 830 2219 ⁷
852 2191 950 2221 quam
971 2182 1033 2212 sint

259 2231 432 2269 credenda3
447 2232 604 2264 credimus
618 2233 704 2264 enim
719 2235 851 2274 praemia
865 2237 896 2266 et
909 2236 1033 2275 suppli-

260 2284 320 2323 cia,
336 2285 391 2315 sed
409 2294 471 2316 non
487 2294 652 2325 speramus
664 2287 724 2318 nisi
738 2289 862 2319 tantum
876 2289 1010 2328 praemia
1024 2299 1031 2320 ε

260 2345 340 2375 ergo
353 2337 478 2368 videtur
491 2338 575 2377 quod
595 2340 696 2378 maj0r
711 2340 818 2370 unitas
834 2342 879 2371 est
904 2340 937 2370 in
960 2350 1031 2380 spe,

262 2398 357 2429 quam
372 2389 405 2420 in
420 2390 493 2429 fide,
509 2391 560 2421 vel
575 2391 670 2422 etiam
687 2394 772 2423 tanta
788 2404 795 2424 ε
820 2394 872 2425 sed
887 2394 965 2425 fides
987 2396 1034 2425 est

262 2451 326 2472 una
344 2443 464 2475 unitate
478 2443 590 2483 speciei
612 2445 834 2484 specialissime
861 2457 867 2477 :
894 2455 974 2486 ergo
1004 2449 1033 2477 et

261 2504 342 2535 speS.

297 2595 303 2610 ¹
321 2594 362 2622 Cs.
378 2595 500 2619 Alexand.
521 2596 617 2620 Mende
631 2615 636 2625 ,
658 2604 682 2628 p.
702 2598 746 2627 111,
762 2598 844 2623 collat.
861 2606 930 2629 xxm,
947 2603 993 2623 art.
1005 2603 1030 2630 2;

264 2631 289 2652 5.
303 2629 422 2659 Thomu-²,
434 2630 500 2661 11-11,
515 2638 539 2662 q.
554 2635 656 2661 x11,ar[.
674 2634 705 2662 65
722 2635 746 2656 et
762 2635 789 2657 ΙΙΙ
805 2635 883 2664 Sena,
895 2635 1031 2665 distxxvi,

265 2671 278 2693 q
300 2666 633 2697 1¹,artfitjeirlchmlffi.
649 2674 666 2696 1>
677 2671 723 2692 art.
734 2670 760 2699 35
772 2670 898 2700 menard„
909 2672 938 2694 111
953 2671 1031 2701 Sem„

827 197 1134 231 SENTENTIARUM
1156 200 1227 231 LlB.
1255 201 1307 232 Ill.

1132 266 1207 298 Item
1221 268 1285 307 spei
1301 268 1438 299 succedit
1448 269 1583 307 perfecta
1597 269 1695 300 tent10
1705 292 1712 306 ,
1730 270 1810 300 sicut
1820 271 1857 300 fl-

1089 318 1138 350 dei
1153 320 1290 351 succedit
1304 320 1395 352 visio.
1411 320 1472 352 Sed
1489 321 1624 360 perfecta
1640 322 1720 352 visio
1741 323 1858 353 summi

1090 373 1156 403 veri
1171 374 1217 404 est
1231 382 1296 404 una
1307 374 1484 405 secundum
1497 374 1632 414 speciem
1653 375 1686 405 iu
1711 375 1860 407 omnibus

1089 425 1198 464 beatis,
1215 435 1272 457 nec
1287 426 1380 457 habet
1389 426 1605 457 diversitatem
1616 436 1671 467 per
1680 428 1758 458 alias
1773 428 1859 459 dotes

1089 478 1189 518 specie
1206 478 1385 509 differentes
1402 489 1409 510 :
1426 487 1504 518 ergo
1521 488 1578 510 nec
1591 488 1661 519 spes
1675 480 1770 511 habet
1783 481 1860 511 suh-

1088 531 1184 562 dividi
1200 532 1233 562 in
1247 532 1324 563 alias
1339 532 1474 563 virtutes
1490 543 1496 563 :
1514 541 1593 571 ergo
1612 541 1682 572 spes
1696 535 1742 564 est
1756 533 1860 565 virtus

1088 584 1241 624 specialiS‚
1257 587 1287 616 et
1302 585 1396 616 habet
1411 585 1443 615 in
1458 594 1490 616 se
1501 585 1657 616 unitatem
1667 586 1779 626 speciei
1788 595 1860 627 spe-

1089 637 1276 669 cialissimae.

1129 690 1189 722 Sed
1204 693 1314 722 contra
1329 701 1335 721 ε
1348 694 1376 722 1.
1389 691 1593 723 Diversarum
1604 693 1735 723 actuum
1744 692 1858 724 diversi

1088 746 1163 775 sunt
1175 744 1302 775 habitus
1318 755 1325 775 ε
1343 745 1396 776 sed
1419 744 1576 776 confidere
1590 768 1598 783 ,
1620 747 1651 775 et
1673 746 1838 785 expectare
1850 769 1858 784 ,

1089 800 1164 829 sunt
1177 800 1266 829 actus
1279 798 1452 829 formaliter
1466 798 1655 829 disserentes.
1677 798 1710 830 Si
1726 807 1803 839 ergo
1821 799 1860 831 ad

1088 860 1176 891 spem
1191 852 1325 891 pertinet
1338 851 1506 890 confidere,
1524 852 1700 883 secundum
1714 852 1799 892 quod
1811 852 1858 884 di-

1088 904 1193 935 cimur
1216 912 1343 944 sperare
1365 905 1398 936 z'n
1423 905 1578 943 Domino,
1594 905 1633 936 ad
1654 914 1743 945 spem
1765 905 1860 937 etiam

1090 956 1223 996 pertinet
1236 959 1401 997 expectare
1412 980 1420 994 ‚
1436 957 1612 988 secundum
1624 958 1709 997 quod
1725 957 1860 989 dicimur

1088 1018 1214 1049 sperare
1232 1008 1371 1041 futuram
1387 1010 1522 1049 gloriam
1531 1021 1538 1048 3
1548 1010 1674 1042 videtur
1683 1019 1763 1050 ergo
1775 1011 1860 1051 quod

1089 1072 1159 1103 spes
1186 1063 1300 1093 habeat
1324 1062 1528 1094 diversificari
1549 1063 1738 1102 formaliter,
1765 1066 1796 1095 et
1817 1064 1862 1095 ita

1089 1116 1247 1147 subdividi
1261 1116 1294 1147 in
1308 1116 1384 1147 alias
1397 1116 1527 1156 specieS.

1127 1171 1157 1200 2.
1175 1169 1253 1200 Item
1268 1178 1339 1209 spes
1348 1171 1394 1200 est
1408 1169 1584 1209 expectatio
1594 1170 1711 1201 t'uturae
1725 1170 1860 1202 heatitu-

1088 1222 1173 1254 dinis
1184 1246 1192 1261 ‚
1208 1223 1383 1254 secundum
1397 1222 1483 1262 quod
1497 1222 1570 1253 dicit
1584 1221 1733 1262 Magister
1755 1223 1788 1253 in
1808 1222 1861 1254 lit-

1089 1278 1165 1312 tera,
1182 1278 1212 1306 et
1226 1275 1360 1306 hahetur
1374 1275 1406 1305 iu
1423 1275 1561 1306 Glossa’:
1572 1275 1625 1306 sed
1639 1275 1802 1307 beatitudo
1812 1278 1860 1307 est

1088 1330 1187 1359 status
1201 1328 1346 1359 omnium
1362 1328 1521 1358 bonorum
1535 1328 1765 1367 aggregatione
1785 1337 1859 1368 per-

1089 1382 1187 1411 fectus
1204 1392 1210 1411 z
1238 1389 1316 1420 ergo
1345 1390 1416 1420 spes
1437 1383 1581 1420 expectat
1601 1389 1696 1412 omne
1714 1381 1834 1412 bonum
1851 1393 1857 1412 :

1089 1434 1141 1464 sed
1157 1434 1331 1473 expectatio
1351 1433 1555 1465 diversificari
1574 1433 1668 1465 habet
1685 1434 1860 1465 secundum

1089 1487 1303 1518 diversitatem
1316 1487 1389 1517 boni
1406 1486 1574 1526 expectati3
1589 1488 1619 1517 et
1632 1495 1703 1526 spes
1716 1496 1781 1518 non
1795 1489 1861 1518 tau-

1089 1543 1157 1572 tum
1172 1542 1315 1580 expectat
1342 1549 1444 1571 unum
1469 1540 1589 1571 bonum
1601 1563 1610 1579 ‚
1635 1540 1700 1571 imo
1726 1549 1862 1580 congre-

1088 1593 1249 1633 gationem
1266 1593 1413 1623 omnium
1429 1593 1588 1624 honorum
1605 1603 1612 1624 ε
1635 1601 1713 1632 ergo
1736 1592 1862 1625 videtur

1089 1647 1173 1687 quod
1191 1647 1258 1686 ipsa
1278 1646 1418 1677 includat
1437 1647 1470 1677 in
1486 1654 1520 1677 se
1536 1646 1775 1677 universitatem
1789 1654 1861 1677 om-

1089 1700 1179 1731 nium
1191 1699 1350 1730 bonarum
1364 1700 1532 1731 virtutum.

1129 1757 1157 1785 3.
1175 1754 1252 1784 Item
1267 1753 1370 1784 omnis
1383 1753 1486 1785 virtus
1496 1753 1659 1784 meritoria
1674 1753 1748 1784 facit
1757 1753 1861 1784 homi-

1089 1815 1162 1837 nem
1175 1806 1302 1837 tendere
1318 1806 1358 1837 ad
1376 1807 1475 1837 finem
1494 1815 1590 1837 suum
1607 1805 1858 1846 assequendum,

1088 1868 1184 1900 quem
1199 1861 1305 1890 tamen
1319 1859 1464 1890 nondum
1479 1859 1584 1890 videt:
1600 1858 1653 1889 sed
1661 1867 1731 1898 spes
1738 1860 1785 1890 est
1794 1859 1859 1890 vir-

1087 1915 1139 1944 tus
1153 1912 1216 1951 illa,
1227 1921 1291 1952 qua
1300 1912 1373 1952 quis
1383 1913 1526 1952 expectat
1536 1912 1706 1952 praemium
1715 1912 1860 1943 omnium

1089 1966 1275 1997 meritorum
1292 1975 1299 1996 :
1324 1974 1402 2005 ergo
1427 1965 1552 1997 videtur
1566 1965 1651 2006 quod
1678 1966 1781 1997 virtus
1795 1966 1860 2006 spei

1088 2020 1268 2051 communis
1281 2019 1322 2050 sit
1336 2019 1376 2050 ad
1390 2028 1500 2050 omnes
1514 2019 1647 2051 virtutes
1662 2030 1669 2051 ε
1690 2028 1769 2059 ergo
1796 2029 1860 2051 non

1088 2073 1183 2104 habet
1197 2073 1350 2104 unitatem
1365 2072 1479 2113 speciei
1494 2073 1738 2112 speciaiissimae.

1128 2129 1157 2158 4.
1178 2127 1255 2157 Item
1268 2151 1275 2164 ⁷
1292 2127 1374 2158 sicut
1387 2136 1419 2158 se
1434 2126 1530 2158 hahet
1544 2127 1701 2166 gaudium
1716 2129 1859 2167 respectu

1088 2180 1162 2211 boni
1183 2180 1365 2219 praesentis,
1387 2180 1431 2211 sic
1453 2189 1485 2210 se
1509 2179 1604 2211 habet
1625 2189 1695 2220 spes
1716 2182 1859 2220 respectu

1087 2233 1163 2264 boni
1175 2233 1273 2264 futuri
1289 2243 1296 2264 :
1313 2233 1366 2264 sed
1381 2233 1541 2272 gaudium
1551 2257 1559 2271 ‚
1576 2242 1640 2273 quo
1656 2233 1728 2273 quis
1741 2232 1860 2273 gaudet

1088 2286 1125 2317 de
1141 2288 1212 2317 actu
1227 2286 1353 2317 virtutis
1369 2286 1543 2326 praesentis,
1557 2295 1621 2317 non
1635 2286 1730 2318 habet
1742 2286 1858 2317 distin-

1088 2339 1145 2379 gui
1159 2339 1199 2370 ab
1225 2340 1294 2379 ipsa
1308 2339 1441 2377 virtute,
1467 2338 1532 2369 imo
1556 2340 1603 2370 est
1621 2338 1770 2369 omnibus
1792 2339 1859 2369 vir-

1088 2392 1208 2424 tutibus
1221 2392 1385 2432 generale;
1401 2394 1505 2423 castus
1521 2391 1606 2423 enim
1620 2393 1678 2429 est,
1693 2392 1749 2432 qui
1764 2392 1860 2423 conti-

1087 2447 1141 2476 net
1155 2469 1163 2483 ,
1180 2447 1211 2476 et
1232 2445 1293 2476 hoc
1312 2445 1381 2485 ipso
1405 2445 1524 2484 gaudet
1541 2454 1548 2475 :
1565 2453 1643 2484 ergo
1655 2444 1723 2485 pari
1737 2444 1858 2477 ratione

1087 2498 1224 2535 videtur,
1237 2498 1320 2538 quod
1335 2506 1407 2538 spes
1420 2497 1460 2529 de
1473 2498 1581 2528 futuro
1604 2497 1687 2529 bono
1710 2497 1752 2529 sit
1770 2506 1857 2529 com-

1088 2598 1145 2621 disl.
1160 2602 1228 2623 xxvi,
1252 2598 1334 2624 urtstt,
1360 2603 1384 2625 q.
1414 2600 1456 2623 11¹3
1477 2594 1564 2624 Steph-
1589 2595 1696 2624 Brulef„
1722 2596 1752 2619 ΙΙΙ
1775 2596 1854 2624 Sent„

1088 2633 1144 2656 dist.
1160 2638 1231 2660 xxvi,
1246 2639 1269 2661 ¹1·
1285 2637 1353 2654 11.-
1365 2631 1375 2646 ⁵
1390 2629 1456 2653 Psul.
1473 2635 1507 2657 IV,
1522 2631 1544 2659 G,
1559 2631 1606 2653 etc.
1620 2630 1668 2648 ...a
1683 2631 1709 2654 ln
1723 2631 1802 2661 Epist.
1824 2631 1858 2655 ad

1088 2669 1163 2697 Ram„
1180 2674 1202 2690 v.

1878 695 1966 721 Adopp.
