2017 2960
165 1534 186 1553 ,Δ
198 1539 249 1559 opt).

260 179 318 208 ⁴250

259 244 339 274 sicut
367 244 508 282 peccator
536 240 653 281 patitur
682 238 720 269 ab
746 236 853 275 aliquo
886 233 1028 265 asssictio-

259 305 351 333 nem·,
369 296 419 326 vel
433 294 606 326 secundum
626 289 890 330 dispensationem
911 287 1029 318 divince

259 348 498 384 miscricordice,
521 347 599 377 sicut
628 344 817 382 Redemptor
845 350 956 381 passus
984 342 1030 370 est

258 412 316 443 pro
333 401 471 432 sanando
492 401 599 429 nostro
623 396 746 427 morbo.
765 394 822 425 Sed
844 394 931 424 nullo
955 393 1030 423 isto-

259 464 333 486 rum
368 454 536 484 modornm
566 453 635 491 post
666 449 896 489 separationem
929 446 1030 487 passio

259 508 361 548 potuit
376 508 474 537 inesse
490 504 547 544 ipsi
572 504 687 534 animae
704 502 817 533 Christi
834 512 840 532 :
859 510 924 531 non
945 500 1031 531 enim

259 562 370 592 habuit
385 559 594 596 contrarium,
610 566 667 588 nec
682 556 794 587 habuit
809 556 985 595 peccatum,
1002 555 1032 583 et

260 615 515 645 consummatum
556 613 623 641 erat
656 612 773 641 nostrae
808 607 1032 647 redemptionis

260 665 465 705 mysterium,
481 664 562 694 sicut
576 663 689 693 dicitur
710 662 740 691 in
761 661 899 691 Joanne'
918 670 924 689 :
950 659 1031 690 Con-

259 722 452 750 summatum
467 721 522 749 est.
541 716 626 755 Ergo
641 715 728 746 nullo
748 714 841 744 modo
854 712 918 753 pati
943 713 1031 752 pote-

258 775 305 803 rat
322 784 329 803 ε
349 774 443 803 restat
460 781 538 811 ergo
551 770 636 810 quod
651 769 757 799 statim
773 765 974 807 impassibilis
987 767 1033 796 cst

259 826 380 856 effecta.

300 879 376 909 Item
393 878 509 908 anima}
533 878 732 913 sanctorum,
749 875 876 914 quando
892 882 956 903 non
972 873 1033 903 ha-

259 932 334 962 bent
350 931 489 971 aliquem
506 932 642 965 reatum,
660 929 765 959 statim
781 927 963 958 efficiuntur
978 926 1034 956 im-

258 984 420 1024 passibiles
437 995 443 1015 z
461 993 538 1023 ergo
553 983 578 1012 si
594 982 701 1013 anima
723 981 837 1011 Christi
858 980 959 1010 multo
981 988 1034 1010 ve-

258 1037 359 1068 locius
373 1037 471 1076 digna
487 1038 553 1066 erat
567 1036 653 1065 omni
671 1034 919 1073 glorificatione,
936 1042 1033 1072 quam

259 1090 364 1121 omnis
378 1090 438 1121 alia
458 1089 582 1126 anima,
599 1088 724 1119 videtur
748 1087 833 1127 quod
849 1087 955 1118 statim
971 1087 1034 1117 im-

261 1146 417 1185 passibilis
432 1148 477 1175 est
492 1145 614 1175 effecta.

302 1199 378 1230 item
401 1199 491 1229 nulla
512 1198 614 1238 passio
636 1197 739 1237 potnit
760 1205 826 1227 esso
846 1196 880 1226 in
901 1195 1033 1233 Christo,

263 1261 336 1292 qnae
359 1253 485 1282 vacaret
506 1262 524 1281 a
548 1251 661 1282 rncrito
685 1263 691 1281 ;

262 1306 369 1337 statim
385 1308 454 1345 post
470 1304 699 1344 separationem
721 1304 825 1334 amisit
850 1302 1033 1342 potentiam,

263 1359 330 1389 sive
356 1361 472 1389 statum
497 1357 637 1388 merendi
662 1365 670 1388 :
698 1366 775 1396 ergo
799 1356 905 1386 statim
932 1354 1037 1385 amisit

263 1412 437 1452 potentiam
463 1410 598 1450 patiendi
622 1421 630 1440 ·.
656 1418 734 1448 ergo
759 1408 862 1439 statim
887 1407 968 1438 facta
991 1408 1038 1437 est

264 1464 471 1505 impassibilis.

306 1517 365 1549 Sed
389 1519 498 1548 contra
527 1525 535 1546 ·.
561 1518 587 1546 1.
614 1515 704 1546 Sicut
727 1513 913 1554 passibilitas
936 1513 1039 1543 inerat

267 1571 384 1602 animai
409 1570 523 1601 Christi
547 1571 662 1610 praeter
679 1568 797 1608 peccati
817 1567 978 1604 debitum,
995 1565 1039 1596 ita

263 1626 295 1655 et
308 1624 396 1655 carni
414 1634 421 1654 :
437 1632 515 1662 ergo
531 1623 611 1653 sicut
626 1622 777 1653 velociter
791 1621 902 1652 collata
914 1621 959 1650 est
975 1619 1038 1649 im-

263 1677 452 1718 passibilitas
468 1676 584 1707 animae
594 1699 602 1713 ,
619 1675 662 1706 ita
675 1675 826 1706 velociter
840 1673 950 1704 debuit
963 1681 1039 1703 con-

264 1730 340 1762 ferri
354 1730 412 1771 ipsi
429 1729 553 1770 corpori
571 1739 577 1759 :
596 1728 649 1760 sed
664 1727 898 1768 impassibilitas
912 1735 977 1757 non
994 1726 1040 1756 est

265 1785 376 1816 collata
394 1784 453 1825 ipsi
476 1783 599 1824 corpori
619 1791 722 1822 usqne
741 1782 779 1812 ad
798 1781 939 1812 triduum
952 1803 959 1817 ,
976 1788 1039 1819 quo

265 1838 439 1869 resurrexit
455 1848 462 1868 :
479 1846 557 1876 ergo
571 1836 717 1867 similiter
731 1834 868 1872 videtur,
884 1833 969 1873 quod
982 1841 1040 1863 nec

265 1891 382 1922 animae
396 1891 469 1921 ante
483 1891 608 1929 tempus
625 1888 713 1919 illud.

305 1947 335 1975 9..
359 1943 437 1974 Item
454 1944 592 1982 ponatur
608 1942 693 1981 quod
713 1942 819 1971 anima
836 1940 952 1971 iterum
966 1939 1041 1969 uni-

266 1999 355 2028 retur
375 1995 498 2036 corpori
520 1995 565 2025 illi
587 1993 764 2025 secundum
778 1995 912 2030 statum,
929 1992 962 2022 in
977 2001 1040 2031 quo

267 2051 372 2090 ipsum
388 2048 538 2086 deseruit,
555 2050 632 2078 tunc
645 2047 793 2086 arguitur
806 2047 869 2077 sic:
887 2045 919 2076 Si
935 2045 1040 2075 anima

267 2102 407 2143 passibili
431 2101 554 2141 corpori
577 2101 737 2137 uniretur,
754 2101 835 2130 esset
857 2098 1038 2139 passibilis:

267 2157 321 2187 sed
340 2156 447 2187 anima
466 2154 578 2185 Christi
598 2155 720 2193 poterat
742 2152 827 2183 uniri
849 2152 894 2182 illi
917 2150 1040 2190 corpori

267 2211 340 2240 ante
355 2207 633 2248 glorificationem,
651 2206 727 2246 quia
745 2206 825 2236 nihil
849 2213 919 2235 eam
938 2205 1041 2243 impe-

267 2262 371 2293 diebat
387 2271 395 2292 :
411 2270 490 2299 ergo
504 2260 609 2291 adhuc
628 2260 750 2300 poterat
768 2258 832 2298 pati
850 2269 857 2289 ι
874 2266 952 2297 ergo
976 2266 1040 2288 non

267 2316 335 2346 erat
349 2313 560 2354 impassibilis.

308 2371 337 2399 3.
363 2367 441 2398 ltem
457 2366 535 2397 nihil
550 2374 672 2396 novum
688 2364 837 2395 collatum
856 2366 902 2394 est
922 2363 1040 2394 animae

268 2421 301 2451 in
315 2421 384 2460 ipso
397 2419 526 2450 instanti
542 2418 747 2458 separationis
762 2427 781 2448 a
795 2426 925 2457 corpore
938 2427 945 2447 z
961 2425 1041 2455 ergo

268 2474 294 2504 si
308 2474 399 2513 prius
413 2482 479 2504 non
493 2472 630 2504 habebat
644 2471 940 2511 impassibilitatem,
956 2469 1042 2501 vide-

269 2529 322 2557 tur
337 2526 421 2566 quod
440 2535 497 2557 nee
515 2527 591 2556 tune
611 2523 724 2556 habuit
745 2526 818 2555 ante
832 2523 917 2554 diem
938 2532 1042 2554 resur-

270 2579 429 2611 rectionis.

304 2642 310 2657 *
326 2642 407 2671 Joan„
424 2648 479 2671 xlx,
494 2642 565 2665 30.—
581 2642 612 2669 (ιι)
630 2640 697 2663 Edit.
712 2639 839 2663 Vemdeest
855 2640 915 2662 nisi.

717 1251 770 1281 sed
794 1249 902 1279 anima
925 1249 1035 1279 Christi

808 165 1116 200 SENTENTIARUM
1137 165 1210 196 LlB.
1236 164 1288 196 111.

1125 235 1153 263 21„
1182 232 1258 263 ltcm
1274 231 1397 270 anima,
1413 241 1485 271 quae
1501 231 1784 272 impassibilitatem
1799 231 1856 262 ha-

1085 286 1151 323 bet,
1170 285 1275 315 statim
1292 293 1366 314 cum
1381 293 1400 314 a
1423 293 1551 324 corpore
1574 284 1709 323 recedit,
1726 284 1830 316 evolat
1848 294 1854 314 :

1086 338 1138 368 sod
1153 338 1262 368 anima
1281 337 1395 367 Christi
1419 345 1484 367 non
1504 337 1609 367 statim
1631 337 1784 375 evolavit,
1800 346 1858 368 nec

1086 390 1225 421 ascendit
1247 390 1353 420 statim
1374 389 1413 419 ad
1436 389 1540 427 coelos,
1565 390 1617 421 sed
1640 390 1797 421 descendit
1820 389 1858 420 ad

1088 443 1203 474 interos
1219 454 1226 474 z
1244 452 1321 482 ergo
1337 452 1401 473 non
1417 442 1522 472 statim
1538 443 1607 481 post
1622 442 1741 474 instans
1755 452 1859 474 resur-

1087 497 1235 528 rectionis
1251 497 1331 527 sacta
1344 497 1391 527 est
1406 495 1619 536 impassibilis.

1364 616 1592 648 CONCLUSIO.

1092 703 1177 731 Valde
1190 702 1330 738 probabile
1345 704 1383 729 cst
1394 702 1464 736 qnod
1476 703 1569 729 anima
1584 702 1684 730 Christi
1695 703 1789 729 statim
1801 706 1861 738 post

1123 749 1320 782 separationem
1335 755 1351 773 a
1364 754 1470 781 corpore
1484 747 1568 780 fuerit
1582 748 1659 779 facta
1672 747 1860 781 impassibilis,

1126 793 1186 819 Iicct
1200 793 1350 827 oppositum
1363 799 1416 818 non
1431 792 1466 818 sii
1481 792 1588 818 omnino
1605 791 1792 826 improbabile.

1132 872 1197 903 Res
1219 873 1257 902 ad
1273 881 1343 911 arg.
1366 871 1536 902 Dicendum
1560 872 1646 911 quod
1668 881 1707 903 ex
1733 872 1861 903 certitu·
1888 895 1892 899 ,

1089 926 1161 956 dine
1178 925 1372 956 auctoritatis
1392 935 1457 955 non
1479 926 1524 955 est
1547 925 1637 955 nohis
1661 925 1792 956 omnino
1814 926 1865 956 de-

1090 978 1296 1009 terminatum
1308 1001 1316 1014 ,
1347 980 1455 1008 utrum
1485 977 1592 1008 anima
1621 978 1734 1008 Christi
1758 978 1864 1008 statim

1090 1033 1159 1071 post
1174 1031 1405 1071 separationem
1418 1030 1621 1070 impassibilis
1636 1031 1731 1061 fuerit
1742 1031 1863 1069 effecta,

1090 1085 1171 1115 sicut
1186 1085 1334 1124 Magister
1350 1085 1451 1123 tangit
1466 1093 1572 1124 supra.
1589 1083 1677 1114 Unde
1693 1084 1760 1114 sine
1781 1083 1865 1123 peri-

1091 1139 1161 1169 culo
1174 1138 1247 1168 fidoi
1262 1140 1361 1177 potest
1377 1138 1448 1178 quis
1463 1140 1638 1177 utrumqne
1654 1136 1772 1168 horum
1794 1146 1866 1168 sen-

1092 1192 1164 1229 tire,
1182 1192 1231 1222 vel
1247 1192 1331 1231 quod
1355 1191 1556 1231 impassibilis
1573 1192 1682 1222 effecta
1701 1193 1747 1221 est
1762 1191 1867 1221 statim

1091 1248 1160 1285 post
1182 1245 1428 1284 separationem,
1445 1245 1496 1275 vel
1511 1245 1543 1275 in
1559 1245 1626 1284 ipsa
1641 1245 1781 1284 corporis
1796 1245 1865 1283 glo-

1091 1298 1275 1328 rifieattone.
1293 1298 1520 1329 Verumtamen
1536 1297 1749 1337 probabilitati
1767 1297 1866 1328 ratio-

1092 1352 1142 1382 nis
1168 1352 1270 1390 magis
1290 1360 1464 1382 consonare
1487 1351 1627 1387 videtur,
1652 1351 1737 1389 quod
1762 1349 1868 1380 statim

1093 1406 1163 1443 post
1175 1405 1405 1443 separationem
1413 1403 1562 1434 habuerit
1572 1402 1867 1442 impassibilitatem.

1094 1456 1125 1487 Si
1140 1457 1225 1487 enim
1241 1466 1305 1487 non
1320 1457 1498 1496 patiebatur
1507 1456 1616 1487 anima
1630 1455 1743 1486 Christi
1753 1455 1814 1485 nisi
1830 1455 1867 1495 (α)

1093 1510 1316 1550 dispensative,
1331 1511 1362 1540 et
1377 1512 1504 1549 propter
1519 1511 1662 1540 nostram
1680 1508 1826 1546 salutem,
1843 1508 1870 1538 si

1094 1563 1159 1603 jam
1176 1572 1239 1593 non
1255 1565 1322 1594 erat
1337 1565 1464 1602 tempus
1479 1564 1509 1593 et
1523 1563 1611 1593 locus
1626 1561 1786 1599 merendi,
1799 1562 1870 1600 jam

1094 1617 1201 1647 anima
1216 1617 1328 1647 Christi
1346 1625 1408 1646 non
1424 1615 1566 1654 debehat,
1583 1624 1641 1646 nec
1657 1616 1779 1654 poterat
1793 1613 1868 1654 pati.

1095 1669 1183 1700 Unde
1198 1679 1263 1701 non
1283 1669 1386 1699 solum
1402 1668 1439 1699 de
1454 1669 1561 1699 anima
1578 1668 1691 1698 Christi
1708 1667 1871 1707 probabile

1095 1725 1152 1760 est,
1174 1723 1259 1762 quod
1281 1722 1387 1752 statim
1412 1723 1482 1761 post
1503 1720 1734 1761 separationem
1763 1729 1782 1750 a
1805 1729 1872 1751 cor-

1096 1785 1171 1815 pore
1188 1776 1267 1806 facta
1282 1775 1320 1805 sit
1335 1774 1550 1814 impassibilis,
1562 1773 1615 1804 sed
1630 1773 1727 1804 etiam
1743 1772 1781 1804 de
1796 1782 1872 1812 qua*

1095 1829 1170 1860 libet
1181 1829 1289 1859 anima
1303 1828 1364 1859 viri
1379 1828 1489 1866 sancti,
1506 1827 1539 1857 in
1554 1836 1619 1866 qua
1632 1836 1697 1857 non
1711 1825 1872 1866 reperitur

1096 1883 1202 1913 reatus
1223 1882 1360 1921 alicujus
1380 1880 1509 1920 peccati.
1533 1879 1606 1910 Ideo
1629 1880 1780 1917 rationes,
1796 1887 1871 1919 quae

1096 1936 1135 1965 ad
1161 1938 1282 1975 partem
1306 1935 1398 1965 istam
1421 1935 1514 1973 sunt,
1542 1933 1618 1964 satis
1642 1932 1873 1964 rationabiliter

1097 1990 1229 2028 possunt
1244 1988 1384 2018 concedi.

1139 2045 1166 2072 1.
1188 2041 1237 2071 Ad
1262 2040 1340 2071 illud
1361 2048 1437 2071 vero
1459 2038 1544 2079 qnod
1567 2038 1715 2078 objicitur
1734 2037 1768 2068 in
1794 2046 1872 2068 con-

1097 2095 1244 2132 trarium,
1266 2093 1351 2134 quod
1373 2101 1487 2133 corpus
1510 2102 1574 2123 non
1597 2091 1703 2122 statim
1728 2091 1787 2122 suit
1809 2091 1872 2122 im-

1097 2147 1301 2188 passibilitate
1325 2147 1480 2183 dotatum,
1505 2145 1673 2176 dicendum
1696 2144 1780 2184 quod
1805 2152 1870 2174 non

1097 2203 1144 2231 est
1157 2200 1276 2237 simite,
1293 2198 1410 2239 duplici
1430 2207 1469 2230 ex
1492 2206 1587 2228 causa
1604 2208 1611 2228 z
1628 2196 1770 2237 primum
1794 2196 1869 2235 qui-

1097 2254 1181 2291 dem,
1204 2253 1279 2293 quia
1293 2252 1400 2283 anima
1421 2250 1630 2291 propinquior
1651 2250 1718 2280 erat
1741 2248 1866 2288 gloriae,

1097 2315 1194 2346 quain
1210 2315 1282 2336 caro
1297 2316 1303 2335 z
1321 2307 1388 2336 erat
1406 2304 1492 2335 enim
1511 2304 1602 2334 beata
1615 2302 1789 2333 secundum
1805 2301 1868 2331 ali-

1098 2368 1194 2400 quam
1210 2359 1258 2389 sui
1275 2360 1406 2397 partein.
1424 2357 1569 2388 Secundo
1586 2364 1676 2393 vero,
1693 2354 1769 2394 quia
1792 2353 1868 2384 dita-

1098 2413 1141 2443 tio
1156 2411 1413 2452 impassibilitatis
1428 2411 1461 2441 in
1478 2419 1571 2441 carne
1594 2408 1726 2439 faciebat
1741 2407 1781 2437 ad
1797 2406 1869 2438 fidei

1098 2468 1214 2497 nostrae
1238 2464 1529 2500 confirmationem,
1552 2461 1696 2492 videlicet
1710 2462 1746 2492 ut
1761 2461 1871 2491 osten-

1098 2519 1226 2551 deretur
1250 2518 1393 2548 Christus
1415 2516 1568 2547 veraciter
1592 2522 1703 2554 passus
1725 2515 1757 2544 et
1783 2520 1869 2543 mor-

1099 2574 1174 2602 tuus
1196 2571 1304 2609 fuisse,
1330 2578 1395 2601 non
1417 2569 1462 2599 sic
1481 2568 1588 2599 dilatio
1614 2564 1872 2607 impassibilitatis

1100 2627 1132 2656 in
1153 2626 1259 2655 anima
1278 2635 1285 2655 t
1302 2624 1372 2655 ideo
1386 2622 1490 2661 magis
1504 2622 1599 2653 dilata
1621 2621 1679 2652 t'uit
1692 2617 1872 2660 impassibi-
