2017 2960
93 1053 174 1072 rrimus

95 1084 170 1103 modus

94 1120 170 1141 proce-

90 1145 163 1165 ciendi.

80 1308 176 1336 osv-21.

84 1622 169 1648 Impug.

83 1952 147 1979 Opiu.
164 1954 183 1972 fl.

90 2333 175 2362 Impug.

679 167 831 200 DISTINC
850 166 928 198 XlV.
952 164 1043 197 ΛΒΤ.
1068 165 1106 196 11.
1128 163 1278 202 QUAEST.
1298 162 1350 194 111.

197 241 300 273 Verbo
311 240 434 281 ι11011031
452 239 490 269 (10
505 237 639 268 infinitis
657 248 663 268 :
680 237 756 276 quia
768 235 856 266 nulla
869 234 970 266 virtus

199 296 288 326 finita
301 294 366 324 exit
381 293 415 323 in
434 290 651 331 operationem
666 289 825 320 infinitam
839 297 897 319 nec
915 296 972 327 per

198 358 242 386 se,
259 355 316 378 nec
331 354 406 377 cum
420 345 498 382 alia;
516 353 581 375 non
595 344 684 374 enim
698 344 799 383 potest
820 342 852 372 in
866 341 973 380 aliqua

199 400 326 432 infinita
340 398 522 438 operatione
537 398 565 428 ei
590 396 769 428 continuari
786 407 793 426 ι
810 404 888 434 ergo
907 394 972 424 im-

199 454 347 495 possibile
362 455 407 484 est
417 453 558 484 animam
574 451 687 483 Christi
701 451 843 491 judicare
861 450 898 480 de
916 450 971 486 tot,

200 508 238 538 de
259 508 337 547 quot
356 506 479 546 J'udicat
504 505 646 537 Verbum
670 506 828 535 aeternum
854 514 860 533 :
887 505 918 533 et
947 502 973 532 si

200 561 261 591 hoc
269 584 279 599 ,
307 569 370 590 non
398 562 497 599 potest
526 559 635 590 omnia
663 566 872 597 cognoscere,
899 564 973 595 quae

201 613 340 645 Verbum
354 612 527 652 cognoscit.

467 740 695 773 CONCLUSIO.

198 829 300 854 Anima
316 826 433 860 Christi,
450 834 606 860 quanquam
624 827 775 859 cognitione
788 833 845 860 quoe
860 827 897 852 est
906 827 975 852 sicut

233 873 346 899 scientia
361 874 385 898 et
404 871 526 903 habitus,
544 873 685 905 coqizoscat
701 872 793 897 omnia
808 879 866 905 quoe
878 879 974 905 coquo-

233 918 284 943 scz'c
309 916 448 948 Verbum;
474 917 626 949 coqnz'tt‘one
649 917 738 942 tamen
759 924 817 950 quoe
841 917 879 942 cst
906 917 975 942 sicut

235 960 413 987 consideratio
429 963 454 987 et
469 963 557 991 actus,
576 968 754 994 nequaquam.

240 1039 332 1080 Resp.
349 1039 388 1070 ad
399 1048 471 1078 arg.
486 1039 534 1069 Ad
556 1039 781 1078 pre-edictorum
798 1039 976 1078 intelligen-

200 1093 276 1123 tiam
291 1095 338 1123 est
353 1093 540 1130 notandum,
556 1093 641 1132 quod
656 1093 693 1124 ad
712 1093 805 1123 istam
826 1094 975 1133 quaestio-

200 1155 273 1177 nem
284 1148 413 1186 propter
419 1146 469 1176 sui
479 1146 697 1176 difficultatem
706 1156 724 1176 a
735 1146 867 1177 diversis
875 1147 978 1177 diver-

201 1200 322 1231 simode
337 1200 547 1240 respondetur
563 1209 570 1230 :
587 1202 618 1230 et
631 1200 762 1239 quidam
787 1200 978 1239 respondent

199 1253 384 1293 simpliciter
392 1253 601 1290 concedendo,
612 1253 742 1293 quidam
753 1254 861 1283 autem
869 1253 978 1283 distin-

200 1306 341 1346 guendo.
354 1306 451 1336 Primi
458 1306 624 1337 variantur
634 1306 811 1337 secundum
821 1306 977 1346 triplicem

202 1360 334 1391 modum
349 1360 483 1391 dicendi.
508 1360 643 1397 Quidam
657 1360 744 1391 enim
755 1360 875 1398 dicunt,
893 1361 977 1400 quod

202 1413 309 1443 anima
322 1413 435 1444 Christi
452 1413 616 1452 cognoscit
631 1414 739 1444 omnia
750 1423 823 1454 quae
838 1414 979 1445 Verbum

202 1466 374 1505 cognoscit,
387 1475 444 1505 pro
455 1475 492 1496 eo
502 1466 588 1506 quod
597 1466 739 1498 Verbum
749 1469 905 1498 aeternum
914 1477 980 1498 non

203 1519 366 1558 cognoscit
378 1519 439 1549 nisi
455 1519 555 1550 finita.
572 1518 642 1550 Non
657 1520 744 1550 enim
761 1522 808 1550 est
817 1521 980 1560 exemplar

203 1573 262 1603 0151
279 1581 391 1603 eorum
406 1581 479 1612 quae
490 1574 575 1611 sunt,
589 1573 637 1604 vel
648 1573 789 1610 suerunt,
806 1574 857 1605 vel
868 1576 978 1613 erunt3

205 1628 236 1657 et
259 1626 329 1656 haec
352 1627 459 1657 omnia
481 1627 571 1657 finita
594 1630 678 1657 sunt.
702 1627 763 1658 Sed
786 1628 842 1659 iste
867 1629 981 1659 modus

206 1679 330 1710 dicendi
351 1681 434 1710 stare
454 1688 519 1710 non
545 1681 662 1719 potest,
687 1680 781 1720 quia,
809 1682 890 1712 sicut
913 1683 981 1723 ipse

205 1733 407 1772 Augustinus
422 1732 513 1771 dicit,
535 1735 565 1763 et
583 1733 616 1763 iu
635 1733 739 1773 primo
753 1734 834 1765 libro
849 1736 857 1752 ¹
874 1738 980 1766 osten-

205 1796 278 1817 sum
291 1788 352 1825 est,
369 1788 490 1817 aeterna
511 1786 565 1817 Dei
587 1787 740 1827 sapientia
755 1789 917 1828 cognoscit
931 1790 980 1820 iu-

204 1840 303 1878 finita,
315 1841 399 1871 sicut
408 1840 540 1880 planum
548 1842 605 1877 est,
617 1841 692 1880 quia
700 1843 863 1881 cognoscit
871 1852 982 1874 0111005

204 1894 332 1924 01101011
347 1894 486 1934 species;
502 1895 667 1933 cognoscit
676 1895 773 1926 etiam
786 1897 894 1928 omnia
908 1907 982 1937 quae

207 1950 308 1987 potest
322 1948 435 1978 tacere.
452 1947 542 1978 Alius
556 1948 671 1978 modus
684 1948 810 1980 dicendi
822 1952 880 1988 est,
896 1952 982 1991 quod

206 2001 314 2031 anima
325 2000 438 2032 Christi
448 2003 618 2040 cognoscat
634 2002 742 2032 omnia
758 2012 832 2042 quae
844 2013 981 2043 cognos-

207 2055 248 2085 cit
260 2054 411 2091 Verbum,
425 2056 456 2085 et
470 2055 632 2093 cognoscit
641 2055 775 2094 infinita,
785 2057 861 2096 quia
878 2067 944 2088 uno
952 2060 984 2089 et

206 2108 318 2139 eodem
339 2109 501 2148 cognoscit
523 2109 642 2147 omnia,
667 2109 698 2140 id
723 2113 780 2147 est,
806 2110 918 2142 Verbo.
945 2111 983 2142 Et

206 2162 282 2192 hinc
296 2164 352 2200 est,
369 2162 455 2202 quod
469 2171 534 2193 non
544 2163 648 2193 solum
661 2163 770 2194 anima
784 2163 899 2195 Christi
910 2167 983 2196 actu

207 2215 371 2255 cognoscit
385 2216 521 2253 infinita,
535 2216 589 2247 sed
600 2217 697 2248 etiam
710 2217 861 2257 quaelibet
875 2219 983 2249 anima

208 2269 309 2307 beata,
325 2278 398 2309 quae
421 2269 565 2300 intuetur
586 2270 619 2300 in
640 2270 742 2310 ipsam
761 2271 866 2302 lucem
890 2274 983 2302 aeter—

209 2331 304 2360 nam,
330 2323 506 2354 secundum
529 2323 614 2362 quod
635 2326 792 2355 asserunt.
820 2324 880 2356 Sed
904 2325 984 2357 illud

210 2384 268 2406 nec
301 2377 417 2407 rationi
446 2379 612 2414 consonat,
650 2387 708 2408 nec
745 2379 984 2410 auctoritatibus

211 2427 409 2467 Sanctorum,
425 2430 501 2470 quia
515 2430 736 2462 omniscientia
751 2441 816 2463 non
835 2433 982 2464 attribui-

211 2483 262 2511 tur
287 2481 341 2512 alii
361 2483 490 2522 animae,
513 2493 611 2523 quam
640 2485 756 2516 animae
786 2485 911 2516 Christi.
946 2487 985 2517 Et

210 2536 361 2573 praeterea
388 2536 492 2567 virtus
518 2538 608 2568 finita
639 2547 704 2569 uon
734 2538 862 2570 videtur
893 2549 984 2580 posse

209 2587 387 2618 continuari
396 2591 504 2621 virtuti
516 2591 650 2622 infinitae
658 2592 688 2622 in
700 2592 984 2632 comprehensione

243 2650 248 2665 ¹
264 2649 327 2673 Dist.
342 2655 425 2674 XXXII.

1743 164 1803 194 315

1027 232 1242 270 infinitorum,
1259 239 1332 271 quae
1346 230 1477 271 quidem
1498 232 1545 261 est
1567 230 1707 270 operatio
1729 231 1803 261 infi-

1028 287 1104 318 nita.
1121 287 1245 318 Tertius
1260 286 1374 317 modus
1386 285 1510 316 dicendi
1525 287 1582 322 est,
1599 285 1683 325 quod
1699 286 1806 316 anima

1029 341 1143 372 Christi
1156 340 1320 380 cognoscit
1334 339 1460 370 infinita
1479 339 1513 369 in
1528 338 1641 377 Verbo,
1658 339 1735 378 (11113
1750 348 1807 378 per

1028 395 1167 425 Verbum
1184 394 1346 434 cognoscit
1359 394 1437 432 alia;
1465 402 1541 432 non,
1566 393 1716 432 inquam,
1734 401 1808 432 par-

1030 449 1190 488 ticipando
1216 448 1416 488 sapientiam,
1434 447 1516 478 sicut
1529 447 1601 477 aliae
1613 447 1740 484 animae,
1753 446 1807 477 sed

1029 503 1216 542 possidendo
1246 502 1348 542 ipsam
1372 501 1572 541 sapientiam.
1599 500 1636 531 Et
1662 500 1740 530 illud
1760 500 1810 530 vi-

1029 556 1121 587 detur
1144 555 1278 586 sensisse
1307 555 1459 594 magister
1492 554 1588 594 Hugo
1623 554 1662 584 de
1695 553 1810 584 Sancto

1030 610 1155 641 Victore
1174 610 1208 639 in
1229 608 1334 639 libello
1354 608 1392 639 de
1412 608 1580 647 Sapientia
1605 607 1737 639 Christi.
1758 606 1812 637 Ait

1029 664 1115 694 00101
1130 663 1173 693 sic
1190 674 1196 694 :
1217 674 1231 691 «
1253 661 1394 699 Plenam,
1410 671 1446 691 ac
1462 661 1643 701 perfectam,
1660 670 1696 691 ac
1710 662 1808 691 totam

1030 718 1083 748 Dei
1103 716 1293 760 sapientiam
1315 716 1347 746 in
1369 716 1478 746 anima
1497 714 1614 745 Christi
1628 714 1723 744 fuisse
1741 723 1808 744 cre-

1030 772 1136 802 dimus
1154 780 1162 802 :
1180 772 1210 801 et
1228 770 1295 810 ipsa
1321 769 1477 809 sapientia
1500 769 1646 799 eamdem
1669 768 1810 799 animam

1030 825 1122 865 plene
1145 833 1182 854 ac
1202 823 1338 863 perfecte
1362 823 1556 862 sapientem,
1584 831 1650 852 non
1674 830 1715 852 ex
1744 821 1811 860 ipsa

1030 877 1262 919 participando,
1289 877 1342 907 sed
1362 878 1459 906 totam
1483 868 1688 916 possidendo,
1712 883 1812 914 quam

1031 932 1236 972 singulariter
1253 931 1401 970 possidet,
1427 932 1458 960 et
1473 928 1715 969 comprehendit
1730 928 1812 958 11101ὁ

1031 986 1178 1017 fabiliter.
1194 996 1208 1013 »
1229 985 1268 1016 Et
1284 984 1378 1024 paulo
1400 985 1492 1024 post:
1515 982 1609 1013 «Hoc
1633 982 1738 1022 ipsum
1762 982 1810 1011 in-

1031 1040 1214 1071 dubitanter
1231 1039 1373 1075 affirmo,
1396 1038 1481 1077 quod
1501 1040 1557 1067 aut
1575 1036 1637 1066 alia
1656 1035 1813 1075 sapientia

1032 1094 1066 1124 in
1079 1093 1200 1124 Christo
1212 1102 1278 1123 non
1293 1092 1367 1130 fuit,
1389 1094 1444 1122 aut
1461 1091 1486 1121 si
1510 1090 1587 1126 fuit,
1611 1089 1743 1129 {equalis
1766 1089 1811 1118 illi

1032 1146 1180 1178 nonfuit.
1197 1158 1211 1174 »
1237 1146 1275 1176 Et
1296 1145 1340 1175 ita
1361 1144 1445 1182 dicit,
1463 1143 1548 1183 quod
1568 1143 1676 1173 anima
1698 1142 1813 1172 Christi

1032 1200 1140 1231 omnia
1155 1199 1328 1238 cognoscit,
1345 1198 1420 1238 quia
1442 1196 1599 1236 sapientia
1620 1195 1734 1226 Christi
1748 1204 1813 1225 non

1032 1253 1090 1284 fuit
1106 1253 1178 1289 alia,
1194 1261 1292 1292 quam
1307 1252 1362 1282 1113
1383 1251 1557 1291 sapientia,
1584 1258 1648 1289 qua
1671 1249 1753 1279 Deus
1767 1250 1814 1279 est

1033 1307 1170 1347 sapiens.
1191 1306 1226 1336 In
1241 1306 1302 1349 hoc
1323 1307 1429 1335 tamen
1454 1306 1500 1334 est
1525 1303 1721 1341 differentia,
1738 1302 1815 1342 quia

1034 1361 1116 1392 Deus
1131 1362 1177 1391 est
1191 1360 1244 1390 illa
1259 1359 1432 1399 sapientia3
1450 1358 1558 1388 anima
1571 1359 1679 1387 autem
1700 1355 1813 1386 Christi

1035 1423 1099 1445 non
1114 1416 1160 1445 est
1174 1414 1227 1444 illa
1240 1412 1404 1453 sapientia,
1422 1411 1476 1442 sed
1494 1411 1539 1441 illi
1560 1409 1723 1450 sapientiae
1740 1418 1812 1448 per-

1035 1467 1184 1498 sonaliter
1204 1466 1305 1497 unita.
1328 1466 1407 1496 Item
1436 1465 1518 1496 Deus
1542 1466 1588 1495 est
1615 1463 1740 1503 sapiens
1762 1462 1815 1492 illa

1035 1521 1190 1561 sapientia
1205 1529 1261 1560 per
1275 1521 1440 1556 naturam3
1457 1518 1564 1549 anima
1581 1519 1687 1547 auten]
1699 1515 1814 1546 Christi

1035 1584 1091 1615 per
1115 1574 1252 1614 gratiam
1270 1572 1411 1604 unionis.
1435 1571 1495 1602 Sed
1520 1570 1656 1610 qualiter
1678 1570 1815 1601 verbum

1036 1629 1113 1659 illud
1142 1627 1287 1666 Hugonis
1314 1625 1472 1666 quaerenti
1499 1624 1659 1661 satisfacit,
1690 1623 1817 1653 difficile

1037 1684 1083 1713 est
1098 1681 1238 1721 aperire:
1256 1680 1420 1720 quoniam,
1445 1678 1528 1709 sicut
1550 1678 1583 1708 in
1606 1676 1816 1717 praecedenti-

1037 1736 1096 1766 bus
1126 1734 1186 1765 fuit
1215 1736 1397 1769 ostensum,
1426 1732 1466 1762 ad
1500 1731 1561 1762 hoc
1596 1731 1679 1770 quod
1710 1730 1818 1761 anima

1038 1788 1152 1820 Christi
1164 1788 1335 1827 cognoscat
1346 1786 1500 1822 Verbum,
1517 1793 1644 1815 0000550
1658 1786 1704 1814 051
1718 1784 1816 1814 10101-

1036 1842 1147 1874 venire
1161 1841 1350 1881 sapientiam
1364 1841 1501 1870 creatam
1512 1863 1519 1877 ,
1535 1847 1607 1878 quae
1624 1838 1755 1878 quidem
1772 1839 1818 1868 est

1037 1896 1207 1936 disponens
1228 1897 1258 1925 et
1282 1894 1452 1925 habilitans
1480 1893 1582 1932 ipsam
1606 1892 1750 1922 animam
1779 1890 1818 1921 ad

1037 1950 1190 1980 unionem
1203 1947 1314 1985 Verbi;
1330 1956 1387 1977 nec
1403 1949 1449 1977 est
1463 1946 1531 1986 ipsa
1544 1954 1672 1976 summa
1692 1945 1817 1984 sapien-

1036 2003 1091 2041 tia,
1108 2003 1161 2033 sed
1176 2001 1344 2032 influentia
1362 2001 1401 2031 ab
1421 2009 1458 2030 ea
1479 1999 1663 2040 procedens,
1686 1997 1725 2029 Et
1747 1998 1818 2028 ideo

1038 2056 1226 2088 tentandum
1239 2057 1286 2086 est
1299 2055 1325 2085 si
1340 2063 1405 2094 (1110
1418 2053 1512 2084 010ᾱο
1533 2054 1634 2093 potest
1650 2052 1730 2082 alius
1744 2060 1817 2081 mo-

1038 2111 1098 2142 dus
1128 2108 1346 2140 rationabilior
1370 2107 1527 2145 inveniri,
1565 2115 1664 2146 quam
1702 2105 1816 2145 aliquis

1039 2164 1136 2195 trium
1151 2162 1388 2203 praedictorum.
1412 2160 1650 2191 Attendendum
1671 2161 1717 2190 est
1736 2167 1815 2197 ergo

1039 2217 1125 2258 quod
1133 2217 1186 2247 alii
1198 2217 1403 2247 tentaverunt
1412 2214 1596 2254 praedietam
1605 2213 1814 2253 quaestionem

1039 2270 1250 2302 determinare
1272 2268 1514 2308 distinguendo;
1545 2269 1576 2298 et
1596 2267 1631 2297 hi
1659 2266 1815 2297 diversifi-

1039 2327 1153 2356 cantur
1172 2324 1347 2355 secundum
1369 2323 1525 2363 triplicem
1550 2322 1683 2352 modum
1705 2320 1818 2351 distin-

1040 2379 1173 2419 guendi.
1184 2378 1318 2416 Quidam
1327 2377 1414 2408 enim
1423 2377 1525 2407 dicere
1535 2376 1719 2413 voluerunt,
1731 2373 1817 2414 quod

1040 2433 1075 2463 in
1103 2432 1225 2463 Christo
1245 2434 1292 2462 est
1312 2431 1431 2471 duplex
1459 2430 1572 2461 modus
1593 2427 1816 2468 cognoscendi,

1040 2496 1138 2528 quem
1151 2487 1247 2518 habet
1268 2486 1303 2517 in
1319 2486 1422 2518 Verbo
1450 2495 1457 2516 ε
1483 2493 1569 2515 unus
1598 2492 1655 2523 per
1678 2483 1817 2522 gratiam

1041 2540 1187 2578 unionis;
1203 2539 1293 2578 alter,
1310 2540 1366 2579 qui
1381 2541 1428 2570 est
1446 2547 1502 2578 per
1517 2537 1653 2576 gratiam
1672 2545 1818 2576 compre-

1040 2593 1214 2625 hensionis.
1230 2592 1268 2623 Et
1282 2592 1337 2623 illo
1355 2591 1485 2632 quidem
1507 2589 1602 2620 modo
1621 2588 1678 2628 qui
1696 2590 1743 2619 est
1760 2598 1818 2629 per

1042 2647 1181 2686 gratiam
1209 2643 1520 2685 comprehensionis,
1556 2652 1621 2673 non
1657 2642 1819 2681 cognoscit

1821 288 1884 314 Opin.
1897 289 1914 307 3.

1831 1579 1916 1606 Impug.

1831 2222 1890 2242 Alter
1899 2229 1941 2241 nu»-

1841 2254 1880 2274 dus
1887 2261 1934 2280 piu-

1832 2285 1932 2306 cedendi.

1833 2397 1897 2425 011111.
1911 2401 1929 2418 t.
