2017 2960
192 166 250 194 59⁸

192 231 377 263 mandatum
402 233 436 263 ιή
461 232 514 263 illo
532 231 618 263 verbo
641 229 865 260 instauratur:
882 232 960 261 crgo

191 284 316 314 videtur
330 285 413 324 quod
430 294 531 315 unum
544 283 647 313 solum
662 280 772 310 debeat
787 286 853 307 esse
869 285 961 306 man-

190 337 311 367 datum.

232 390 322 430 Resp.
342 390 512 421 Dicendum
534 387 617 427 qnod
629 411 637 424 ,
656 395 729 416 cum
748 383 895 414 mandata
910 381 960 412 di-

191 444 362 474 versificari
385 443 520 472 habeant
548 439 723 469 secundum
750 436 893 467 ordinem
922 434 961 463 ad

192 496 289 526 Deum
305 498 333 525 et
349 495 386 524 ad
404 493 587 533 proximum
600 515 607 528 ,
624 491 706 520 sicut
722 491 805 529 patet
826 497 881 527 per
897 487 961 517 dis-

190 549 370 578 tinctionem
396 547 507 586 primae
530 544 645 575 tabulae
660 553 678 574 a
695 542 853 579 secunda;
872 541 958 577 ideo,

190 611 263 632 cuni
302 601 438 631 charitas
480 600 594 630 habeat
633 597 780 628 ordinare
818 596 961 635 respectu

192 655 370 693 utriusque,
387 652 525 693 oportuit
540 653 698 692 praecepta
713 649 869 688 distingui
887 659 892 678 z
911 657 963 678 ve-

191 710 393 745 rumtamen,
418 707 495 746 quia
523 714 589 735 una
609 707 655 734 est
681 703 760 734 ratio
786 701 960 741 diligendi,

192 770 294 790 unum
316 760 418 800 poluit
441 760 474 789 in
498 759 596 789 altero
619 756 785 797 implicari.
812 755 860 786 Ad
884 754 962 784 illud

191 823 268 853 crgo
285 814 369 853 quod
395 813 562 852 objicitur,
581 811 664 851 qnod
681 809 829 840 mandata
849 808 961 838 distin-

190 870 339 906 guuntur
356 876 452 906 penes
467 866 623 896 rationem
639 865 737 904 ipsius
754 863 897 900 habitus,
916 861 963 891 di-

191 921 326 951 cendum
337 920 546 960 quodfalsum
560 921 622 955 est;
643 919 707 948 imo
722 925 818 957 penes
831 915 963 946 modum

191 975 355 1005 ordinandi
371 974 408 1004 ad
424 974 571 1005 alterum.
588 973 636 1004 Ad
654 972 732 1002 illud
752 970 838 1010 quod
853 969 962 1009 oinci-

190 1031 259 1066 tur,
281 1028 365 1067 quod
394 1029 531 1067 quatuor
556 1026 671 1056 debent
698 1034 765 1055 esse
796 1023 963 1060 mandata,

191 1081 358 1111 dicendum
383 1087 467 1119 quod
495 1079 527 1109 in
554 1078 703 1109 mandato
730 1076 867 1117 proximi
891 1075 965 1106 satis

192 1133 364 1164 includitur
386 1133 511 1164 dilectio
536 1133 603 1170 sni·‚
627 1133 656 1161 et
680 1131 754 1171 qnia
776 1130 814 1160 ad
837 1129 896 1159 lioc
920 1130 966 1159 est

190 1187 287 1217 homo
303 1187 466 1216 ordinatus
484 1195 538 1225 per
553 1187 702 1215 naturam
713 1209 721 1223 ,
738 1192 802 1214 non
824 1182 965 1222 oportuit

191 1240 228 1270 ad
249 1240 308 1270 hcc
327 1239 379 1269 liic
400 1239 508 1270 induci
533 1248 588 1278 per
612 1237 858 1278 praeceptionem
881 1235 964 1266 divi-

190 1302 278 1323 nam.
302 1292 350 1322 Ad
373 1292 450 1322 illud
472 1291 556 1332 quod
578 1291 745 1330 objicitur,
768 1289 827 1324 Qui
854 1288 965 1328 clitiqz'c

190 1347 393 1386 prmcae'mmn,
414 1345 508 1384 Iegyem
524 1344 679 1384 implerit,
696 1343 863 1373 dicendum
879 1342 963 1381 quod

191 1399 359 1438 Apostolus
380 1399 521 1437 loquitur
542 1398 579 1428 de
601 1397 785 1436 impletione
814 1394 961 1426 secunda]

190 1452 317 1482 tabulae.
335 1452 490 1482 Praeterca
505 1463 519 1479 α
532 1451 564 1481 in
582 1450 728 1481 mandato
745 1449 782 1479 de
798 1448 962 1478 dilectione

191 1504 329 1544 proximi
345 1504 518 1534 includitur
533 1504 718 1534 mandatum
735 1503 772 1533 de
796 1502 961 1532 dilectione

192 1558 243 1588 Dei
263 1569 268 1588 :
288 1568 302 1586 n
318 1558 465 1597 quamvis
479 1557 567 1588 enim
585 1566 686 1587 unum
702 1557 733 1586 in
749 1556 846 1586 altero
862 1555 962 1586 inclu-

190 1610 294 1648 datur,
310 1620 376 1641 non
391 1613 496 1640 tamen
513 1612 613 1650 potest
630 1610 740 1640 inferri
757 1609 842 1649 quod
862 1618 963 1640 unum

190 1666 229 1695 al)
250 1666 348 1696 altero
368 1676 432 1696 non
454 1667 672 1705 distinguatur
693 1676 700 1696 2
725 1666 784 1696 hoc
809 1665 895 1695 enim
919 1667 964 1695 est

190 1722 316 1758 propter
332 1719 563 1749 connexionem
581 1722 611 1749 et
629 1719 773 1749 ordinem
787 1741 794 1755 ,
812 1727 884 1758 quae
900 1728 964 1749 non

189 1773 362 1803 excludunt
377 1773 622 1803 distinctionem.

530 1863 598 1884 DUB.
620 1862 665 1883 111.

188 1929 335 1953 Dim-tionis
351 1931 434 1953 antem
450 1929 496 1953 Dei
510 1929 601 1952 modus
622 1928 772 1958 insinuatur,
793 1935 850 1952 cuni
865 1928 966 1957 dicitur,

219 1972 249 1987 111·
265 1967 312 1988 loto
326 1965 413 1994 cot-tle,
429 1965 453 1987 id
470 1967 508 1988 est
523 1972 553 1987 cx
568 1967 620 1987 toto
634 1964 785 1993 intellectn;
803 1972 832 1987 nr
848 1966 897 1987 {otu
913 1965 966 1987 wti-

220 2008 273 2029 ma,
289 2001 312 2023 id
331 2003 367 2024 est
386 2007 417 2024 ex
435 2003 486 2024 tota
500 2000 630 2024 voluntate
644 2008 649 2025 2
665 2008 696 2024 cz·
711 2002 763 2024 tola
778 2002 856 2024 meutr:
867 2019 874 2031 ,
889 2001 914 2023 id
928 2002 965 2024 est

220 2044 251 2059 cx
265 2038 317 2059 tota
332 2036 466 2060 memoria.

230 2101 343 2131 Contra
371 2112 377 2130 :
406 2101 542 2139 Diligere
565 2101 700 2140 pertinet
726 2101 764 2130 ad
798 2101 961 2137 affectum,

188 2163 252 2185 non
266 2154 304 2184 ad
321 2154 534 2191 intellectum3
556 2163 634 2193 ergo
655 2154 737 2184 male
759 2154 873 2184 dicitur
890 2154 964 2184 dili-

189 2217 265 2246 gere
288 2216 328 2237 ex
350 2207 509 2236 intellectu
531 2209 561 2237 et
586 2207 752 2238 memoria.
782 2207 859 2237 Item
887 2207 964 2238 Ber-

187 2261 317 2298 nardus,
328 2262 369 2291 De
382 2268 485 2291 amore
500 2261 575 2292 [κί’
590 2271 601 2291 .·
616 2273 628 2288 α
643 2261 723 2297 Quid
738 2263 893 2298 estamor,
904 2261 964 2291 ulsi

187 2314 359 2344 vehemens
374 2316 403 2343 et
419 2314 497 2343 bene
512 2314 654 2343 ordinata
666 2314 812 2344 voluntas
821 2316 834 2343 ἱ)
843 2325 856 2341 »
878 2314 963 2353 Ergo

186 2367 312 2397 videtur
327 2367 410 2406 quod
427 2376 467 2397 ex
484 2376 548 2406 quo
562 2367 641 2397 dixit
658 2376 665 2397 :
685 2368 740 2397 Ea:
756 2370 821 2399 τοία
838 2369 960 2404 antina,

184 2421 352 2459 superfluit
383 2420 497 2451 addere
531 2420 608 2450 alias
646 2420 851 2451 conditiones.
883 2421 961 2451 Item

184 2473 294 2502 beatus
306 2472 441 2504 Joannes
463 2482 526 2503 non
550 2473 639 2512 ponit
663 2473 724 2503 nisi
744 2473 823 2504 duas
847 2474 959 2505 condi-

183 2525 284 2556 tiones
299 2526 308 2542 ²
324 2537 330 2556 ;
351 2527 532 2566 Diliqamus
549 2534 650 2566 opere,
667 2530 695 2559 el
710 2527 861 2565 vericate;
880 2537 959 2567 ergo

216 2599 221 2613 ¹
240 2599 324 2624 Rern..
340 2600 368 2622 (Ie
379 2601 461 2624 Amor.
480 2601 534 2629 Dei,
550 2608 571 2624 c.
585 2601 864 2631 v11.—¹l.l0¹111r,111,
882 2603 917 2625 18.
930 2615 956 2619 -

183 2629 191 2643 ³
204 2629 285 2659 Imm,
304 2636 336 2660 ii,
390 2644 418 2647 —
434 2631 441 2647 ⁵
458 2633 545 2661 ‘'vitu-c„
564 2638 610 2662 Mt,
628 2633 665 2655 1⁷10.
681 2645 711 2649 —-
729 2633 735 2646 ⁵
751 2633 818 2662 Luta,
835 2639 861 2662 x,
879 2634 955 2657 27.—

748 155 1058 190 SENTENTIARUM
1079 156 1153 186 LIB.
1177 155 1230 186 Ill.

1016 222 1141 254 videtur
1156 223 1239 262 quod
1256 223 1289 252 in
1305 223 1373 253 istis
1388 223 1489 254 trihus
1503 223 1735 255 conditionibus
1749 226 1789 256 sit

1015 277 1228 316 superfluitas
1238 277 1315 307 Item
1324 277 1449 308 videtur
1457 277 1542 316 quod
1550 278 1590 307 sit
1602 277 1782 316 diminuti0,

1016 330 1091 370 quia
1099 330 1227 370 ponitur
1237 331 1247 346 ³
1260 331 1291 360 in
1303 331 1424 363 Denter.
1440 330 1478 370 (α)
1489 331 1546 361 ista
1561 321 1718 362 conditio:
1732 333 1787 362 Ex

1016 386 1080 415 loca
1095 382 1300 422 fortitudine,
1316 392 1388 422 quae
1410 392 1474 414 non
1489 384 1617 423 ponitur
1632 384 1694 415 hic.
1712 385 1789 415 Item

1016 437 1141 467 additur
1151 437 1160 452 ³
1171 437 1203 467 in
1213 437 1319 468 Marco
1328 437 1363 477 (b)
1372 437 1431 468 ista
1437 438 1574 468 conditio
1585 441 1699 477 praeter
1714 448 1789 470 con-

1017 490 1150 521 ditiones
1173 491 1359 530 praedictas:
1383 491 1435 522 Eoe
1454 494 1521 523 τοτα
1540 492 1658 523 virtute
1674 502 1684 521 .·
1712 501 1790 531 ergo

1016 544 1234 583 videturquod
1249 544 1292 574 ibi
1306 544 1346 575 sit
1359 544 1541 581 diminutio,
1554 545 1604 575 vel
1617 545 1669 575 hio
1678 554 1791 584 super-

1017 598 1133 628 ssuitas.
1151 597 1301 628 Similiter
1322 598 1354 628 in
1376 600 1462 629 Luca
1475 598 1601 628 additur
1614 599 1624 614 ⁵
1642 598 1700 628 ista
1721 607 1788 628 con-

1016 651 1114 681 ditio:
1140 652 1196 682 Ea*
1218 651 1362 683 omnibus
1383 651 1507 683 viribus
1530 652 1605 683 cuis.
1629 651 1791 688 Quaeritur

1017 713 1095 742 ergo
1110 704 1147 734 de
1164 704 1292 735 illorum
1310 705 1408 735 trium
1424 704 1639 742 distinctione,
1663 703 1789 740 ordine,

1017 766 1164 795 numero,
1182 759 1212 788 et
1226 757 1423 787 sufficientia.

1060 811 1150 850 Resp.
1170 811 1344 842 Dicendum
1359 811 1463 850 quod,
1486 810 1636 850 quamvis
1656 809 1791 840 charitas

1018 864 1200 895 immediate
1221 864 1367 904 respiciat
1389 866 1497 894 actum
1519 863 1790 903 concupiscibilis,

1020 917 1101 947 eirca
1115 926 1211 956 quem
1227 917 1329 956 primo
1348 917 1508 954 consistit5
1526 918 1633 946 tamen
1654 918 1741 946 actus
1756 916 1793 946 il-

1019 969 1123 1000 larum
1140 970 1260 1000 virium
1274 970 1411 1009 respicit,
1426 972 1462 999 ut
1475 969 1686 1008 disponentes.
1704 968 1793 998 Unde

1020 1032 1131 1053 omnes
1148 1023 1230 1054 vires
1247 1023 1364 1053 animae
1380 1022 1519 1062 quodam
1535 1022 1628 1052 modo
1645 1021 1794 1052 ordinan-

1021 1079 1074 1106 tur
1088 1077 1127 1107 ad
1142 1077 1243 1116 ipsam
1262 1076 1478 1113 dilectionem,
1497 1075 1577 1106 sicut
1598 1075 1635 1105 ad
1656 1075 1687 1105 id
1709 1075 1792 1114 quod

1020 1130 1115 1161 habet
1145 1131 1298 1161 rationem
1331 1130 1520 1169 completam
1548 1131 1692 1168 respectu
1724 1137 1794 1158 om-

1020 1184 1110 1214 nium
1129 1184 1259 1214 virium.
1278 1184 1315 1214 Et
1335 1183 1486 1223 quoniam
1511 1183 1691 1222 superiores
1710 1182 1795 1212 vires

1020 1238 1136 1269 animae
1149 1241 1211 1268 tres
1227 1240 1301 1269 sunt
1313 1262 1320 1275 ,
1339 1238 1408 1268 ideo
1424 1239 1487 1267 tres
1499 1238 1707 1276 apponuntur
1722 1244 1794 1266 con-

1020 1292 1164 1323 ditiones.
1182 1292 1218 1322 Et
1237 1301 1350 1322 rursus
1365 1315 1372 1329 ,
1394 1291 1470 1331 quia
1491 1290 1648 1321 ternarius
1670 1289 1790 1321 virium

1020 1345 1135 1375 animae
1158 1345 1325 1384 dupliciter
1346 1345 1441 1374 habet
1461 1343 1633 1382 distingui,
1649 1343 1694 1373 ita
1708 1343 1792 1382 quod

1020 1406 1104 1428 unus
1130 1398 1258 1428 illorum
1287 1397 1455 1427 modorum
1483 1406 1547 1427 non
1576 1396 1731 1427 discordat
1753 1396 1794 1426 ab

1019 1450 1098 1488 alio3
1116 1450 1185 1481 ideo
1201 1450 1395 1481 conditiones
1416 1450 1498 1480 circa
1512 1452 1621 1480 actum
1636 1449 1794 1489 diligendi

1019 1503 1221 1543 respicientes
1236 1503 1318 1534 vires
1333 1503 1465 1541 animae,
1481 1503 1598 1542 duplici
1625 1502 1719 1533 modo
1741 1511 1794 1542 ap·
1808 1504 1912 1555 ‘'titiane-

1019 1557 1095 1597 poni
1114 1559 1144 1587 et
1166 1557 1320 1596 distmgui
1344 1557 1472 1587 habent.
1498 1556 1565 1587 Uno
1588 1556 1674 1586 enim
1698 1556 1793 1586 modo
1807 1542 1903 1593 affilas

1019 1611 1265 1649 distinguuntur
1281 1610 1366 1640 vires
1380 1610 1508 1648 animae,
1522 1609 1698 1640 secundum
1708 1609 1792 1649 quod

1019 1664 1052 1694 in
1067 1664 1111 1694 eis
1126 1663 1265 1694 consistit
1280 1664 1388 1703 imago
1403 1675 1409 1700 ;
1427 1665 1457 1694 et
1471 1663 1621 1694 dicuntur
1635 1663 1669 1693 in
1684 1665 1795 1694 mente

1020 1727 1086 1748 esse
1102 1720 1165 1748 tres
1180 1718 1341 1758 potentiae,
1358 1717 1503 1748 videlicet
1517 1718 1684 1755 memoria,
1700 1717 1795 1748 intel-

1019 1771 1151 1810 ligentia
1162 1795 1170 1808 ,
1188 1774 1218 1802 et
1232 1771 1378 1802 voluntas
1394 1781 1401 1800 z
1420 1772 1450 1801 et
1464 1770 1508 1800 sic
1529 1771 1705 1801 secundum
1720 1770 1794 1801 istas

1020 1826 1083 1854 tres
1098 1825 1182 1855 vires
1196 1826 1401 1864 apponuntur
1415 1826 1479 1854 tres
1492 1823 1701 1862 conditiones,
1716 1833 1793 1864 qua-

1021 1886 1094 1908 rum
1120 1886 1186 1907 una
1210 1877 1336 1916 respicit
1361 1877 1604 1915 intelligentiam
1617 1900 1624 1913 ,
1651 1877 1770 1908 scilicet
1784 1888 1790 1907 :

1021 1939 1062 1962 ew
1086 1933 1150 1963 coto
1173 1929 1283 1968 corde3
1301 1930 1396 1960 altera
1411 1930 1609 1961 voluntatem
1623 1953 1630 1967 ,
1651 1929 1768 1961 scilicet
1784 1940 1791 1961 ι

1021 1991 1062 2015 6oe
1085 1986 1150 2015 tota
1172 1984 1296 2019 αηῐηιας
1315 1983 1406 2013 tertia
1427 1983 1613 2013 memoriam
1626 2006 1633 2019 ,
1649 1982 1768 2013 scilicet
1784 1993 1790 2012 :

1020 2042 1061 2066 θῶ
1076 2038 1144 2067 τοτα
1164 2037 1271 2066 mente.
1296 2033 1333 2064 Et
1353 2034 1397 2064 sio
1418 2034 1622 2073 assignantur
1641 2035 1710 2064 istae
1730 2034 1794 2063 tres

1021 2088 1215 2119 conditiones
1231 2088 1263 2118 in
1284 2087 1435 2119 Mattlzoeo
1448 2090 1469 2125 ⁶,
1486 2089 1517 2117 et
1532 2089 1738 2126 exponuntur
1752 2086 1791 2116 ab

1020 2141 1202 2180 Augustino
1217 2141 1261 2171 sie
1274 2144 1304 2171 ⁷:
1326 2152 1339 2169 ι(
1356 2141 1407 2172 Esc
1422 2144 1484 2172 toto
1505 2140 1615 2179 corde,
1635 2140 1667 2171 id
1682 2142 1730 2172 est
1752 2149 1791 2171 ex

1020 2196 1085 2224 toto
1100 2194 1259 2224 intellectu
1279 2193 1346 2224 sine
1369 2203 1492 2231 errore3
1510 2201 1552 2225 θαι·
1572 2196 1639 2226 tota
1657 2194 1769 2226 anima
1781 2216 1790 2230 ,

1019 2248 1049 2278 id
1066 2249 1113 2279 est
1127 2257 1167 2277 ex
1182 2249 1246 2278 tota
1261 2247 1423 2278 voluntate
1443 2247 1510 2277 sine
1526 2246 1770 2278 contradictione
1779 2257 1787 2283 ;

1019 2309 1060 2332 cx
1074 2304 1138 2333 tota
1153 2304 1253 2333 mente
1267 2325 1275 2338 ,
1293 2301 1322 2330 id
1338 2303 1384 2331 est
1403 2310 1443 2331 ex
1462 2303 1526 2331 tota
1550 2300 1704 2331 memoria
1720 2300 1788 2330 sine

1018 2355 1187 2386 oblivione.
1217 2354 1287 2385 Alio
1310 2355 1404 2385 modo
1434 2354 1676 2394 distinguuntur
1704 2353 1787 2384 vires

1017 2410 1134 2441 animae
1150 2410 1181 2440 in
1197 2409 1398 2447 rationalem,
1416 2408 1605 2439 irascibilem
1623 2410 1654 2439 et
1668 2417 1785 2439 concu-

1016 2463 1190 2503 piscibilem
1208 2474 1214 2493 :
1232 2464 1262 2493 et
1275 2463 1451 2493 secundum
1466 2462 1525 2492 hoc
1540 2464 1602 2492 tres
1616 2471 1785 2502 apponun-

1013 2563 1023 2578 θ
1034 2561 1134 2590 Mattlz.,
1149 2567 1213 2591 xxii,
1227 2562 1264 2585 37.
1280 2561 1408 2591 —7Aug.‚
1426 2560 1455 2583 de
1469 2561 1536 2583 Dnrt.
1552 2560 1649 2590 christ„
1666 2560 1709 2584 lib.
1730 2560 1747 2591 l,
1759 2568 1782 2584 c.

1012 2603 1078 2626 xxix,
1089 2604 1115 2621 n.
1125 2599 1164 2620 21.
1180 2610 1210 2614 —
1221 2597 1251 2626 (α)
1263 2596 1301 2620 ΑΙ.
1312 2602 1363 2620 non
1373 2596 1464 2627 legitur
1475 2596 1499 2619 in
1514 2596 1614 2620 Deuter.
1625 2596 1673 2621 nisi
1682 2596 1709 2620 in
1718 2602 1783 2621 mar-

1012 2633 1078 2663 gine.
1094 2646 1124 2649 —
1139 2632 1168 2661 (la)
1187 2632 1248 2656 Item
1264 2632 1287 2654 in
1307 2632 1397 2654 Marco.
