2017 2960
74 391 137 417 Opin.
150 393 169 411 2.

75 422 179 443 Concilia-

85 453 113 473 tio
124 453 170 479 opi-

80 483 175 504 nionum.

704 149 800 180 Dts'r.
824 147 913 179 XXX.
939 145 1027 177 ART.
1053 146 1076 177 1.
1100 145 1251 183 QUAEST.
1277 145 1300 176 1.

195 227 269 248 nem
284 218 323 249 ad
344 218 582 258 dispositionem
600 216 701 248 divini
723 214 908 255 regiminis,
926 214 971 243 sic

195 271 347 301 dixerunt
366 271 475 310 aliqui,
501 270 587 310 quod
611 279 650 301 ex
675 269 971 310 quantulacumque

196 324 346 355 charitate
370 326 470 364 potest
493 325 565 364 quis
588 324 732 355 resistere
754 324 971 362 quantaecum-

197 385 258 415 que
275 377 438 407 tentationi
454 388 461 414 ;
479 377 531 407 alii
543 387 630 416 vero,
644 377 728 417 quod
739 385 816 407 non.
835 375 872 405 Et
887 374 971 405 utri-

196 438 259 468 que
278 439 391 460 verum
411 431 513 461 dicere
535 432 717 470 potuerunt,
735 438 793 460 nec
817 428 876 458 sibi
898 436 972 458 con-

196 482 375 521 tradicunt,
403 484 429 513 si
453 486 536 514 recte
567 484 798 522 intelligantur.
828 480 860 511 Si
885 480 971 511 enlm

195 536 366 575 loquamur
380 539 537 575 quantum
550 537 588 568 ad
598 536 780 567 tentationIs
790 535 970 570 exordium,

194 589 490 629 quantulacumque
522 589 659 620 charitas
690 589 793 629 potest
827 587 971 618 resistere

194 644 465 682 quantaecumque
481 642 658 680 tentationi,
677 642 753 681 quia
768 641 850 672 Deus
866 640 971 671 homi-

195 703 269 724 nem
289 694 460 725 habentem
480 695 665 725 charitatem
692 703 860 734 nunquam
882 694 970 724 dese-

195 746 253 783 rit,
270 746 331 776 nisi
347 746 398 777 ille
420 747 599 777 voluntarie
615 747 654 777 ab
676 756 713 777 eo
735 746 876 783 recedat;
893 745 971 784 quin

195 799 300 837 potius
322 800 497 830 secundum
523 799 608 839 quod
626 802 766 838 augetur
789 798 972 830 tentationis

195 851 327 889 bellum,
351 854 499 891 operatur
524 853 605 883 Deus
633 852 794 883 charitatis
817 861 972 891 augmen-

195 906 276 935 tum.
310 904 398 935 Unde
409 929 416 943 ,
451 908 751 945 quantumcumque
781 906 821 936 sit
848 905 973 936 modica

196 957 333 988 charitas
347 958 382 988 in
396 958 538 997 homine,
554 968 722 999 nunquam
739 960 840 999 potest
853 958 973 989 invitus

198 1011 237 1040 ab
256 1011 437 1042 adversario
452 1012 563 1051 dejici,
582 1013 673 1052 quia,
690 1012 866 1043 secundum
887 1012 973 1051 quod

199 1066 308 1097 crescit
322 1067 452 1105 bellum,
472 1068 582 1098 crescit
596 1068 804 1106 adjiitorium,
821 1067 845 1097 si
866 1069 973 1097 tamen

201 1119 297 1150 homo
311 1120 403 1151 faciat
418 1121 502 1159 quod
520 1121 553 1150 in
567 1130 600 1151 se
616 1122 672 1151 est.
689 1120 722 1151 Si
737 1122 845 1151 autem
859 1120 973 1160 loqua-

201 1181 275 1203 mur
294 1173 332 1204 de
351 1174 522 1204 tentatione
541 1177 699 1213 quantum
714 1173 751 1203 ad
769 1182 969 1203 consumma-

201 1227 320 1257 tionem
344 1227 503 1266 victoriae,
520 1228 564 1258 sic
584 1237 647 1258 non
671 1230 772 1267 potest
794 1237 873 1263 esse,
890 1227 974 1266 quod

200 1280 297 1311 homo
312 1289 352 1310 ex
369 1281 493 1311 modica
507 1281 658 1311 charitate
673 1281 797 1311 resistat
810 1280 974 1310 tentationi

201 1333 363 1371 maximae,
380 1334 456 1373 quia
470 1343 534 1364 non
547 1334 666 1373 patitur
680 1333 757 1364 ordo
771 1333 889 1363 divinae
901 1335 974 1372 Jus-

201 1386 290 1423 titiae,
307 1387 387 1426 quin
403 1396 443 1417 ex
459 1387 590 1418 victoria
609 1387 720 1426 magni
739 1387 813 1417 belli
832 1388 887 1416 fiat
904 1395 973 1417 am-

201 1439 349 1478 plificatio
372 1440 488 1470 meriti.
512 1439 610 1477 Unde,
633 1440 713 1470 sicut
736 1440 796 1470 ista
822 1440 884 1469 duo
909 1449 974 1470 non

200 1493 431 1530 contradicunt,
449 1493 502 1524 sed
518 1493 615 1524 simul
630 1502 706 1524 vera
721 1495 797 1523 sunt
813 1503 820 1523 t
842 1504 856 1521 «
872 1492 975 1523 Possi-

199 1545 260 1576 bile
275 1548 321 1577 est
335 1546 421 1585 quod
437 1556 477 1576 ex
492 1556 591 1586 parva
606 1546 757 1576 charitate
771 1546 804 1577 111
819 1546 974 1585 prmcipio

199 1597 401 1635 tentationiS,
427 1600 457 1628 et
480 1607 603 1637 magna
628 1598 663 1627 in
695 1599 782 1635 11110,
810 1598 975 1628 resistatur

198 1659 326 1689 magnae
346 1651 532 1688 tentationi3
549 1662 563 1678 n
583 1652 613 1681 et
627 1651 744 1681 iterum
761 1661 768 1681 ε
795 1661 809 1679 (1
824 1650 974 1681 Possibile

195 1705 258 1741 est,
285 1704 371 1743 quod
397 1713 437 1734 ex
463 1713 562 1744 parva
586 1704 738 1734 charitate
761 1704 795 1734 in
819 1704 974 1743 principio

196 1757 376 1788 tentationis
392 1759 422 1788 et
438 1757 469 1787 iu
491 1758 570 1795 fine,
587 1766 652 1787 non
668 1757 830 1787 resistatur
845 1766 975 1796 magnae

197 1810 363 1841 tentationi
377 1822 385 1848 3
401 1821 415 1838 »
434 1810 477 1840 sic
500 1820 565 1841 11011
588 1810 719 1840 obviant
739 1810 798 1840 sibi
822 1810 884 1841 illae
902 1811 974 1841 duze

196 1863 373 1903 opiniones.
391 1862 542 1894 Similiter
557 1863 584 1893 si
600 1863 772 1902 loquamur
784 1863 821 1894 de
834 1864 974 1903 potentia

195 1917 357 1947 charitatis
372 1925 428 1956 per
443 1917 712 1956 comparationem
726 1916 765 1947 ad
784 1917 869 1947 vires
882 1917 975 1947 liberi

195 1969 318 2000 arbitrii
336 1969 546 2008 cooperantis,
559 1969 678 2008 duplex
691 1969 751 1999 fuit
766 1969 883 2008 opinio.
895 1969 975 1999 Nam

196 2023 328 2062 quidam
343 2023 505 2059 dixerunt,
522 2022 607 2061 quod
623 2031 663 2052 ex
681 2022 975 2062 quantulacumque

195 2076 347 2107 charitate
370 2077 471 2115 potest
494 2076 566 2114 quis
588 2076 733 2106 resistere
757 2078 976 2115 quantaecum—

197 2139 259 2169 que
278 2129 444 2159 tentationi
458 2140 466 2167 ;
483 2129 632 2168 quidam,
650 2129 734 2168 quod
750 2138 825 2159 non.
844 2129 881 2160 Et
895 2130 975 2160 ratio

197 2182 297 2221 hujus
311 2184 357 2212 est
375 2193 380 2212 :
400 2182 476 2221 quia
491 2182 529 2213 de
544 2182 667 2212 viribus
681 2182 772 2212 liberi
790 2183 928 2220 arbitrii,
945 2186 976 2214 et

196 2236 298 2276 adjuti
324 2236 443 2274 gratia,
467 2238 514 2266 est
536 2236 575 2274 (a)
591 2235 681 2275 loqui
705 2235 872 2275 dupliciter
893 2246 901 2266 ε
926 2236 976 2267 vel

197 2291 354 2329 quantum
369 2289 408 2319 ad
422 2288 600 2319 libertatem
614 2288 800 2326 voluntatiS,
813 2289 863 2319 vel
878 2298 976 2328 quan-

196 2346 267 2373 tum
290 2343 330 2373 ad
355 2342 470 2373 vitium
494 2342 689 2372 difficultatis
712 2342 751 2372 ad
775 2342 917 2380 bonum,
945 2344 976 2373 et

197 2396 363 2435 pronitatis
385 2396 425 2426 ad
447 2395 579 2426 malum.
597 2396 630 2426 Si
651 2405 730 2435 ergo
750 2396 922 2436 loquamur
937 2397 975 2427 de

197 2449 301 2488 gratia
319 2458 375 2488 per
389 2449 661 2489 comparationem
676 2450 715 2480 ad
730 2450 907 2480 libertatem
922 2460 976 2482 vo-

196 2501 346 2539 luntatis,
375 2501 419 2532 sic
442 2511 515 2532 cum
539 2502 608 2542 ipsa
631 2502 781 2533 voluntas
811 2503 849 2533 de
877 2512 911 2533 se
934 2504 975 2533 sit

196 2555 296 2585 libera
310 2555 349 2585 ad
363 2555 624 2587 consentiendum
636 2580 643 2593 ,
659 2558 690 2587 et
704 2565 760 2596 per
783 2556 922 2596 gratiam
936 2557 975 2587 sit

230 2618 261 2647 (a)
272 2617 342 2640 Edit.
361 2617 417 2640 Ven.
429 2619 454 2640 ct
465 2630 494 2634 —
507 2617 539 2647 (b)
556 2618 755 2649 comparatione.

1744 151 1801 179 1169

1024 212 1158 244 liberata
1170 222 1189 244 a
1204 212 1356 244 servitute
1372 212 1500 251 peccati,
1519 214 1549 242 et
1564 213 1635 251 cogi
1650 223 1714 244 non
1729 224 1802 254 pos-

1026 269 1082 305 sit,
1107 270 1210 308 potest
1232 269 1501 308 quantaecumque
1520 269 1684 299 tentationi
1708 270 1803 301 resis-

1026 323 1102 352 tere.
1130 321 1161 352 Si
1186 323 1293 352 autern
1318 321 1490 361 loquamur
1510 329 1567 360 per
1596 323 1803 361 comparatio-

1026 383 1101 405 nem
1117 375 1155 405 ad
1172 375 1285 405 vitium
1307 375 1502 405 difficultatis
1516 376 1545 405 et
1560 375 1740 414 pronitatis,
1757 377 1803 406 sic

1026 437 1092 458 non
1107 430 1208 468 potest
1224 428 1369 458 resistere
1382 427 1535 467 impulsui
1551 428 1731 459 tentationis
1744 429 1803 459 for-

1027 481 1080 519 tis,
1106 482 1166 511 nisi
1192 482 1328 512 charitas
1348 482 1425 512 adeo
1447 481 1536 511 fortis
1554 481 1611 519 sit,
1637 481 1720 521 quod
1742 490 1801 512 suo

1026 534 1138 573 vigore
1153 537 1263 565 contra
1279 535 1469 574 pronitatem
1482 534 1618 564 refrenet
1632 544 1651 564 a
1666 534 1762 572 malo,
1773 535 1805 564 et

1027 589 1136 617 contra
1169 587 1388 618 difficultatem
1418 587 1568 618 accendat
1597 587 1636 618 ad
1667 587 1801 618 bonum.

1027 639 1178 670 Liberum
1196 640 1282 670 enim
1305 640 1475 670 arbitrium
1494 649 1533 670 ex
1552 649 1618 671 una
1639 642 1726 680 parte
1747 640 1802 671 ad-

1023 694 1133 732 J'utum
1149 694 1306 733 adjutorio
1330 694 1454 732 gratiae,
1477 703 1517 724 ex
1538 693 1599 724 alia
1623 697 1711 733 parte
1732 703 1802 724 cor-

1027 749 1161 786 ruptum
1182 747 1258 778 vitio
1274 747 1551 786 concupiscentiae,
1570 748 1698 787 quando
1715 748 1803 778 exci-

1027 802 1112 830 tatur
1126 801 1160 830 in
1175 800 1244 840 ipso
1268 810 1324 840 per
1347 800 1552 831 tentationem
1572 801 1710 840 impetus
1725 810 1799 831 con-

1028 853 1240 893 cupiscentize,
1256 854 1433 884 secundum
1441 854 1526 893 quod
1539 854 1643 892 magis
1654 856 1685 884 et
1698 855 1802 893 magis

1028 907 1148 937 fortiter
1174 907 1346 945 excitatur,
1373 915 1429 946 per
1456 907 1516 936 hoc
1543 907 1665 945 indiget
1688 908 1803 946 majori

1028 960 1236 999 repressione.
1249 960 1286 990 Et
1298 961 1343 990 sic
1355 960 1487 990 diversis
1499 960 1803 991 considerationibus

1028 1013 1155 1042 concedi
1171 1015 1272 1052 potest
1286 1013 1323 1043 de
1338 1013 1499 1049 charitate,
1518 1022 1573 1052 per
1594 1014 1804 1053 comparatio-

1028 1074 1103 1095 nem
1123 1066 1161 1096 ad
1179 1066 1316 1096 liberum
1330 1065 1499 1096 arbitrium
1510 1089 1518 1103 ,
1535 1066 1620 1105 quod
1636 1066 1803 1105 quantula-

1029 1127 1167 1158 cumque
1195 1119 1332 1149 charitas
1358 1120 1459 1158 potest
1487 1119 1629 1149 resistere
1655 1122 1804 1158 quantae—

1029 1181 1168 1211 cumque
1182 1172 1364 1208 tentationi,
1382 1174 1412 1202 et
1429 1172 1513 1211 quod
1527 1181 1591 1202 non
1609 1175 1709 1212 potest
1725 1184 1731 1202 ε
1751 1182 1805 1212 po-

1029 1226 1088 1254 test
1102 1225 1243 1264 quidem,
1262 1225 1288 1254 si
1304 1227 1505 1264 comparetur
1519 1225 1555 1264 (b)
1572 1225 1611 1255 ad
1625 1225 1803 1256 dominium

1029 1277 1198 1314 libertatis3
1218 1287 1282 1308 non
1298 1279 1402 1317 potest
1421 1280 1540 1315 autem,
1561 1278 1587 1308 si
1603 1281 1805 1318 comparetur

1029 1330 1068 1360 ad
1090 1331 1205 1361 vitium
1226 1331 1394 1370 pronitatis
1416 1332 1447 1361 et
1462 1331 1667 1361 difficultatis.
1687 1331 1724 1361 Et
1745 1332 1805 1362 hoc

1029 1384 1142 1414 melius
1157 1386 1255 1423 patet,
1272 1384 1297 1413 si
1313 1384 1384 1423 quis
1399 1384 1591 1421 consideret,
1608 1386 1639 1415 et
1653 1385 1802 1423 attendat,

1029 1439 1059 1467 et
1073 1437 1291 1476 experimento
1306 1440 1477 1475 cognoscat
1496 1439 1614 1467 statum
1632 1439 1662 1468 et
1677 1438 1805 1468 conflic-

1028 1492 1099 1520 tum
1112 1490 1282 1520 hominum
1306 1492 1511 1521 tentatorum.
1525 1490 1572 1521 Ex
1588 1491 1637 1521 his
1651 1493 1736 1530 patet
1750 1501 1804 1522 re-

1028 1543 1155 1583 sponsio
1185 1544 1224 1573 ad
1248 1544 1458 1582 quaestionem
1482 1544 1685 1583 propositam.
1718 1545 1805 1575 Patet

1029 1597 1124 1627 etiam
1157 1597 1368 1627 nihilomnius
1400 1598 1563 1642 responsio
1597 1598 1635 1629 ad
1670 1599 1802 1638 objecta.

1030 1650 1110 1681 Nam
1127 1650 1262 1680 rationes
1283 1659 1357 1690 quae
1372 1651 1508 1690 probant
1527 1651 1612 1690 quod
1633 1652 1804 1691 quantula—

1029 1713 1169 1743 cumque
1198 1703 1334 1734 charitas
1359 1706 1460 1743 potest
1491 1704 1634 1734 resistere
1666 1708 1806 1744 quantae-

1029 1766 1166 1796 cumque
1182 1757 1357 1795 tentationi,
1374 1758 1550 1797 procedunt
1565 1757 1603 1787 de
1619 1758 1688 1797 ipsa
1702 1758 1807 1788 chari-

1029 1813 1092 1841 tate
1118 1820 1173 1850 per
1205 1811 1474 1849 comparationem
1504 1811 1543 1841 ad
1569 1811 1670 1841 Deum
1704 1812 1805 1851 ipsam

1029 1864 1236 1903 adjuvantem
1252 1865 1282 1893 et
1296 1866 1550 1902 promoventem,
1570 1867 1600 1894 et
1613 1873 1669 1904 per
1684 1874 1809 1904 compa-

1030 1917 1187 1947 rationem
1203 1916 1242 1946 ad
1258 1916 1430 1947 voluntatis
1444 1917 1623 1948 libertatem
1637 1941 1644 1953 ,
1661 1918 1741 1948 sicut
1756 1918 1808 1947 in-

1030 1971 1132 2001 tuenti
1148 1973 1289 2010 apparet.
1301 1970 1528 2001 Verumtamen
1542 1971 1595 2001 illa
1607 1971 1697 2009 ratio,
1711 1980 1808 2010 quam

1030 2024 1138 2063 objicit
1162 2024 1200 2054 de
1220 2025 1365 2062 peccato,
1392 2033 1458 2054 non
1483 2023 1567 2054 valet
1586 2024 1696 2063 :quod
1722 2024 1808 2054 enim

1030 2076 1145 2105 dicitur
1157 2100 1164 2113 ,
1197 2075 1282 2114 quod
1312 2078 1611 2115 quantumcumque
1643 2079 1807 2115 peccatum

1030 2138 1168 2169 parvum
1190 2129 1306 2159 sufficit
1329 2129 1368 2159 ad
1395 2129 1616 2168 expellendam
1640 2132 1808 2168 quantam-

1031 2191 1170 2221 cumque
1183 2182 1332 2221 gratiam,
1345 2182 1404 2212 hoc
1418 2191 1483 2213 non
1496 2185 1543 2212 est
1555 2182 1631 2222 quia
1643 2185 1806 2221 peccatum

1030 2238 1105 2274 agat
1119 2235 1152 2265 iu
1177 2235 1278 2274 ipsam
1303 2235 1458 2273 gratiam,
1475 2235 1528 2266 sed
1549 2235 1624 2274 quia
1638 2236 1711 2265 facit
1727 2236 1806 2266 libe-

1030 2297 1104 2318 rum
1127 2288 1296 2318 arbitrium
1324 2289 1456 2319 deficere
1483 2298 1502 2318 a
1528 2289 1640 2327 gratiae
1666 2289 1804 2328 comple—

1030 2343 1148 2371 mento.
1162 2341 1209 2371 Ex
1220 2341 1279 2371 hoc
1293 2344 1477 2372 autemnon
1487 2344 1587 2380 potest
1599 2342 1708 2371 inferri
1718 2342 1804 2381 quod

1030 2397 1158 2434 propter
1172 2394 1232 2424 hoc
1246 2395 1541 2434 quantulacumque
1553 2395 1657 2433 gratia
1669 2395 1806 2425 sufficiat

1030 2447 1068 2477 ad
1081 2447 1273 2478 vincendum
1284 2456 1414 2478 omnem
1424 2447 1600 2487 impulsum
1611 2449 1803 2487 tentationis,

1029 2501 1105 2540 quia
1119 2501 1242 2531 facilius
1256 2503 1302 2531 est
1315 2502 1465 2539 deiicere,
1483 2510 1580 2540 quam
1595 2502 1675 2532 bene
1691 2502 1803 2533 facere.

1030 2555 1142 2586 Inferri
1157 2557 1264 2586 tamen
1279 2557 1398 2594 potest,
1413 2555 1497 2594 quod
1512 2555 1804 2596 quantulacumque

1033 2608 1135 2647 gratia
1150 2608 1308 2648 expellere
1322 2610 1423 2647 potest
1438 2616 1533 2638 omne
1547 2611 1721 2648 peccatum.
