2017 2960
740 180 822 212 DS'r.
846 179 951 212 XXVI.
976 177 1082 210 ARTI.
1107 179 1144 210 ll.
1169 177 1319 216 QUAEST.
1344 178 1368 209 1.
1803 181 1854 209 581

239 251 320 282 senti
336 250 421 281 malo
436 252 466 280 et
482 250 566 281 hono
579 250 618 280 ad
632 250 782 285 invicem,
799 249 843 279 sic
857 258 890 279 se
902 248 1022 278 habent

239 304 421 335 affectiones
448 304 486 334 de
515 304 624 334 tuturo
648 305 732 335 bono
757 306 788 334 et
817 303 901 333 malo
933 313 939 332 z
967 302 1020 332 sed

240 357 422 389 affectiones
437 357 475 388 de
490 357 639 397 praesenti
654 358 740 388 bono
750 382 758 395 ,
774 359 803 388 et
821 357 858 387 de
873 355 1021 396 praesenti

240 411 335 447 malo,
361 420 426 441 non
451 411 556 442 solum
580 411 836 451 distinguuntur,
853 410 906 441 sed
925 410 1020 440 etiam

239 466 415 497 formaliter
434 469 656 506 opponuntur,
673 469 709 497 ut
729 466 888 505 gaudium
911 467 941 495 et
965 464 1022 495 do-

239 520 288 551 lor
306 532 312 551 2
327 530 407 560 ergo
421 530 494 551 cum
507 530 578 561 spes
588 521 627 551 sit
637 521 675 552 de
691 521 799 551 futuro
814 520 910 557 bono,
925 519 1022 549 timor

240 574 278 605 de
293 575 403 605 futuro
419 575 514 613 malo,
534 574 662 606 videtur
684 575 769 614 quod
790 583 862 614 spes
882 575 912 603 et
927 572 1023 602 timor

240 637 306 659 non
326 629 432 659 solum
456 629 712 668 distinguantur,
730 628 784 659 sed
808 627 903 658 etiam
929 635 1023 666 oppo-

239 684 359 713 nantur
374 682 413 712 ad
431 682 581 713 invicem.

282 736 361 766 Item
377 736 449 776 plus
468 736 572 766 differt
592 735 720 766 habitus
734 735 861 765 virtutis
876 735 916 765 ab
931 734 1024 765 habi-

240 790 326 820 tibus
353 790 531 826 donorum,
551 798 648 828 quam
672 789 801 819 habitus
830 789 957 819 virtutis
984 789 1023 818 ah

240 843 390 873 invice-m.
419 842 479 873 Sed
509 842 637 873 habitus
664 843 788 873 timoris
821 844 1024 882 computatur

239 897 323 928 inter
348 897 450 935 dona,
466 897 596 927 habitus
620 897 686 937 spei
711 897 795 927 inter
815 897 959 934 virtutes,
975 906 1023 927 se-

239 950 383 981 cundum
398 950 481 990 quod
499 950 573 980 dicit
589 950 764 990 Gregorius
780 951 813 981 in
826 950 1025 982 inormibus:

239 1014 320 1044 ergo
334 1005 360 1035 si
376 1014 446 1044 spes
464 1005 568 1036 differt
581 1006 621 1036 ab
637 1005 706 1035 aliis
729 1005 914 1043 virtutibus,
934 1005 1024 1035 vide-

240 1060 294 1090 tur
310 1058 411 1089 multo
424 1059 540 1090 fortius
557 1059 643 1099 quod
659 1059 764 1089 differt
779 1068 797 1088 a
811 1059 936 1089 timore.

282 1112 361 1143 Item
383 1113 657 1153 quandocumque
682 1113 746 1143 duo
772 1112 902 1143 habitus
923 1112 966 1142 sic
992 1121 1025 1142 se

240 1166 370 1204 hahent,
388 1167 473 1206 quod
490 1176 576 1197 unus
588 1170 775 1205 evacuatur,
793 1167 871 1197 alter
889 1175 964 1204 non,
980 1166 1025 1196 illi

240 1221 416 1251 formaliter
439 1221 712 1260 distinguuntur:
736 1220 791 1251 sed
811 1223 819 1240 ¹
843 1221 938 1251 timor
960 1220 1025 1251 Do-

240 1275 326 1306 mim·
338 1277 470 1305 sanctus
483 1277 652 1314 permanet
672 1274 708 1305 in
728 1274 879 1305 soeczclum
895 1273 1006 1305 soeculz'
1014 1284 1025 1306 ,·

239 1337 311 1368 spes
327 1330 437 1358 autem
450 1329 460 1344 ²
477 1332 663 1365 evacuatur,
680 1328 860 1358 secundum
877 1328 962 1368 quod
977 1327 1024 1357 di-

240 1382 282 1412 cit
312 1381 465 1421 Magister
491 1382 526 1412 in
554 1382 674 1419 littera,
699 1384 730 1412 et
757 1382 840 1412 infra
862 1381 1022 1412 habetur:

240 1445 322 1475 ergo
334 1445 406 1475 spes
421 1438 452 1466 et
468 1435 565 1465 timor
579 1435 790 1466 essentialiter
806 1435 971 1466 differunt.

282 1489 372 1526 Item,
387 1490 428 1527 (α)
442 1498 582 1529 quorum
598 1489 729 1519 effectus
743 1491 818 1519 sunt
835 1489 874 1518 ab
888 1488 1025 1519 invicem

240 1543 403 1583 disparati,
432 1546 463 1574 et
490 1543 558 1583 ipsa
578 1546 653 1573 sunt
674 1543 856 1583 disparata:
876 1543 930 1573 sed
958 1552 1026 1574 esse

240 1606 412 1634 securum,
440 1599 470 1628 et
498 1606 566 1628 esse
593 1597 745 1636 pavidum
765 1621 772 1633 ,
793 1600 1024 1637 opponuntur:

240 1660 312 1691 spes
332 1651 435 1681 reddit
459 1659 622 1687 securum,
638 1653 669 1681 et
693 1650 790 1681 timor
811 1651 911 1681 reddit
933 1651 1023 1691 pavi-

241 1705 318 1735 dum
334 1715 340 1735 :
358 1713 438 1744 ergo
463 1713 535 1744 spes
555 1706 585 1735 et
606 1704 703 1735 timor
722 1704 898 1735 formaliter
913 1705 1027 1735 distin—

241 1761 400 1798 guuntur.

515 1832 742 1865 CONCLUSIO.

240 1902 305 1936 Spes
319 1904 400 1936 atque
416 1903 507 1933 timor,
523 1902 579 1927 sive
604 1902 694 1928 animi
709 1902 881 1936 affectiones,
901 1904 957 1930 sit-e
975 1903 1025 1930 ha-

254 1947 339 1974 bitum
350 1947 452 1979 dicant,
470 1947 656 1973 diversitatem
670 1947 771 1974 habent
784 1948 819 1974 ab
835 1948 870 1982 (a)
886 1949 1011 1975 invicem.

281 2027 375 2068 Resp.
404 2027 443 2058 ad
469 2036 538 2066 arg.
562 2026 739 2058 Dicendum
765 2027 850 2067 quod
875 2028 971 2059 timor
997 2031 1028 2059 et

242 2091 324 2122 spes,
350 2081 418 2111 sive
433 2081 602 2111 nominent
620 2081 758 2118 habitus,
777 2081 845 2112 sive
860 2082 1028 2113 nominent

242 2135 425 2166 affectiones
435 2135 563 2172 animae,
576 2135 793 2166 diversitatem
808 2135 926 2166 habent
937 2136 977 2166 ab
986 2137 1024 2177 (a)

242 2189 392 2220 invicem.
410 2189 582 2220 Diversitas
597 2189 684 2220 enim
704 2189 876 2220 habituum
894 2191 1029 2222 attendi-

242 2246 295 2274 tur
324 2252 422 2283 penes
448 2243 666 2274 diversitatem
697 2246 830 2274 actuum
860 2244 1026 2285 principa—

242 2297 322 2328 lium
340 2308 347 2327 :
371 2297 524 2337 quoniam
548 2306 627 2336 ergo
647 2307 718 2338 spes
739 2298 880 2328 consistit
894 2298 928 2328 in
947 2308 1028 2338 qua-

243 2352 317 2383 dam
340 2352 531 2383 confidentia
552 2355 582 2383 et
603 2353 772 2389 erectione,
790 2352 886 2383 timor
900 2353 1027 2384 veroin

244 2406 384 2445 quadam
398 2406 478 2445 fuga
495 2407 526 2436 et
540 2405 725 2443 resilitione‚
741 2406 815 2437 hinc
831 2409 878 2437 est
892 2407 978 2446 quod
993 2407 1028 2438 ti-

245 2468 316 2490 mor
325 2462 432 2499 etspes
442 2460 562 2490 habent
570 2459 653 2498 ab(a)
664 2459 801 2490 invicem
811 2460 1027 2491 diversitatem

244 2513 370 2543 ratione
393 2522 529 2544 suorum
553 2515 697 2544 actuum.
723 2513 895 2544 Diversitas
919 2516 1026 2545 autem

245 2566 389 2606 ipsorum
412 2569 545 2597 actuum
564 2567 652 2598 venit
679 2576 718 2597 ex
738 2570 828 2607 parte
852 2568 978 2608 obJecti‚
994 2568 1027 2599 in

247 2622 405 2660 quantum
419 2620 516 2651 habet
530 2621 688 2652 rationem
703 2621 827 2653 motivi.
844 2622 923 2653 Cum
941 2622 1026 2653 enim

279 2683 286 2699 ¹
302 2682 371 2707 Psal.
388 2688 461 2713 xvm,
479 2685 549 2707 10.—
563 2683 574 2699 Ξ
587 2684 594 2707 1
609 2683 677 2711 Cor„
692 2690 751 2713 xiii,
770 2686 807 2709 10.
820 2699 845 2702 ——
859 2686 892 2716 (a)
906 2685 949 2710 Al.
965 2687 1006 2711 ad.

1078 247 1187 278 anima
1197 246 1407 287 apprehendit
1415 245 1535 286 aliquid
1548 246 1692 276 nondum
1707 256 1858 286 praesens,

1078 301 1131 331 sed
1157 301 1303 331 fffturum
1320 301 1351 331 in
1368 300 1491 330 ratione
1514 299 1744 335 convenientis,
1763 300 1859 330 astici-

1078 357 1132 385 tnr
1152 355 1317 385 affcctione
1345 354 1430 394 spei,
1456 353 1481 383 si
1505 353 1584 384 adsit
1609 355 1747 393 potestas
1774 364 1860 383 asse-

1079 409 1196 449 quendi
1211 420 1217 446 3
1236 419 1311 439 cuin
1332 411 1439 439 autem
1463 406 1673 447 apprehendit
1690 406 1723 436 in
1740 407 1861 437 ratione

1079 463 1365 500 disconvenientis,
1383 462 1520 493 afficitur
1537 460 1702 492 affectione
1723 460 1860 498 timoris,

1079 519 1104 547 si
1129 518 1225 558 possit
1250 519 1289 549 ab
1311 518 1364 549 illo
1388 517 1538 557 seperari.
1566 516 1603 548 Et
1618 517 1662 547 sic
1677 519 1761 556 patet
1777 516 1862 556 quod

1079 581 1150 612 spes
1164 572 1269 602 differt
1293 582 1309 602 a
1333 573 1448 602 timore
1464 571 1585 601 ratione
1602 570 1789 601 differentiae
1809 580 1861 601 re-

1080 628 1178 666 pertae
1199 626 1232 656 in
1257 628 1329 656 actu
1350 626 1479 665 proprio
1491 649 1498 662 ‚
1516 627 1545 655 et
1562 625 1660 654 eiiam
1676 624 1710 654 in
1725 625 1860 664 objecto.

1080 680 1118 710 Et
1142 679 1350 710 concedendae
1372 682 1445 709 sunt
1471 679 1628 716 rationes,
1647 687 1720 718 quae
1736 679 1796 709 hoc
1813 688 1862 709 os-

1079 735 1226 765 tendunt.

1122 792 1150 819 4.
1175 789 1222 819 Ad
1239 788 1318 818 illud
1331 796 1408 817 vero
1423 786 1508 827 quod
1524 786 1630 826 primo
1643 786 1792 824 objicitur
1809 796 1863 826 per

1080 843 1183 873 simile
1200 843 1232 872 in
1252 841 1463 878 naturalibus⁷
1481 840 1566 880 quod
1580 840 1663 871 idem
1677 842 1723 870 est
1740 840 1863 879 pondus

1081 897 1166 937 quod
1197 896 1270 927 facit
1300 895 1445 926 recedere
1469 895 1509 925 ab
1539 904 1606 925 uuo
1630 895 1861 934 oppositorum,

1082 954 1111 981 et
1125 951 1272 981 accedere
1288 950 1327 981 ad
1342 950 1491 987 alterum,
1509 949 1678 979 dicendum
1695 948 1781 988 quod
1799 957 1864 979 non

1081 1008 1127 1036 est
1142 1005 1275 1036 omnino
1297 1005 1400 1035 simile
1424 1005 1456 1034 in
1479 1004 1662 1035 voluntario
1685 1012 1809 1040 amore,
1833 1005 1865 1033 et

1082 1059 1221 1090 naturali
1237 1059 1393 1098 pondere,
1409 1058 1562 1098 quoniam
1577 1059 1684 1087 motus
1698 1057 1862 1094 naturalis,

1082 1113 1222 1143 maxime
1245 1112 1363 1145 localis,
1385 1112 1560 1142 necessario
1585 1111 1665 1142 duos
1681 1111 1777 1141 habet
1800 1114 1863 1141 ter-

1082 1168 1197 1203 minos,
1215 1166 1363 1196 videlicet
1376 1165 1555 1196 terminum
1571 1165 1609 1195 ad
1625 1174 1734 1204 quem,
1751 1166 1781 1194 et
1797 1167 1863 1194 ter-

1082 1221 1210 1250 minum
1234 1229 1252 1250 a
1275 1229 1340 1259 qno
1358 1230 1364 1249 z
1380 1228 1438 1249 nec
1461 1221 1563 1258 potest
1589 1218 1718 1258 aliquod
1748 1227 1864 1257 corpus

1082 1274 1229 1304 recedere
1244 1283 1263 1303 a
1278 1273 1417 1303 termino
1432 1282 1449 1302 a
1466 1282 1546 1312 quo,
1570 1272 1630 1302 nisi
1652 1272 1810 1302 tendendo
1825 1272 1864 1302 ad

1081 1328 1257 1358 terminum
1273 1327 1311 1357 ad
1326 1336 1424 1366 quem
1439 1337 1445 1356 :
1460 1326 1546 1356 unde
1560 1325 1599 1356 ad
1614 1335 1719 1356 unum
1734 1328 1763 1356 et
1778 1335 1865 1356 eum—

1082 1382 1153 1412 dem
1180 1384 1287 1411 actum
1310 1381 1523 1420 requiruntur
1548 1380 1602 1410 illa
1624 1380 1687 1411 dno
1707 1382 1863 1417 extrema,

1082 1436 1125 1466 ita
1150 1435 1235 1475 qnod
1260 1444 1364 1465 unum
1388 1436 1435 1464 est
1461 1434 1493 1464 in
1518 1434 1640 1465 ratione
1657 1434 1816 1474 principii‚
1835 1437 1866 1464 et

1082 1490 1218 1520 alterum
1234 1490 1268 1519 in
1282 1489 1403 1519 ratione
1425 1488 1563 1529 termini.
1585 1487 1622 1518 Et
1638 1490 1806 1528 propterea
1830 1488 1865 1518 in

1082 1544 1285 1575 naturalibus
1309 1552 1414 1573 unum
1443 1545 1487 1573 est
1514 1541 1641 1582 pondus
1653 1565 1660 1578 ,
1693 1550 1750 1581 per
1779 1541 1863 1580 quod

1083 1597 1200 1628 mobile
1222 1597 1341 1627 recedit
1357 1597 1396 1626 ab
1412 1605 1479 1627 uno
1493 1596 1568 1633 situ,
1584 1597 1615 1625 et
1629 1595 1866 1635 appropinquat

1082 1651 1120 1683 ad
1147 1651 1248 1682 alium
1266 1662 1272 1681 :
1290 1651 1323 1681 in
1339 1650 1528 1681 voluntariis
1553 1652 1662 1680 autem
1686 1658 1777 1679 secus
1805 1651 1862 1679 est.

1083 1706 1216 1744 Quando
1235 1705 1321 1736 enim
1337 1708 1411 1736 sunt
1426 1705 1490 1735 duo
1506 1704 1663 1744 opposita,
1680 1703 1789 1734 anima
1805 1712 1863 1743 po-

1081 1759 1141 1788 test
1156 1757 1240 1788 affici
1259 1757 1341 1787 circa
1356 1757 1490 1794 bonum,
1509 1755 1591 1786 nihil
1605 1755 1810 1786 considerans
1825 1755 1864 1785 de

1081 1812 1180 1843 altero
1195 1822 1203 1842 :
1218 1814 1320 1852 potest
1334 1811 1421 1841 enim
1435 1810 1519 1841 affici
1535 1809 1618 1840 circa
1632 1809 1766 1846 bonum,
1784 1809 1865 1839 nihil

1082 1866 1285 1898 considerans
1296 1865 1333 1896 de
1346 1864 1452 1902 mal03
1470 1866 1500 1894 et
1512 1873 1528 1894 e
1546 1866 1656 1894 contra
1668 1887 1675 1901 ‚
1695 1863 1777 1893 circa
1794 1872 1862 1893 ma-

1082 1921 1168 1959 lum,
1186 1920 1267 1951 nihil
1290 1919 1492 1950 consi‘erans
1507 1919 1545 1949 de
1561 1919 1645 1949 hono
1663 1929 1670 1948 ς
1689 1921 1717 1947 et
1733 1918 1803 1948 ideo
1815 1918 1862 1948 di-

1082 1976 1182 2007 versis
1205 1974 1370 2005 affectibus
1389 1976 1420 2004 et
1443 1973 1587 2003 motibus
1616 1971 1714 2002 habet
1740 1971 1863 2002 moveri

1082 2030 1164 2061 circa
1191 2029 1336 2069 opposita
1353 2037 1360 2058 :
1378 2030 1408 2058 et
1429 2030 1595 2067 propterea
1619 2035 1685 2057 non
1706 2025 1862 2065 sequitur,

1083 2083 1169 2124 quod
1182 2083 1299 2114 unicus
1315 2082 1355 2112 sit
1375 2081 1519 2117 affectus,
1541 2081 1607 2111 sive
1622 2080 1751 2110 habitus
1766 2079 1863 2109 affec-

1082 2135 1180 2171 tivus,
1192 2135 1248 2175 qui
1260 2134 1368 2173 dirigit
1379 2135 1524 2173 respectu
1537 2132 1768 2172 oppositorum,
1782 2132 1863 2162 sicut

1082 2189 1115 2220 in
1130 2189 1330 2220 naturalibus
1344 2196 1450 2218 unum
1463 2189 1508 2217 est
1523 2186 1659 2226 pondus.

1122 2246 1151 2274 02.
1179 2243 1227 2274 Ad
1241 2242 1320 2273 1111111
1336 2241 1423 2282 quod
1440 2241 1601 2281 objicitur,
1620 2240 1704 2280 quod
1720 2240 1753 2269 in
1769 2239 1862 2269 disci—

1082 2298 1254 2339 plinalibus
1269 2306 1335 2327 una
1351 2298 1396 2326 est
1412 2295 1543 2326 scientia
1558 2294 1790 2334 oppositorum,
1813 2293 1861 2323 di-

1083 2352 1219 2383 cendum
1233 2350 1320 2391 quod
1333 2359 1399 2380 non
1412 2351 1460 2380 est
1474 2348 1579 2379 simile
1593 2347 1710 2387 duplici
1726 2347 1862 2377 ratione.

1084 2405 1191 2437 Prima
1214 2405 1345 2445 quidem
1365 2403 1446 2434 ratio
1472 2405 1535 2441 est,
1557 2402 1632 2441 quia
1647 2401 1796 2431 voluntas
1811 2410 1863 2431 se-

1083 2462 1173 2500 parat
1197 2468 1234 2490 ea
1247 2483 1254 2495 ,
1281 2468 1354 2499 quae
1373 2457 1559 2488 naturaliter
1574 2458 1649 2486 sunt
1664 2456 1833 2494 conjuncta
1855 2467 1861 2486 z

1083 2513 1167 2544 unde
1181 2513 1296 2553 aliquis
1310 2512 1382 2543 vult
1402 2510 1607 2547 antecedens,
1626 2512 1655 2540 et
1671 2511 1777 2539 tamen
1798 2518 1864 2539 non

1083 2567 1152 2598 vult
1166 2575 1383 2607 consequens;
1405 2565 1545 2604 cognitio
1561 2566 1670 2594 autem
1690 2572 1755 2593 non
1769 2572 1864 2602 sepa-

1083 2625 1131 2654 rat
1146 2632 1183 2653 ea
1198 2631 1270 2662 quae
1283 2620 1473 2651 naturaliter
1488 2621 1562 2649 sunt
1573 2619 1743 2658 conjuncta
1759 2629 1764 2648 :
1778 2618 1864 2648 unde

1083 2677 1140 2718 qui
1156 2676 1245 2707 novit
1265 2674 1473 2711 antecedens,
1497 2672 1636 2711 quodam
1661 2682 1711 2702 ms>
1725 2672 1753 2699 lo
1778 2682 1795 2698 =.=
1809 2672 1865 2702 ‘ivit
