2017 2960
830 151 1021 184 DlSTlNCT.
1045 152 1125 183 XIII.

177 227 363 258 liberalitate
378 226 545 262 immensa,
558 225 651 263 quus
665 224 797 262 signum
813 223 859 252 est
868 220 953 260 quod

178 281 327 311 omnibus
341 279 394 309 dat
409 277 592 315 affluenter,
613 279 644 307 et
663 286 727 307 non
745 276 951 315 improperat.

178 333 216 364 Et
245 332 290 362 sic
317 332 402 371 patet
425 330 589 370 responsio
611 329 649 360 ad
685 329 816 368 obJecta.
848 327 954 358 Posset

178 385 272 416 etiam
303 383 363 414 dici
386 383 471 422 quod
494 383 696 422 Augustinus
719 381 868 420 intelligit
885 390 953 411 res-

176 439 269 478 pectu
303 436 476 475 singularis
519 445 681 476 personae,
720 435 774 466 sed
804 435 954 474 praedicta

177 491 283 521 Glossa
297 492 443 529 respectu
456 489 552 520 totius
567 489 712 520 Ecclesiae
736 499 742 519 z
760 490 791 518 et
804 488 874 518 ideo
889 497 953 518 non

176 547 222 576 est
252 544 478 581 controversia,
509 543 661 583 quoniam
686 543 719 572 111
746 542 881 572 Ecclesia
908 543 954 572 est

176 597 339 638 plenitudo
352 597 602 634 numerositatis,
626 605 700 636 quae
714 595 837 626 excedit
858 603 952 625 men—

176 659 284 681 suram
306 650 476 690 cujuslibet
503 650 620 688 sancti,
650 649 731 680 sicut
760 649 880 679 dictum
907 650 954 679 est

177 712 286 743 supra.

494 787 564 809 DUB.
587 787 633 809 111.

177 860 337 890 Acceperunt
353 860 438 883 autem
447 859 478 883 de
494 859 559 882 illius
573 858 731 889 plenitudine
746 864 799 882 non
813 857 953 881 secundum

276 895 427 925 essentiam,
442 895 486 918 sed
503 894 642 918 secundum
659 893 859 917 similitudinem.

217 971 332 1002 Contra
348 983 354 1002 :
370 970 502 1002 Videtur
525 971 642 1001 falsum
663 970 779 1008 dicere,
799 970 953 1010 quoniam

177 1025 354 1055 secundum
369 1025 431 1055 1100
445 1026 549 1064 posset
573 1024 649 1061 dici,
671 1023 756 1063 quod
779 1023 953 1063 accipimus

177 1078 215 1109 de
229 1077 425 1117 plenitudine
440 1077 552 1116 gratiae
569 1075 653 1107 Petri
672 1076 851 1107 secundum
866 1077 954 1106 simi-

176 1130 363 1167 litudinem;
382 1129 557 1160 habuimus
565 1130 650 1160 enim
665 1130 802 1169 gratiam
818 1129 953 1160 similem

177 1183 216 1213 ei.
234 1183 313 1213 Item
334 1182 409 1212 huic
425 1182 616 1222 expositioni
630 1182 757 1213 videtur
774 1182 879 1212 littera
902 1192 954 1213 se-

179 1245 280 1276 quens
295 1235 519 1273 contradicere,
536 1245 610 1266 cum
625 1235 751 1266 additur
767 1236 776 1252 ²
793 1246 799 1265 :
818 1236 885 1267 Leoe
897 1245 954 1275 per

177 1289 310 1329 Moysen
325 1289 404 1320 data
414 1291 470 1327 est,
487 1290 593 1329 qratia
610 1290 765 1321 emeritas
780 1298 836 1328 pei·
849 1291 954 1321 Jesum

181 1342 340 1373 Christum
357 1343 443 1380 facta
464 1346 509 1374 est
517 1352 529 1381 ;
544 1343 596 1373 sed
614 1342 737 1382 Moyses
759 1342 846 1372 illam
865 1352 953 1373 eam-

178 1394 252 1425 dem
271 1395 377 1434 legem
396 1395 645 1426 communicavit
665 1395 749 1431 aliis,
770 1405 866 1435 quam
888 1406 955 1427 sus-

179 1448 262 1488 cepit
276 1459 283 1479 1
297 1457 375 1488 ergo
386 1448 527 1479 Christus
540 1449 684 1479 eamdem
698 1449 847 1487 gratiam.
863 1449 952 1489 Item,

178 1511 236 1532 nos
250 1502 480 1542 participamus
494 1502 581 1532 carni
596 1504 627 1532 et
641 1502 792 1541 sanguini
815 1504 884 1542 ejus
899 1513 955 1543 per

178 1555 344 1586 veritatem
360 1557 390 1585 et
405 1555 615 1586 substantiam
633 1566 639 1585 :
655 1565 733 1595 ergo
749 1556 818 1595 pari
834 1556 955 1588 ratione

177 1610 207 1639 et
222 1608 352 1648 gratiae3
368 1611 423 1639 aut
437 1609 463 1638 si
478 1617 554 1645 non,
581 1609 739 1648 quaeritur
759 1618 858 1649 quare
877 1619 952 1640 non.

218 1661 309 1701 Resp.
327 1661 501 1691 Dicendum
516 1661 602 1700 quod
617 1670 691 1691 cum
706 1661 821 1692 dicitur
840 1662 955 1702 aliquis

176 1713 318 1753 accipere
333 1714 372 1744 de
388 1713 507 1753 aliquo,
524 1714 567 1745 De
589 1716 691 1753 potest
707 1715 880 1754 importare
895 1716 954 1746 ha-

176 1767 354 1798 bitudinem
368 1767 467 1807 partis
481 1767 521 1797 ad
532 1769 648 1806 totum,
664 1768 745 1798 sicut
755 1777 829 1799 cum
839 1769 954 1809 aliquis

176 1820 291 1851 dicitur
305 1820 446 1860 accipere
460 1820 499 1851 de
513 1820 591 1851 vino
601 1844 609 1858 ,
626 1821 711 1860 quod
733 1823 780 1851 est
796 1821 830 1852 in
850 1822 950 1861 dolio;

175 1873 227 1904 vel
242 1875 344 1913 potest
355 1873 529 1912 importare
540 1873 764 1904 habitudinem
774 1875 953 1915 principiati

175 1926 214 1956 ad
229 1925 435 1965 principium,
451 1925 532 1956 sicut
548 1925 573 1955 si
589 1926 704 1965 aliquis
718 1927 868 1958 accendat
882 1938 954 1959 can-

175 1979 279 2009 delam
308 1979 348 2010 ad
375 1979 485 2018 ignem
507 1978 637 2009 alterius
663 1979 813 2018 candelae,
839 1981 954 2013 dicitur

175 2031 330 2071 accepisse
357 2031 395 2062 de
423 2031 546 2062 lumine
579 2031 709 2062 alterius
738 2033 887 2066 candelae.
916 2035 952 2066 In

175 2087 311 2125 utraque
326 2087 434 2116 autem
449 2085 566 2115 harum
589 2087 866 2125 comparationum
884 2088 953 2120 haec

173 2138 371 2178 praepositio,
389 2138 446 2176 De,
463 2138 615 2178 importat
637 2139 776 2178 aliquam
798 2141 952 2172 unitatem

174 2194 204 2221 et
220 2191 491 2229 convenientiam·,
509 2191 562 2222 sed
584 2191 617 2222 in
635 2192 740 2231 prima
766 2195 856 2225 notat
876 2204 952 2226 con-

174 2246 370 2276 venientiam
392 2246 427 2276 in
447 2245 624 2276 substantia
639 2248 670 2277 et
689 2249 820 2286 natura,
845 2249 879 2279 in
902 2258 951 2280 se-

175 2299 279 2330 cunda
297 2308 374 2330 vero
394 2301 483 2330 notat
502 2299 759 2331 convenientiam
777 2302 810 2331 in
827 2303 951 2334 confor-

177 2352 284 2383 mitate
305 2353 457 2393 quadam,
484 2362 557 2393 quae
579 2353 753 2385 attenditur
773 2357 951 2387 secundum

177 2404 294 2444 aliquid
329 2415 510 2437 commune.
551 2406 709 2444 Quoniam
739 2417 817 2448 ergo
848 2410 952 2448 gratia

178 2456 295 2488 Christi
306 2467 372 2489 non
383 2459 444 2490 fuit
453 2460 612 2491 transfusa
625 2460 659 2490 in
673 2470 732 2492 nos
746 2471 803 2501 per
819 2462 950 2494 decisio-

177 2517 253 2540 nem
267 2511 364 2550 partis
375 2521 394 2542 a
407 2515 505 2552 parte,
522 2513 577 2545 sed
592 2514 765 2546 efficaciam
789 2516 902 2548 habuit
917 2519 952 2548 ut

211 2590 220 2607 ¹
233 2590 316 2619 Ioum,
331 2596 348 2620 1,
365 2592 403 2615 17.
415 2604 446 2610 --
458 2592 469 2609 ²
483 2593 552 2623 Luc„
572 2599 614 2625 iv,
629 2595 668 2619 21.
682 2607 709 2612 —-
721 2594 806 2626 ³Luc„
821 2602 860 2627 111,
874 2598 951 2622 23.-

178 2624 188 2640 .
197 2625 254 2650 Ibid
263 2627 302 2650 2¹.

1724 156 1781 184 277

1011 220 1091 250 Deus
1104 220 1195 250 nobis
1208 220 1405 251 consimilem
1421 221 1558 259 gratiam
1569 221 1655 251 daret
1669 222 1782 252 merito

1008 276 1122 315 gratiae
1138 276 1267 313 Christi;
1284 276 1357 306 hinc
1373 279 1418 306 est
1438 276 1522 315 quod
1545 276 1695 315 Magister
1709 277 1783 308 dicit

1009 338 1066 359 nos
1085 329 1240 368 accepisse
1261 328 1298 359 de
1318 328 1432 359 Christi
1453 328 1571 367 gratia,
1591 338 1656 359 non
1677 339 1782 369 quan-

1008 384 1077 412 tum
1094 382 1131 412 ad
1148 382 1329 418 essentiam,
1346 382 1398 412 sed
1412 384 1568 421 quantum
1584 382 1621 412 ad
1640 383 1784 413 similitu-

1009 435 1090 465 dinis
1105 435 1374 472 convenientiam
1392 435 1502 465 nolens
1519 444 1573 474 per
1591 436 1652 466 1100
1673 436 1784 466 exclu-

1009 488 1082 518 dere
1111 487 1354 517 redundantiam
1386 490 1416 518 et
1444 488 1642 519 influentiam
1670 489 1783 528 gratiae

1009 540 1136 580 capitis;
1167 541 1220 571 sed
1249 541 1357 571 volens
1387 542 1512 572 auferre
1538 542 1728 573 divisionem
1754 544 1784 572 et

1009 594 1305 624 transmutationem
1320 595 1434 633 gratiae
1452 595 1492 624 ab
1507 604 1573 625 uno
1594 596 1735 635 subjecto
1751 596 1785 626 in

1009 648 1106 685 aliud,
1137 657 1177 678 ne
1201 648 1278 678 falso
1311 648 1509 686 intelligatur
1543 648 1622 678 illud
1650 649 1784 679 verbum

1009 701 1245 740 evangelicum.
1261 700 1324 731 Nec
1337 703 1383 731 est
1398 701 1500 731 simile
1515 701 1552 732 de
1567 701 1649 740 lege,
1668 704 1698 732 et
1715 711 1785 733 eor-

1009 764 1085 795 pore
1100 754 1225 792 Christi,
1243 756 1389 794 respectu
1402 754 1530 793 gratiae3
1549 755 1625 794 quia
1639 757 1706 785 tam
1720 755 1783 792 lex,

1009 817 1108 848 quam
1137 808 1252 839 Christi
1275 816 1391 847 corpus
1420 810 1521 847 potest
1556 809 1719 839 transferri
1748 809 1785 840 de

1010 870 1110 891 manu
1127 861 1159 891 in
1176 870 1321 898 manum,
1337 870 1402 891 non
1416 861 1461 891 510
1475 861 1579 900 gratia
1590 862 1628 892 de
1643 863 1784 902 subJecto

1009 915 1042 945 in
1058 915 1248 954 subiectum.
1266 914 1314 945 Ex
1329 915 1390 945 hoc
1405 916 1489 954 patet
1503 917 1615 946 totum.

1327 1033 1395 1055 DUB.
1420 1034 1465 1055 lv.

1039 1110 1104 1132 sane
1121 1107 1170 1131 dici
1184 1109 1268 1137 potest
1282 1107 1366 1138 ipsum
1384 1107 1525 1131 secundum
1540 1107 1673 1131 hominem
1683 1125 1691 1138 ‚
1707 1109 1755 1132 etc.

1051 1182 1214 1221 objicitur,
1233 1183 1308 1222 quia
1320 1191 1415 1222 super
1429 1183 1531 1213 illud²
1558 1194 1564 1213 :
1594 1183 1697 1215 Hodie
1724 1185 1787 1215 im·-

1008 1236 1093 1275 pleta
1105 1239 1150 1267 est
1163 1237 1336 1275 scriptura,
1359 1236 1431 1266 dicit
1449 1235 1556 1266 Glossa
1571 1247 1577 1266 :
1600 1248 1614 1265 «
1630 1236 1700 1267 Prae
1716 1246 1787 1268 om-

1010 1289 1106 1320 nibus
1121 1290 1236 1320 sanctis
1251 1291 1366 1320 unctus
1385 1292 1430 1320 est
1450 1290 1598 1320 unctione
1617 1291 1784 1329 spirituali,

1011 1343 1139 1382 quando
1150 1343 1310 1373 descendit
1322 1352 1417 1382 super
1427 1352 1501 1373 eum
1514 1342 1650 1382 Spiritus
1660 1346 1787 1374 sanctus

1011 1397 1043 1426 in
1059 1396 1160 1436 specie
1182 1396 1339 1427 columbae
1369 1405 1377 1426 ε
1405 1396 1458 1426 sed
1486 1396 1547 1426 hoc
1578 1396 1636 1427 fuit
1658 1398 1786 1436 quando

1006 1450 1075 1489 jam
1088 1452 1155 1480 erat
1169 1450 1302 1488 triginta
1317 1450 1410 1479 annis
1425 1452 1435 1468 ³
1453 1459 1460 1480 ε
1475 1458 1553 1488 ergo
1569 1459 1635 1480 non
1656 1451 1695 1480 ab
1719 1450 1786 1490 ipsa

1011 1503 1224 1543 conceptione.
1241 1514 1254 1531 n
1277 1503 1371 1539 Item,
1399 1503 1423 1532 si
1439 1503 1478 1533 ab
1494 1503 1561 1543 ipsa
1583 1504 1786 1543 conceptione

1010 1557 1123 1587 habuit
1138 1557 1378 1596 plenitudinem,
1397 1557 1514 1587 frustra
1528 1566 1606 1596 ergo
1625 1557 1786 1589 descendit

1010 1620 1106 1651 super
1121 1620 1196 1642 eum
1212 1610 1348 1650 Spiritus
1363 1612 1501 1647 sanctuS,
1517 1610 1595 1640 dum
1610 1611 1786 1650 baptizare-

1012 1667 1063 1695 tur
1079 1665 1117 1703 (a)
1134 1664 1153 1694 a
1166 1664 1298 1701 Joanne,
1315 1664 1396 1693 sicut
1410 1663 1526 1693 dicitur
1540 1663 1562 1694 ⁶.

1052 1717 1143 1756 Resp.
1174 1717 1347 1747 Dicendum
1378 1716 1463 1756 quod
1487 1719 1532 1746 est
1552 1716 1640 1756 loqui
1667 1717 1705 1747 de
1727 1717 1788 1756 ple-

1011 1771 1155 1801 nitudine
1187 1770 1363 1800 secundum
1407 1769 1643 1807 excellentiam,
1678 1771 1708 1800 et
1735 1779 1783 1801 se-

1011 1824 1155 1855 cundum
1194 1823 1430 1863 apparentiam,
1464 1824 1495 1853 et
1525 1823 1704 1853 secundum
1734 1832 1786 1854 re-

1011 1877 1230 1908 dundantiam.
1263 1876 1336 1907 Dico
1367 1885 1444 1915 ergo
1479 1876 1565 1915 quod
1594 1876 1628 1906 in
1664 1876 1786 1907 Christo

1011 1931 1050 1961 ab
1072 1930 1202 1960 instanti
1223 1929 1436 1969 conceptionis
1461 1929 1521 1959 fuit
1547 1929 1708 1969 plenitudo
1736 1939 1786 1960 50-

1011 1984 1153 2016 cundum
1175 1983 1410 2020 excellentiam,
1428 1982 1506 2022 quia
1525 1991 1655 2013 omnem
1672 1983 1785 2014 habuit

1009 2038 1121 2077 gratiae
1138 2037 1374 2077 perfectionem.
1392 2035 1575 2066 Secundum
1597 2038 1704 2066 autem
1726 2045 1783 2076 ap-

1009 2090 1187 2130 parentiam
1209 2090 1269 2120 fuit
1292 2090 1326 2120 in
1349 2089 1501 2119 descensu
1527 2089 1696 2125 columbae,
1726 2089 1783 2120 ubi

1008 2144 1226 2174 testimonium
1240 2143 1355 2173 habuit
1370 2143 1408 2172 de
1423 2142 1589 2182 supernis,
1611 2142 1696 2182 quod
1717 2142 1782 2182 ipse

1008 2199 1089 2228 esset
1099 2197 1287 2236 unigenitus
1300 2195 1399 2226 Filius
1413 2195 1466 2225 Dei
1479 2204 1487 2225 z
1501 2197 1531 2225 et
1544 2197 1620 2226 tunc
1633 2195 1783 2235 apparuit

1008 2251 1093 2290 quod
1109 2250 1197 2281 omni
1212 2249 1316 2289 gratia
1332 2249 1445 2288 plenus
1457 2248 1529 2286 fuit,
1551 2257 1625 2279 cum
1647 2247 1783 2288 Spiritus

1007 2307 1135 2336 sanctus
1160 2305 1194 2334 111
1217 2303 1373 2335 columbae
1399 2303 1501 2343 specie
1524 2312 1621 2343 super
1634 2311 1709 2333 eum
1729 2311 1783 2333 re-

1008 2358 1139 2399 quievit.
1165 2357 1255 2388 Unde
1276 2357 1309 2387 in
1326 2356 1523 2396 temporibus
1547 2355 1708 2386 retroactis
1727 2364 1783 2394 per

1008 2421 1104 2452 opera
1131 2410 1289 2442 exteriora
1316 2409 1488 2449 apparebat
1523 2409 1696 2448 proficere;
1728 2408 1783 2439 sed

1008 2468 1085 2496 tunc
1101 2464 1248 2504 apparuit
1266 2463 1354 2494 omni
1366 2463 1451 2493 bono
1466 2462 1605 2502 repletus
1626 2461 1781 2496 055080-

1009 2519 1151 2550 cundum
1166 2517 1410 2548 redundantiam
1424 2516 1483 2547 fuit
1497 2524 1537 2546 ex
1557 2517 1634 2545 tunc
1647 2516 1678 2546 et
1692 2514 1781 2546 dein-

1008 2578 1091 2610 ceps,
1105 2569 1182 2610 quia
1201 2577 1240 2599 ex
1261 2570 1339 2598 tunc
1360 2567 1483 2607 aliquos
1506 2565 1729 2604 sanctificavit,
1751 2567 1783 2597 et

1040 2632 1075 2663 (a)
1090 2631 1152 2656 Caet.
1167 2630 1227 2656 edit.
1241 2629 1390 2662 baptizatur.
