2017 2960
18 1641 110 1662 Divi-to.

812 155 1001 189 mS'riNc'r.
1028 155 1076 187 tv.

328 277 532 311 EXPOSlTlO
552 277 718 310 TEXTUS.

290 366 353 390 Cum
369 371 430 389 vero
445 363 587 388 incarnatio
602 363 692 394 Verbi,
705 365 754 388 etc.

174 443 280 484 Supra
298 441 522 474 determinavit
544 440 693 480 Magister
712 440 750 470 de
771 440 911 470 sanctiti-

134 497 255 529 catione
279 495 440 536 Virginis,
464 504 537 535 qnze
563 494 621 525 suit
649 493 847 534 pra‘ambula
871 493 910 524 ad

133 550 372 591 conceptionem
388 549 515 580 Christi.
535 547 569 578 ln
586 547 644 578 hac
660 549 747 587 parte
765 547 912 577 determi-

133 606 188 636 nat
204 604 242 635 de
259 604 327 645 ipsa
342 603 545 643 conceptione
562 601 696 632 Domini.
710 600 746 631 Et
758 601 911 641 quoniam

134 658 297 698 conceptio
320 656 434 688 Christi
461 655 556 686 habet
578 655 849 694 comparationem
873 655 910 685 ad

135 711 291 752 Spiritum
305 712 452 741 sanetum
468 708 702 739 soerundanhw
715 732 722 746 ,
740 710 771 738 ct
784 708 822 738 ad
838 707 911 739 Vir-

134 765 244 805 ginem
258 763 502 804 concipientem,
516 762 584 793 ideo
597 771 668 802 pars
685 762 743 792 ista
758 762 913 793 dividitur

134 819 166 850 in
182 819 262 850 duas
276 820 391 858 partes,
404 817 436 848 in
451 825 591 857 quarum
606 816 710 856 prima
725 816 914 847 determinat

134 872 172 904 de
197 871 403 912 conceptione
425 870 538 901 Christi
561 870 594 900 in
616 870 853 910 comparatione
874 870 912 901 ad

135 925 290 968 Spiritum
314 927 477 962 sanctum3
505 924 537 955 in
561 924 700 955 secunda
723 924 913 955 determinat

134 979 173 1011 de
195 989 233 1011 ea
256 979 289 1010 in
313 979 548 1019 comparatione
570 978 608 1009 ad
632 977 800 1018 Virginem
815 1002 822 1015 ‚
844 978 911 1009 ibi:

135 1033 197 1066 Sed
212 1033 316 1074 qiam·
328 1035 451 1072 potest,
469 1039 540 1064 cum
556 1039 612 1063 nos
628 1031 828 1063 salvatorem
851 1041 915 1063 ua-

136 1090 202 1120 tum
223 1086 443 1126 profiteamur.
460 1084 568 1116 Prima
591 1094 664 1125 pars
679 1085 709 1115 in
734 1087 838 1125 partes
853 1088 916 1116 tres

135 1139 304 1177 dividitur,
321 1138 355 1169 in
371 1147 509 1178 quarum
526 1137 630 1178 prima
646 1138 734 1178 ponit
750 1138 800 1169 vel
815 1147 916 1178 expo-

135 1193 184 1224 nit
198 1192 377 1230 veritatem‚
392 1191 561 1231 assignans
573 1200 671 1231 quare
688 1191 916 1223 incarnationis

135 1246 327 1288 mysterium
359 1245 399 1277 sit
431 1245 563 1286 Spiritui
595 1247 704 1276 sancto
737 1246 916 1278 attribuen-

135 1300 235 1338 dum;
254 1299 287 1330 in
303 1299 440 1331 secunda
465 1308 541 1330 vero
561 1301 669 1330 movet
683 1300 916 1332 dubitationem

136 1363 177 1386 ex
201 1353 263 1390 his,
279 1362 352 1394 quae
376 1352 458 1384 dicta
479 1354 566 1390 sunt,
592 1352 763 1384 habentem
786 1356 914 1393 ortum,

137 1408 180 1439 ibi
198 1417 206 1439 :
224 1407 286 1439 Sed
307 1415 372 1440 non
393 1410 439 1439 est
461 1407 590 1440 diutins
612 1407 862 1440 immorandum.
881 1408 916 1440 lu

138 1461 232 1493 tertia
252 1470 329 1492 vero
349 1461 519 1502 subjungit
542 1462 698 1501 majorem
719 1462 918 1502 explanatio-

137 1524 214 1546 nem
226 1514 465 1555 praedictorum,
478 1514 521 1544 ibi
534 1523 542 1545 ε
556 1514 698 1553 Profecto
715 1515 827 1547 modus
842 1517 915 1555 iste,

139 1576 200 1608 quo
214 1571 311 1600 natus
327 1571 371 1600 est
388 1567 536 1599 christus
551 1567 590 1599 de
604 1568 724 1606 Μανία,
737 1571 795 1599 etc.
813 1568 918 1600 Prima

141 1631 213 1662 pars
230 1621 324 1652 habet
337 1621 417 1653 duas
434 1631 442 1652 ι
456 1621 488 1652 in
509 1621 613 1662 prima
635 1622 786 1662 exprimit
801 1623 918 1654 verita-

140 1677 222 1714 tem;
240 1675 273 1706 in
288 1675 427 1706 secunda
441 1675 610 1706 confirmat
624 1685 694 1706 eam
710 1685 766 1716 per
779 1677 919 1707 auctori-

140 1731 249 1766 tatem,
267 1729 311 1760 ibi
328 1739 335 1760 :
358 1728 443 1761 Unde
455 1729 658 1769 Anquslinus
673 1737 767 1770 super
780 1730 835 1763 hoc
854 1739 919 1763 mo-

139 1791 217 1816 vens
230 1785 452 1824 quoestz'onem.
467 1783 619 1815 Similiter
633 1784 771 1815 secunda
785 1794 868 1825 pars,
885 1785 919 1816 in

139 1847 204 1878 qua
218 1840 326 1869 movet
339 1838 580 1876 dubitationem,
597 1838 752 1870 dividitur
768 1839 801 1870 in
815 1839 894 1870 duas
911 1851 917 1870 :

140 1891 173 1922 in
200 1891 305 1932 prima
329 1894 418 1932 parte
444 1892 533 1932 ponit
556 1892 789 1932 quaestionem;
815 1893 848 1923 in
870 1902 921 1924 se-

142 1944 248 1975 cunda
270 1945 479 1984 solutionem,
496 1945 539 1976 ibi
557 1957 563 1976 :
581 1945 652 1978 Non
667 1949 711 1978 est
726 1949 832 1979 autem
846 1954 920 1979 con-

141 1997 318 2030 cedendum
346 1998 452 2031 eodem
477 1999 580 2031 modo.
610 1999 714 2030 Tertia
745 2009 817 2040 pars
829 2024 836 2037 ,
867 2001 920 2031 uhi

142 2052 232 2092 ponit
253 2052 527 2093 explanationem,
545 2053 698 2084 dividitur
720 2053 753 2083 in
777 2053 871 2090 duas,
888 2054 921 2085 in

142 2115 282 2147 quarum
298 2106 402 2147 prima
417 2107 505 2147 ponit
527 2116 630 2138 unum
645 2107 838 2148 explanandi
854 2117 923 2139 mo-

143 2161 221 2193 dum
249 2162 426 2193 secundum
456 2163 700 2203 Augustinum;
726 2164 759 2194 in
785 2164 924 2195 secunda

143 2215 262 2252 alium,
278 2215 323 2246 ibi
343 2226 349 2247 :
368 2216 471 2248 Potest
492 2217 593 2249 etiam
613 2216 682 2250 dici
701 2217 848 2250 Christus
872 2226 922 2250 se-

143 2269 285 2301 cundum
295 2269 466 2309 hominem,
481 2273 538 2301 etc.

479 2389 547 2412 DUB.
569 2389 591 2411 1.

211 2465 262 2491 Sed
276 2465 361 2497 potins
374 2472 426 2490 uno
437 2465 572 2490 nominato
581 2483 589 2496 ‚
602 2467 654 2490 tres
669 2465 851 2497 intelliguntur.

187 2541 353 2582 Objicitur.
371 2541 541 2574 Nominata
560 2543 706 2582 essentia,
724 2552 791 2574 non
805 2543 844 2575 de
864 2552 920 2575 ne-

146 2595 290 2627 cessitate
311 2595 502 2636 intetligitur
526 2605 663 2637 persona
684 2607 691 2627 :
714 2605 794 2636 ergo
815 2597 919 2629 nomi-

181 2659 188 2675 ¹
205 2660 279 2689 Aug„
296 2657 436 2689 Ericinium,
452 2666 476 2683 c.
489 2664 585 2684 xxxix.
599 2665 625 2683 u.
643 2660 678 2683 12.

1705 156 1738 185 91

966 226 1042 255 nata
1055 232 1119 254 una
1138 231 1291 264 persona,
1309 222 1410 253 multo
1425 222 1534 252 minus
1554 221 1745 259 intelligitur

966 277 1038 308 alia.
1057 276 1150 315 ltem,
1168 276 1193 307 si
1212 275 1376 306 nominata
1392 284 1457 305 una
1474 283 1608 315 persona
1629 273 1746 304 intelli-

967 332 1055 371 gitur
1071 331 1145 368 alia,
1161 340 1240 369 ergo
1260 330 1342 360 dit-to
1366 329 1450 369 quod
1479 328 1568 359 l‘ater
1593 328 1745 367 generet,

967 385 1092 415 videtur
1108 384 1192 425 qnod
1213 384 1311 414 Filius
1325 385 1468 422 generet.

1008 438 1098 478 lto-sp.
1121 437 1292 468 Diu-endum
1307 437 1391 477 quod
1414 436 1505 467 Pater
1525 437 1627 477 potest
1641 435 1748 465 nomi-

967 492 1036 522 nari
1057 493 1200 531 respectu
1215 494 1304 521 artus
1318 489 1532 521 substantialis
1545 514 1552 528 ,
1573 489 1619 520 vel
1637 498 1747 529 perso-

967 545 1059 575 nalis.
1079 545 1111 575 Si
1126 548 1269 585 respectu
1286 545 1462 575 essentialis
1476 546 1576 580 actus,
1595 543 1670 584 quia
1684 552 1749 574 una

967 598 1102 629 essentia
1118 601 1163 628 est
1179 599 1210 628 in
1225 598 1344 634 tribus,
1363 600 1393 628 et
1415 598 1568 637 quidquid
1585 597 1749 627 essentiale

968 652 1115 683 convenit
1137 652 1206 689 nni,
1232 651 1381 682 convenit
1405 654 1436 682 et
1457 651 1566 688 alteri;
1590 660 1653 681 una
1678 660 1750 691 per-

968 716 1046 737 sona
1060 706 1223 736 nominata
1236 730 1243 743 ,
1260 705 1446 736 nominatur
1461 707 1491 735 ct
1514 704 1611 734 altera
1627 712 1682 744 per
1698 713 1751 734 ne-

969 761 1146 792 cessitatem
1163 759 1409 799 consequentiae,
1425 758 1566 789 maxime
1577 767 1650 789 cum
1663 759 1752 788 actus

969 815 1020 845 illc
1034 816 1080 845 est
1095 816 1240 855 respectu
1254 814 1386 844 effectus
1403 813 1515 850 creati,
1534 813 1565 843 in
1585 821 1650 853 quo
1666 811 1752 843 relu-

970 871 1041 900 cent
1057 869 1260 909 appropriata
1276 868 1378 898 tribus
1394 867 1547 907 personis.
1560 865 1597 897 Et
1613 866 1656 897 sic
1669 867 1753 906 patet

970 923 1140 963 responsio.
1154 922 1192 953 ad
1214 924 1386 962 utramque
1404 921 1615 961 objectionem
1634 930 1640 951 ε
1663 922 1752 950 utra-

970 987 1033 1017 que
1057 977 1144 1007 enim
1169 976 1267 1007 currit
1290 975 1466 1006 secundum
1493 973 1750 1015 praedicationem

970 1031 1112 1071 aliquam
1124 1055 1131 1068 ,
1148 1030 1233 1070 quod
1250 1030 1292 1060 ita
1306 1029 1465 1069 contingit
1485 1029 1561 1065 uni,
1580 1027 1666 1068 quod
1689 1027 1751 1058 alio

973 1084 1066 1116 modo
1083 1086 1129 1115 est
1144 1088 1295 1115 extranea
1310 1083 1411 1114 alteri.

1298 1211 1366 1234 DUB.
1388 1211 1420 1232 Π.

971 1292 1020 1321 Qui
1035 1294 1176 1317 nascuntur
1190 1299 1221 1317 ex
1237 1299 1302 1324 aqua
1317 1293 1342 1317 et
1360 1292 1454 1323 Spiritu
1470 1294 1558 1317 saneto
1570 1310 1577 1323 ‚
1606 1299 1657 1316 non
1678 1298 1751 1323 aquae

1027 1332 1103 1362 filios,
1119 1335 1178 1362 etc,
1194 1333 1239 1357 sed
1255 1333 1300 1358 Dei
1317 1333 1407 1364 Putris,
1424 1335 1450 1358 et
1463 1332 1551 1357 matris
1568 1332 1695 1357 Ecclesiae.

1013 1408 1127 1438 Contra
1144 1419 1150 1438 :
1170 1408 1201 1439 Si
1225 1417 1290 1439 non
1305 1408 1420 1439 dicitur
1440 1409 1542 1439 mater
1558 1407 1619 1439 nisi
1637 1416 1752 1439 secun-

973 1461 1050 1493 dum
1073 1462 1214 1502 aliquam
1242 1462 1497 1501 translationem,
1523 1464 1553 1492 et
1578 1460 1752 1492 similitudo

974 1515 1160 1546 translativa
1176 1518 1277 1556 potest
1301 1516 1432 1556 reperiri
1455 1517 1489 1546 in
1511 1525 1610 1556 aqua,
1626 1515 1709 1546 sicut
1723 1517 1753 1545 et

975 1568 1007 1599 in
1031 1568 1177 1607 Ecclesia,
1205 1570 1332 1600 videtur
1355 1570 1441 1610 quod
1467 1569 1588 1610 possint
1609 1569 1669 1599 dici
1696 1569 1753 1599 filii

974 1632 1078 1663 aquze,
1094 1623 1174 1654 sicut
1190 1623 1246 1654 filii
1267 1623 1422 1654 Ecclesiae.
1439 1622 1537 1654 Juxta
1559 1623 1618 1654 hoe
1632 1622 1752 1663 quaeri-

975 1679 1042 1715 tur,
1058 1686 1132 1707 cum
1148 1677 1326 1708 lumbricus
1344 1677 1528 1708 naturaliter
1544 1679 1691 1708 nascatur
1712 1686 1753 1708 ex

975 1730 1116 1768 homine,
1133 1740 1232 1770 quare
1249 1740 1311 1761 non
1327 1731 1442 1761 dicitur
1459 1731 1544 1761 filius
1557 1732 1639 1771 ejus.

1017 1784 1108 1824 Resp.
1126 1785 1300 1816 Dicendum
1315 1785 1400 1825 quod
1418 1786 1523 1817 Filius
1538 1787 1567 1816 et
1580 1784 1676 1817 Pater
1691 1793 1755 1815 non

976 1837 1081 1868 solum
1097 1838 1248 1869 dicuntur
1266 1839 1306 1869 ab
1322 1839 1458 1878 originis
1479 1838 1686 1876 habitudine,
1702 1838 1756 1869 sed

976 1891 1091 1923 debent
1134 1892 1252 1923 habere
1284 1902 1468 1933 expressam
1501 1892 1754 1923 similitudinem.

978 1945 1138 1982 Quoniam
1159 1955 1238 1985 ergo
1261 1956 1346 1987 aqua
1367 1956 1431 1978 non
1456 1947 1551 1977 habet
1573 1955 1756 1986 expressam

978 1999 1221 2031 similitudinem
1242 2000 1281 2031 ad
1306 2010 1380 2031 cum
1403 2000 1459 2040 qui
1484 2000 1678 2037 renascitur,
1704 1999 1757 2030 sed

979 2054 1084 2093 potius
1109 2053 1148 2084 ad
1172 2054 1331 2093 gratiam,
1356 2063 1410 2094 per
1433 2063 1531 2094 quam
1558 2053 1752 2091 renascitur-3

980 2107 1115 2138 Ecclesia
1135 2110 1244 2139 autem
1264 2117 1448 2148 expressam
1464 2107 1559 2138 habet
1573 2106 1757 2138 similitudi—

979 2169 1054 2192 nem
1069 2161 1107 2192 ad
1123 2170 1198 2192 eum
1213 2162 1268 2201 qui
1290 2161 1322 2191 in
1345 2170 1382 2191 ea
1401 2161 1541 2192 nascitur
1555 2185 1562 2197 ,
1580 2160 1655 2200 quia
1678 2159 1759 2191 nihil

979 2215 1065 2247 aliud
1087 2219 1134 2247 est
1155 2225 1253 2256 quam
1273 2215 1481 2255 congregatio
1504 2215 1646 2246 fidelium
1664 2225 1670 2245 :
1688 2214 1758 2245 ideo

979 2269 1080 2301 renati
1096 2279 1136 2300 ex
1155 2279 1240 2310 aqua
1260 2270 1412 2301 dicuntur
1428 2269 1484 2300 filii
1510 2269 1668 2307 Ecclesiae,
1692 2277 1757 2299 non

979 2323 1038 2353 filii
1049 2332 1153 2363 aquae.
1170 2323 1229 2355 Per
1243 2324 1326 2355 hanc
1340 2323 1486 2355 eamdem
1501 2323 1658 2354 rationem
1674 2321 1757 2353 lum-

979 2376 1088 2407 bricus
1106 2386 1172 2408 non
1186 2377 1279 2408 debet
1293 2377 1352 2408 dici
1368 2377 1454 2408 filius
1467 2377 1623 2415 hominis,
1639 2384 1758 2416 quam-

980 2431 1030 2463 vis
1043 2440 1083 2462 ex
1096 2431 1163 2472 ipso
1178 2433 1344 2470 nascatur,
1363 2441 1418 2472 per
1434 2432 1494 2462 hoc
1507 2431 1592 2471 quod
1610 2439 1675 2460 non
1698 2429 1758 2460 ha-

980 2486 1032 2517 bet
1055 2486 1094 2517 ad
1119 2495 1195 2518 eum
1217 2486 1470 2517 similitudinem.
1500 2485 1537 2516 Et
1569 2485 1640 2515 ideo
1673 2486 1756 2515 recte

980 2540 1184 2580 Augustinus
1200 2542 1208 2559 ¹
1235 2539 1384 2580 infringit
1415 2539 1492 2571 illud
1524 2540 1754 2578 argumentum

979 2604 1036 2636 per
1058 2594 1111 2626 illa
1131 2594 1302 2635 exempla:
1324 2605 1338 2622 ιι
1357 2593 1423 2625 Hoc
1447 2592 1587 2624 nascitur
1610 2601 1651 2623 ex
1674 2591 1729 2624 ino
1747 2604 1752 2624 :

979 2658 1058 2689 ergo
1073 2650 1120 2680 est
1134 2648 1219 2680 tilius
1233 2649 1314 2688 ejus,
1331 2658 1345 2676 n
1364 2647 1441 2687 quia
1456 2646 1566 2678 ssliatio
1581 2646 1654 2687 plus
1666 2646 1753 2685 dicit,

1796 2562 1879 2583 Fili-tio

1771 2598 1792 2616 et
1803 2596 1879 2616 univi·

1771 2630 1810 2652 ιιι,
1826 2633 1868 2653 quo

1793 2659 1856 2679 modo

1770 2692 1869 2714 dinem(
