2017 2960
575 245 673 277 ntST.
694 245 746 277 tlt.
771 245 888 278 PAR'l'.
912 246 934 277 l.
959 246 1048 279 ΛΒΤ.
1074 249 1096 280 l.
1119 250 1267 288 Qui-:stu
1290 251 1341 283 ΙΙΙ.
1735 262 1771 290 67

159 311 206 342 sia
219 310 357 342 celebrat
373 322 379 342 :
397 312 483 352 quod
500 321 563 343 non
579 313 704 351 faceret,
720 314 781 344 nisi
797 314 935 344 sanctiti-

159 367 227 395 cnta
248 367 339 396 esset.
362 364 394 396 Si
414 369 522 397 autent
543 369 708 408 quaeratur
729 377 794 408 qua
814 368 864 399 ‹lic
887 369 936 399 vel

159 417 237 449 hora
260 419 453 450 sanctificata
475 421 580 459 fucrit,
601 421 660 452 hoc
683 421 868 460 ignoratum
891 426 937 453 ta-

161 480 233 503 men
261 473 466 512 probabiliter
488 475 643 513 creditur,
671 475 754 515 quod
781 476 842 507 cito
870 479 938 516 post

159 524 352 557 infusionem
372 527 489 559 :minue
511 528 606 559 tuerit
625 528 704 559 taeta
722 529 838 559 infusio
861 538 937 567 gra-

158 579 220 610 tiae.
243 579 400 620 Quidquid
424 584 531 612 tunicn
550 582 588 613 dc
608 582 686 613 hora
703 583 754 621 sit,
774 592 831 623 pro
851 585 938 614 certo

158 633 342 665 habendum
359 636 501 676 estquod
516 638 589 666 ante
606 636 805 667 nativitatem
820 638 937 668 sancti-

158 688 250 718 sscata
273 689 378 720 suerit.
401 689 484 720 Licet
508 690 594 720 enim
618 690 679 721 hoc
701 699 849 730 expresse
872 701 935 722 non

158 740 313 772 habeatur
328 743 359 772 in
379 742 555 782 Scriptura,
577 743 687 774 haberi
709 746 816 775 tamen
836 747 936 784 potest

159 803 198 825 cx
214 794 264 825 his
277 804 350 836 quae
366 795 398 826 in
414 796 577 837 Scriptura
595 797 759 837 leguntur.
779 797 810 828 ln
827 798 935 839 Sci-ip-

157 851 229 879 tura
244 858 383 890 uanique
403 859 468 881 non
487 850 616 890 legitur,
636 851 711 891 quia
730 861 803 882 cuin
827 851 935 883 Evan-

156 903 238 942 gelia
251 903 442 935 inchoentur
456 914 474 935 a
489 904 622 942 Joanne,
639 905 693 945 qui
710 906 768 936 fuit
781 915 935 937 consum-

157 958 254 988 matio
270 958 510 998 prophetarum,
530 961 561 990 et
581 959 708 989 initium
729 960 809 999 lcgis
828 970 933 998 novae,

156 1013 186 1042 et
209 1011 299 1042 beata
326 1011 426 1052 Virgo
453 1015 527 1043 nata
552 1016 581 1043 et
607 1017 756 1054 concepta
780 1014 839 1044 suit
862 1017 936 1045 ante

155 1064 328 1102 Joannenr,
345 1065 415 1096 ideo
434 1066 513 1096 nihil
533 1066 653 1106 legitur
671 1067 709 1098 de
728 1068 798 1107 ejus
817 1069 934 1099 nativi—

157 1121 218 1150 tate
233 1119 283 1150 vel
298 1120 546 1151 sanctificatione
564 1121 595 1151 in
615 1120 808 1161 Evangeliis.
829 1122 934 1154 lIabe-

156 1175 320 1204 turtamen
329 1174 361 1204 in
374 1183 469 1213 novo,
479 1175 548 1205 sive
562 1175 593 1205 in
608 1175 707 1205 veteri
720 1175 743 1205 T
745 1178 931 1215 estamento,

155 1226 239 1258 unde
258 1227 464 1258 sanctificatio
483 1229 554 1268 ejus
573 1231 673 1268 potest
692 1229 773 1260 elici.
796 1230 831 1260 ln
848 1240 934 1261 novo

155 1279 290 1311 liabetur
304 1280 342 1311 de
355 1282 603 1313 sanctificatione
618 1282 767 1320 Joannis;
786 1284 816 1314 in
834 1285 932 1315 veteri

153 1333 192 1364 ‹le
204 1334 451 1366 sanctificatione
464 1335 610 1367 Jeremiae
624 1347 630 1367 :
644 1346 783 1376 quorum
798 1341 933 1378 uterque

153 1386 274 1427 legitur
299 1388 331 1419 in
356 1391 448 1419 utero
469 1390 682 1422 sanctificatus
705 1390 812 1422 fuisse.
837 1391 873 1423 Et
893 1401 933 1423 ex

154 1439 225 1478 hoc,
237 1442 357 1481 quasia
368 1442 495 1481 minori,
506 1443 667 1483 colligitur
682 1444 741 1475 hoc
752 1445 853 1476 beatae
866 1445 934 1477 Vir-

153 1494 222 1533 gini
237 1494 333 1526 tuisse
347 1505 545 1536 concessum,
563 1497 652 1538 quia,
669 1498 752 1529 sicut
766 1498 840 1530 dicit
855 1499 933 1531 Ber-

153 1547 288 1586 nardus,
309 1560 324 1578 a
337 1550 422 1590 quod
437 1551 507 1581 aliis
522 1551 642 1591 legitur
659 1552 753 1583 tuisse
769 1553 930 1590 collatum,

153 1610 217 1633 non
227 1605 274 1633 est
284 1603 478 1635 credendum
490 1604 616 1645 Virgini
628 1606 722 1636 tuisse
735 1609 890 1646 negatum
899 1617 925 1644 ,n

153 1656 293 1688 maxime
313 1666 388 1688 cum
406 1659 556 1689 sauctitas
570 1658 712 1698 Virginis
732 1659 862 1691 excedat
878 1658 931 1691 J:-

151 1711 261 1742 remiae
275 1713 305 1742 et
319 1711 450 1742 Joannis
466 1712 636 1752 puritatem
653 1716 681 1744 et
697 1713 928 1753 virginitatem.

153 1763 187 1795 In
206 1763 276 1796 aliis
294 1764 354 1795 tuit
369 1765 556 1805 virginitas3
574 1766 606 1796 in
622 1766 681 1797 hac
699 1776 774 1798 cum
791 1767 930 1807 virgini-

150 1820 212 1849 tate
226 1818 424 1850 foecunditas.
442 1819 479 1850 Et
495 1820 519 1850 si
537 1820 580 1851 illi
596 1820 782 1851 sanctificati
798 1821 930 1852 suerunt

149 1871 182 1902 in
198 1874 298 1911 utero,
313 1873 390 1913 quia
401 1873 440 1904 ad
455 1873 607 1906 Sanctum
620 1877 803 1906 sanctorum
816 1884 930 1906 secun-

147 1924 225 1957 dum
247 1927 484 1966 expressionem
506 1926 692 1967 Prophetae¹
714 1931 926 1968 accesserunt,

146 1982 267 2019 quanto
290 1979 394 2019 magis
415 1979 449 2010 in
474 1982 565 2011 utero
587 1980 640 2011 illa
660 1981 849 2012 sanctificari
870 1982 928 2013 de-

146 2031 225 2070 buit,
241 2041 314 2073 quae
332 2032 431 2064 Deum
448 2033 482 2064 in
502 2036 593 2065 utero
613 2035 770 2074 portavit!
789 2034 928 2066 Joannes

147 2095 287 2127 namque
302 2087 385 2118 inter
399 2089 530 2119 caeteros
543 2089 724 2130 expressius
737 2089 775 2120 de
791 2089 926 2121 Domino

147 2140 360 2180 prophetavit,
374 2141 449 2181 quia
461 2142 494 2172 in
506 2142 617 2173 matris
631 2145 721 2173 utero
735 2143 772 2173 de
786 2143 926 2174 adventu

148 2192 272 2224 Domini
289 2194 474 2232 exultaviv,
489 2197 519 2226 et
533 2195 736 2236 postmodum
751 2206 810 2227 suo
825 2196 926 2236 digito

146 2247 315 2279 ostenditt.
335 2248 489 2280 Jeremias
507 2249 602 2280 etiam
621 2249 710 2290 prius
728 2249 851 2281 Joanne
866 2260 924 2282 cx-

146 2300 286 2341 pressius
310 2302 527 2342 prophetavit,
553 2312 627 2334 cum
649 2303 773 2335 dlxiv:
801 2304 924 2336 Novum

144 2353 244 2393 saciet
267 2354 423 2388 Dominus
444 2364 541 2396 super
561 2360 691 2395 terram,
715 2356 840 2396 mulier,
864 2359 922 2388 etc.

146 2405 182 2438 In
207 2407 268 2439 hoc
290 2417 427 2449 namque
451 2409 537 2450 quod
563 2410 660 2442 dicit:
685 2410 807 2443 Novum
827 2412 923 2450 faciet

147 2459 301 2494 Dominus
315 2470 412 2502 super
426 2467 556 2501 terram,
572 2464 667 2495 datur
685 2464 818 2505 intelligi
838 2465 923 2505 quod

147 2521 211 2544 non
224 2523 263 2545 ex
278 2515 363 2547 virili
379 2517 511 2555 semine,
526 2519 555 2548 et
570 2517 654 2558 quod
671 2517 733 2555 ille,
745 2528 843 2558 quem
859 2520 923 2551 cir-

146 2567 320 2608 cumdabit,
334 2579 401 2601 non
415 2573 483 2601 erat
504 2580 606 2611 purus
623 2571 732 2609 hoino,
749 2572 825 2612 quia
842 2581 920 2603 neu-

146 2622 234 2652 trum
246 2624 326 2654 esset
339 2632 473 2655 novum.
490 2623 528 2656 Et
543 2624 576 2655 in
590 2624 650 2656 hoc
664 2627 768 2656 totum
781 2634 923 2666 compre-

146 2673 267 2712 hendit,
282 2676 369 2716 quod
385 2677 459 2708 dicit
473 2677 588 2710 isaias·
605 2689 612 2710 :
629 2678 712 2712 Ecce
733 2679 831 2720 Virqo
845 2687 921 2711 con-

180 2737 336 2768 ¹Dan.,1x‚
351 2739 429 2762 2⁴.—
442 2740 532 2767 ‘hum
547 2746 564 2770 ι,
579 2742 618 2765 Η.
630 2754 656 2759 —-
670 2741 772 2770 Unum..
788 2747 811 2772 t,
834 2743 872 2766 29.
891 2754 920 2759 —

994 316 1103 356 cipiet.
1124 321 1183 349 etc.
1207 318 1240 349 ln
1261 318 1320 349 hoc
1340 323 1448 352 autem
1472 323 1557 362 quod
1578 323 1747 365 subjungit
1765 340 1770 358 :

996 369 1035 401 Et
1050 371 1264 404 circumdabit
1280 374 1398 412 vl'rimz,
1413 375 1465 405 dat
1481 375 1658 416 intelligere
1672 379 1774 411 Chris-

996 424 1064 453 tum
1076 424 1115 454 ab
1127 425 1253 456 instanti
1266 428 1481 468 conceptionis
1493 430 1586 462 fuisse
1599 434 1772 472 perfectum

995 478 1099 515 gratia
1116 481 1146 509 et
1159 479 1326 518 supientia.
1346 480 1548 522 Prophetavit
1563 485 1774 519 nihilominus

995 530 1074 560 facto
1094 542 1099 561 :
1125 533 1216 571 «lilasi
1240 534 1325 564 enini
1348 536 1457 567 onmia
1479 541 1568 577 gesta
1588 549 1656 578 sua,
1681 541 1774 581 signa

995 582 1112 614 suerint
1130 585 1299 618 [lominicie
1315 590 1478 629 passionis.
1499 591 1536 622 Et
1555 596 1722 634 propterea
1735 596 1773 627 de

994 636 1042 666 his
1058 637 1182 669 duobus
1198 640 1315 680 legitur
1333 643 1519 683 specialiter,
1540 648 1625 686 quod
1644 648 1773 681 suerunt

993 690 1191 722 sanctificati.
1209 692 1242 723 lu'l
1260 704 1315 734 pei·
1330 695 1388 726 hos
1401 696 1482 727 duos
1496 698 1590 730 (latur
1605 702 1771 734 manifeste

994 743 1126 784 intelligi
1143 747 1347 779 sanctificatio
1364 750 1463 782 beatae
1479 751 1630 792 Virginis
1648 756 1679 786 Si
1699 757 1771 796 quis

992 799 1099 828 autem
1123 799 1196 830 velit
1216 800 1334 841 dicere,
1357 804 1442 843 quod
1465 806 1534 836 aliis
1554 807 1677 839 Sanctis
1695 819 1770 840 con-

993 849 1081 879 venit
1093 851 1299 884 sanctificatio
1315 854 1346 885 in
1361 858 1461 895 utero,
1476 860 1511 888 ut
1522 857 1580 889 Job
1592 861 1647 900 qui
1658 861 1769 893 dicitu

994 902 1040 933 Ab
1057 904 1201 942 infautia
1221 909 1321 940 crevit
1344 917 1465 941 mecum
1486 912 1660 951 miseratio,
1683 919 1712 946 et
1732 924 1774 948 ex

994 960 1080 989 utero
1108 967 1233 999 emessa
1256 965 1301 993 est
1327 971 1467 1002 mecmm
1494 968 1525 996 et
1551 967 1632 998 sicut
1660 968 1773 1000 volunt

992 1011 1124 1050 quidam
1148 1014 1251 1046 dicere
1275 1016 1313 1047 (le
1336 1016 1451 1048 Jac0b⁷
1469 1020 1662 1052 :dicendum
1685 1025 1770 1063 quod

992 1063 1051 1095 hoc
1071 1074 1128 1095 nec
1148 1068 1372 1101 certitudinem
1393 1071 1498 1112 habet,
1523 1083 1580 1105 nec
1599 1077 1771 1108 auctorita-

992 1119 1055 1148 tem
1071 1123 1230 1160 apertam,
1255 1123 1315 1153 nisi
1335 1125 1406 1164 quis
1433 1126 1509 1157 velit
1538 1128 1638 1160 facere
1663 1129 1769 1170 Scrip-

992 1173 1074 1203 turae
1100 1173 1296 1207 violentiam.
1325 1177 1363 1208 Et
1390 1179 1461 1210 ideo
1487 1181 1596 1212 eadem
1625 1183 1771 1216 facilitate

990 1227 1217 1266 contemnitur,
1236 1238 1299 1270 qua
1319 1232 1474 1271 probatur
1489 1244 1495 1265 :
1513 1237 1544 1265 et
1562 1245 1621 1266 nec
1635 1236 1704 1268 aliis
1722 1238 1771 1269 vi-

989 1278 1082 1310 detur
1097 1280 1192 1313 fuisse
1209 1283 1269 1314 nisi
1287 1284 1468 1325 virginibus
1480 1287 1551 1320 haec
1563 1290 1667 1329 gratia
1683 1300 1771 1322 sanc-

989 1332 1170 1366 tificationis
1189 1345 1347 1369 concessa.
1369 1339 1613 1374 concedendum
1630 1346 1676 1375 est
1692 1354 1771 1385 ergo

990 1385 1146 1427 Reginam
1168 1390 1335 1431 virginum
1355 1393 1387 1424 in
1406 1396 1496 1426 utero
1516 1396 1611 1428 fuisse
1629 1399 1768 1430 sanctifi-

989 1443 1091 1472 catam
1105 1453 1112 1481 3
1130 1445 1160 1474 et
1176 1445 1313 1477 rationes
1328 1456 1401 1487 quae
1417 1447 1476 1480 hoc
1494 1450 1676 1489 ostendunt,
1693 1462 1768 1484 con-

989 1496 1137 1528 cedendae
1157 1501 1242 1529 sunt.
1299 1492 1304 1498 ’

1030 1553 1043 1580 1
1069 1553 1099 1581 et
1118 1553 1147 1581 2.
1171 1552 1219 1583 Ad
1242 1553 1319 1584 illud
1340 1555 1424 1595 quod
1444 1557 1618 1596 opponitur
1639 1559 1672 1590 in
1693 1569 1769 1592 con-

988 1604 1124 1634 trarium
1145 1604 1183 1635 de
1205 1606 1313 1637 Glossa
1331 1609 1362 1638 et
1381 1608 1575 1649 Augustino,
1597 1612 1768 1645 dicendum

987 1657 1072 1697 quod
1085 1660 1129 1689 est
1143 1658 1263 1699 duplex
1276 1661 1437 1700 nativitas,
1454 1664 1604 1696 nativitas
1616 1665 1650 1696 in
1662 1669 1766 1706 utero,

987 1713 1017 1740 et
1036 1711 1185 1743 nativitas
1201 1721 1241 1743 ex
1258 1716 1360 1746 utero.
1382 1714 1537 1748 Nativitas
1558 1717 1593 1749 in
1615 1722 1705 1750 utero
1721 1723 1767 1752 est

985 1773 1026 1795 ex
1036 1766 1261 1805 conjunctione
1274 1768 1392 1799 animae
1405 1778 1479 1800 cum
1493 1779 1604 1810 carne;
1617 1773 1767 1805 nativitas

985 1826 1026 1848 ex
1041 1820 1132 1850 utero
1147 1822 1192 1850 est
1209 1829 1358 1860 egressus
1371 1822 1470 1863 prolis
1489 1823 1527 1855 de
1546 1827 1667 1857 ventre.
1685 1825 1765 1858 Ver-

985 1870 1062 1902 bum
1076 1880 1155 1912 ergo
1170 1873 1208 1905 de
1223 1874 1332 1906 Glossa
1345 1877 1377 1907 et
1391 1877 1578 1909 auctoritate
1590 1879 1765 1920 Augustini

984 1924 1178 1965 intelligitur
1200 1927 1240 1958 de
1264 1928 1428 1961 nativitate
1452 1930 1486 1961 in
1508 1934 1617 1970 utero,
1640 1942 1706 1965 non
1727 1934 1766 1966 de

983 1980 1149 2013 nativitate
1161 1991 1202 2013 ex
1216 1985 1319 2014 utero.
1335 1983 1369 2015 In
1385 1984 1439 2015 illa
1451 1985 1539 2016 enim
1551 1987 1715 2020 nativitate
1730 1989 1764 2020 in

982 2037 1074 2066 utero
1093 2035 1129 2066 fit
1146 2035 1312 2076 originalis
1331 2039 1515 2077 contractio,
1539 2041 1570 2070 et
1588 2043 1659 2080 post
1675 2041 1763 2073 illam

983 2090 1081 2127 potest
1106 2097 1174 2119 esse
1195 2090 1414 2122 sanctificatio.
1439 2090 1547 2124 Posset
1569 2095 1678 2126 tamen
1701 2095 1762 2127 dici

981 2141 1066 2180 quod
1082 2141 1158 2173 illud
1174 2143 1310 2174 verbum
1325 2144 1501 2185 Augustini
1517 2146 1709 2188 intelligitur
1724 2149 1762 2180 de

981 2195 1087 2234 gratia
1109 2199 1321 2236 regenerante
1344 2199 1522 2230 secundum
1543 2199 1650 2240 legem
1674 2210 1762 2233 com-

981 2257 1123 2280 munem.
1140 2248 1178 2280 Et
1192 2249 1252 2281 hoc
1265 2250 1381 2282 melius
1393 2253 1478 2292 patet
1493 2252 1524 2283 in
1540 2252 1621 2284 libro
1634 2257 1759 2294 quarto.

1021 2304 1050 2333 3.
1066 2302 1113 2333 Ad
1129 2302 1207 2334 illud
1222 2303 1308 2344 quod
1325 2305 1509 2344 opponitur,
1524 2306 1609 2346 quod
1625 2316 1690 2338 non
1707 2317 1762 2348 pe-

980 2355 1110 2387 rimitur
1131 2357 1317 2398 proprietas,
1341 2359 1495 2399 quamdiu
1518 2361 1690 2400 conjuncta
1715 2364 1761 2393 est

979 2417 1053 2440 cum
1068 2418 1126 2440 sua
1141 2410 1281 2451 origine;
1297 2411 1468 2443 dicendum
1482 2413 1568 2453 quod
1583 2423 1699 2445 verum
1714 2418 1760 2446 est

979 2461 1017 2492 de
1040 2462 1093 2493 illa
1119 2464 1326 2504 proprietate,
1356 2475 1430 2506 quae
1456 2466 1552 2498 habet
1576 2469 1758 2500 conservari

979 2525 1053 2547 cum
1069 2518 1219 2550 continua
1234 2519 1402 2552 influentia
1415 2531 1490 2552 cum
1505 2531 1564 2553 sua
1579 2531 1675 2554 causa
1689 2535 1696 2555 :
1713 2526 1758 2555 ta-

977 2569 1016 2600 lis
1035 2573 1142 2602 autem
1165 2581 1230 2604 non
1252 2576 1355 2614 potest
1375 2584 1442 2606 esse
1461 2575 1494 2606 in
1516 2576 1678 2616 proposito
1695 2587 1703 2608 ε
1726 2580 1758 2609 et

978 2623 1049 2656 ideo
1062 2634 1126 2656 nou
1140 2626 1236 2658 habet
1249 2627 1302 2658 hie
1313 2627 1431 2659 locum.

977 2705 987 2720 ⁸
998 2705 1100 2736 let-em„
1115 2712 1188 2738 xxxi,
1200 2708 1272 2732 26.—-
1284 2709 1294 2725 ⁸
1306 2708 1377 2739 lsai„
1392 2714 1438 2738 vu.
1453 2709 1612 2740 tt.—⁸Job,
1626 2716 1700 2740 xxxi,
1716 2713 1754 2738 ¹8.

980 2754 1005 2758 -
1017 2741 1027 2758 ⁷
1045 2742 1117 2772 Gen„
1130 2748 1190 2766 xxv.
