2017 2960
635 161 822 194 DISTINCT.
847 161 926 193 XVI.
950 162 1041 194 ART.
1069 163 1109 194 ΙΙ.
1133 162 1284 201 QUAEST.
1311 163 1349 194 ll.

181 229 267 260 enim
287 229 322 259 in
343 228 448 260 verbis
469 229 641 269 praemissis
667 229 833 261 excludere
855 229 958 260 voluit

181 292 322 314 errorem
338 282 417 320 Arii,
436 282 491 322 qui
514 283 638 314 dicebat
659 284 820 314 Christum
842 292 958 314 secun-

180 336 259 367 dum
279 345 312 366 se
334 338 436 366 totum
461 345 590 375 passum
613 337 723 368 fuisse.
737 336 842 367 Tertio
864 337 958 367 modo

179 389 400 428 respondetur,
418 389 504 429 quod
519 388 660 420 Hilarius
672 399 736 420 non
758 390 830 420 vult
850 392 958 421 osten-

179 442 253 473 dere
262 441 423 473 Christum
431 451 496 472 non
508 442 661 473 habuisse
672 452 788 473 verum
804 443 957 482 dolorem,

179 496 234 526 sed
257 505 323 526 non
346 495 495 527 habuisse
516 505 647 527 causam
666 496 783 527 doloris
803 508 810 527 :
827 499 858 528 et
871 497 959 527 hunc

180 547 311 587 quidem
325 547 459 578 modum
473 548 616 579 solvendi
630 548 737 578 innuit
759 549 910 588 Magister
926 548 959 578 in

178 600 294 638 littera,
311 603 341 631 et
356 601 432 632 satis
450 603 498 631 est
512 601 722 640 rationabilis,
749 602 829 633 sicut
846 603 880 632 in
901 611 956 633 ex-

181 654 334 694 positione
350 654 463 685 litterae
477 654 594 685 melius
606 655 781 694 apparebit.

221 711 250 739 2.
267 708 317 739 Ad
331 708 409 739 illud
432 717 509 739 vero
525 708 610 748 quod
629 708 778 748 objicitur
798 709 836 739 de
851 711 959 739 aucto-

181 761 273 792 ritate
299 761 452 802 Dionysii,
482 762 654 793 dicendum
676 762 763 802 quod
791 761 960 802 Dionysius

181 825 248 847 non
262 816 366 847 voluit
381 816 495 854 dicere,
518 825 577 846 nec
591 816 696 854 sentit,
707 816 791 856 quod
807 815 846 846 Β.
861 816 960 847 Joan-

180 879 237 902 nes
249 873 280 901 et
298 870 353 901 alii
371 871 470 901 sancti
491 879 556 901 non
579 871 801 910 experirentur
818 870 959 901 dolorem

180 923 214 954 in
228 924 409 962 tormentis;
424 924 479 954 sed
490 924 560 956 vult
574 924 799 954 commendare
815 925 959 954 constan-

179 976 258 1007 tiam
287 977 420 1014 mentm,
449 987 512 1017 qua
542 986 608 1008 non
645 977 749 1016 magis
774 986 960 1007 commove-

179 1030 274 1061 batur
287 1040 328 1061 ex
342 1031 539 1071 experientia
558 1040 681 1069 sensus,
698 1040 797 1071 quam
813 1039 959 1061 eommo-

181 1086 310 1114 veretur
338 1093 379 1115 ex
405 1085 472 1116 sola
499 1085 752 1116 consideratione
780 1087 810 1115 et
837 1084 959 1124 judicio

180 1136 322 1168 rationis.

222 1192 252 1220 3.
268 1190 317 1221 Ad
341 1190 419 1221 illud
443 1191 527 1231 quod
553 1192 702 1231 objicitur
726 1191 764 1222 de
779 1191 898 1231 Moyse,
915 1191 960 1221 di-

180 1243 318 1273 cendum
339 1243 426 1282 quod
449 1244 507 1274 etsi
526 1244 659 1275 dulcedo
685 1245 960 1284 contemplationis

180 1296 319 1336 quodam
334 1297 428 1328 modo
444 1297 551 1337 ipsum
565 1298 720 1336 reticeret,
736 1300 767 1328 et
781 1307 799 1328 a
815 1298 960 1329 sensibus

180 1350 390 1382 exterioribus
405 1351 617 1389 abstraheret,
642 1352 720 1383 adeo
742 1354 778 1383 ut
799 1353 960 1383 naturales

180 1403 315 1434 virtutes
328 1405 467 1444 quodam
482 1405 577 1436 modo
591 1406 779 1446 consopiret,
791 1408 827 1436 ut
841 1407 960 1437 nonita

180 1460 416 1496 consumerent,
439 1461 470 1489 et
491 1458 600 1489 cibum
618 1459 834 1499 requirerent;
852 1463 960 1490 tamen

178 1511 264 1550 quod
278 1513 366 1542 tanto
379 1514 521 1552 tempore
533 1512 695 1551 Jejunavit
706 1512 775 1543 sine
790 1512 897 1552 aliqua
909 1513 961 1543 sui

179 1564 320 1602 laesione,
336 1565 396 1595 hoc
411 1565 470 1596 fuit
485 1574 541 1605 per
562 1565 697 1605 speciale
717 1566 909 1597 beneficium
930 1568 962 1597 et

180 1617 330 1648 divinum
343 1618 538 1650 miraculum
556 1628 564 1650 ε
579 1621 609 1649 et
624 1619 695 1650 ideo
710 1619 770 1650 hoc
785 1629 850 1650 non
865 1620 961 1650 habet

180 1670 288 1701 locum
300 1671 333 1701 in
345 1671 517 1711 proposito,
532 1672 609 1711 quia
622 1671 764 1702 Christus
774 1672 807 1702 in
815 1673 961 1712 passione

180 1733 238 1754 sua
264 1733 330 1754 non
357 1725 499 1755 exercuit
528 1725 683 1756 miracula
705 1726 875 1765 potentiae,
907 1726 959 1757 sed

180 1777 286 1817 potius
299 1779 345 1808 est
360 1787 439 1808 usus
454 1779 552 1809 armis
566 1779 737 1818 patientiae.

220 1834 250 1863 4.
267 1833 316 1863 Ad
332 1833 409 1864 illud
431 1834 517 1873 quod
538 1834 704 1874 objicitur,
738 1835 824 1875 quod
846 1837 962 1866 natura

180 1893 281 1924 agens
306 1887 508 1925 praestantior
530 1889 577 1917 est
604 1887 761 1927 patiente,
792 1888 961 1919 dicendum

181 1938 266 1978 quod
281 1938 360 1970 illud
374 1948 440 1970 non
453 1942 576 1980 oportet
588 1940 726 1980 intelligi
748 1942 834 1981 quod
852 1942 891 1972 sit
904 1952 962 1974 ve-

182 2000 256 2022 rum
271 1992 466 2031 simpliciter,
488 1993 542 2023 sed
570 1994 674 2024 solum
696 1995 874 2025 secundum
903 1996 960 2026 ali-

183 2053 282 2085 quam
310 2045 534 2077 conditionem.
557 2046 636 2083 Quia
661 2048 748 2078 enim
771 2048 852 2089 lapis
876 2049 962 2080 laedjt

183 2098 307 2138 pedem,
325 2108 390 2130 non
413 2101 535 2139 oportet
557 2101 643 2140 quod
664 2101 746 2141 lapis
765 2101 805 2132 sit
826 2103 962 2133 nobilior

183 2152 272 2192 pede,
299 2153 353 2183 sed
380 2153 497 2184 sufficit
524 2154 610 2194 quod
635 2155 766 2186 excedat
792 2155 826 2185 in
856 2156 963 2196 aliqua

183 2206 374 2244 conditione,
392 2209 501 2247 utpote
520 2207 555 2237 in
579 2208 699 2239 duritia
720 2211 750 2239 et
771 2209 928 2241 soliditate
952 2221 958 2240 :

184 2260 216 2289 et
231 2259 274 2289 sic
289 2262 336 2290 est
347 2260 380 2290 in
395 2260 566 2300 proposito.
584 2260 737 2298 Quamvis
751 2262 838 2293 enim
853 2263 963 2294 clavus

184 2321 249 2343 non
263 2316 344 2344 esset
358 2314 497 2345 nobilior
512 2324 608 2345 carne
623 2314 749 2354 Christi,
765 2318 832 2347 erat
854 2319 963 2348 tamen

186 2366 296 2397 durior
311 2369 341 2398 et
357 2367 496 2399 solidior.
518 2368 556 2399 Et
570 2368 597 2399 si
616 2371 651 2400 tu
667 2369 799 2409 objicias
822 2370 902 2401 mihi
925 2371 963 2402 de

186 2420 304 2460 anima,
320 2422 406 2462 quod
421 2431 486 2453 non
499 2422 596 2463 possit
604 2423 681 2463 pati,
695 2423 867 2456 dicendum
878 2426 964 2465 quod

221 2542 228 2557 ¹
244 2542 299 2572 Aug
311 2560 318 2572 ,
334 2541 363 2565 de
372 2543 470 2572 Music„
487 2544 530 2568 lib.
547 2545 589 2576 Vl,
605 2554 625 2569 c.
645 2551 689 2574 xi,
703 2552 729 2570 n.
746 2547 784 2575 32,
801 2547 884 2578 quoad
902 2555 964 2572 sen—

188 2579 314 2600 sum-²
339 2578 379 2608 Cf.
395 2579 421 2603 S,
439 2580 539 2608 Thom.‚
564 2588 589 2611 p.
616 2581 664 2611 111,
685 2588 797 2612 q.x1.v1‚
814 2585 861 2607 art.
885 2585 912 2613 6;
939 2587 965 2608 et

190 2613 220 2636 ΙΙΙ
232 2613 311 2637 sent..
322 2613 380 2639 dist.
392 2620 435 2645 xv,
446 2622 471 2646 q.
482 2621 511 2647 υ,
521 2618 569 2640 art.
582 2618 604 2647 3,
617 2623 696 2648 q.111;
711 2618 736 2642 et
746 2618 834 2649 opusc.
848 2619 891 2643 ΙΙΙ.
905 2627 962 2651 cap.

189 2653 301 2672 ccxxxix
310 2656 318 2679 ;
334 2650 434 2680 Scotus,
449 2651 482 2674 ΙΙΙ
501 2651 581 2681 Seni„
597 2653 657 2677 dist.
675 2659 719 2684 xv,
732 2660 758 2684 q.
774 2660 797 2684 ¹3
810 2655 961 2686 menardus,

1737 172 1791 201 351

1016 230 1124 261 anima
1138 230 1316 270 patiebatur
1330 239 1387 270 per
1401 231 1556 270 accidens,
1573 233 1692 264 scilicet
1714 245 1796 268 com-

1015 284 1162 322 patiendo
1178 284 1264 314 carni
1278 294 1285 322 ;
1302 284 1364 321 vel,
1377 285 1554 315 secundum
1575 286 1795 326 Augustinum

1017 337 1051 367 1'1z
1068 337 1212 368 MusIcw
1233 348 1238 368 :
1259 349 1272 365 α
1287 337 1404 368 Anima
1416 338 1514 368 sumit
1533 340 1729 371 occasionem
1744 352 1796 382 pa-

1016 389 1113 419 tiendi
1128 399 1168 420 ex
1184 399 1293 428 carne;
1311 394 1535 422 verumtamen
1550 393 1670 432 patitur
1694 404 1734 425 ex
1751 405 1794 434 se,

1015 442 1179 472 occasione
1208 446 1333 483 accepta
1362 444 1501 476 aliunde.
1528 457 1543 474 »
1572 445 1678 478 Potest
1700 449 1795 480 etiam

1016 494 1077 525 dici
1095 495 1180 534 quod
1205 495 1283 527 illud
1300 497 1435 528 verbum
1464 498 1559 529 habet
1587 499 1723 540 intelligi
1752 511 1797 532 se-

1016 549 1159 579 cundum
1183 549 1418 581 institutionem
1442 555 1579 591 naturae,
1598 563 1662 584 non
1680 564 1796 586 secun-

1015 602 1093 634 dum
1104 603 1373 643 dispensationem
1389 605 1626 644 misericordiae,
1649 610 1679 638 et
1704 609 1798 648 puni-

1015 656 1134 687 tionem
1155 657 1308 696 justitiae,
1336 667 1476 698 quorum
1502 660 1645 698 primum
1672 662 1798 702 respicit

1016 710 1159 741 animam
1175 710 1306 750 Christi,
1323 712 1502 743 secundum
1526 714 1668 744 animani
1688 724 1799 755 pecca-

1016 762 1144 802 tricem,
1160 764 1243 795 sicut
1258 764 1291 795 in
1315 764 1516 797 distinctione
1539 776 1626 804 niv,
1648 767 1730 798 libro
1746 768 1796 805 IV,

1016 815 1152 847 habetur
1167 826 1326 857 expresse.

1057 871 1084 899 5.
1102 870 1150 900 Ad
1169 870 1249 901 illud
1270 871 1355 911 quod
1379 871 1546 911 objicitur,
1570 873 1655 912 quod
1679 883 1796 905 manus

1017 922 1130 954 Christi
1162 924 1222 954 fuit
1256 925 1400 956 curativa
1433 926 1579 957 dolorum
1592 950 1599 963 ,
1627 927 1798 959 dicendum

1016 978 1102 1017 quod
1116 977 1177 1008 hoc
1192 979 1251 1009 fuit
1267 979 1386 1010 virtute
1405 979 1531 1010 latentis
1553 981 1752 1020 divinitatis;
1769 984 1800 1012 et

1016 1031 1193 1062 secundum
1227 1032 1315 1063 illam
1355 1033 1507 1064 virtutem
1543 1035 1679 1066 concedo
1716 1035 1799 1066 bene

1016 1085 1102 1124 quod
1126 1086 1191 1125 pati
1214 1096 1279 1117 non
1298 1089 1438 1126 poterat,
1455 1097 1513 1118 nec
1528 1088 1634 1119 dolere
1658 1100 1664 1120 :
1683 1099 1724 1120 ex
1738 1089 1799 1120 hoc

1016 1141 1123 1169 tamen
1140 1148 1206 1170 non
1222 1141 1378 1179 sequitur,
1396 1141 1481 1181 quod
1495 1142 1593 1172 suerit
1607 1142 1723 1173 doloris
1743 1153 1801 1174 ex-

1015 1201 1107 1231 pers,
1134 1194 1202 1223 erat
1225 1193 1312 1223 enim
1335 1194 1379 1224 ibi
1403 1194 1464 1224 alia
1488 1195 1591 1225 virtus
1614 1199 1729 1234 creata,
1756 1206 1801 1227 se-

1016 1245 1158 1275 cundum
1174 1255 1273 1285 quam
1289 1245 1395 1277 dolere
1409 1250 1543 1287 poterat,
1561 1248 1677 1280 scilicet
1693 1251 1801 1289 poten-

1017 1298 1060 1328 tia
1075 1298 1193 1329 animae
1210 1299 1383 1330 sensitivae.

1056 1354 1086 1382 6.
1111 1351 1160 1382 Ad
1181 1352 1260 1383 illud
1280 1353 1367 1392 quod
1393 1353 1563 1393 objicitur,
1585 1356 1671 1395 quod
1693 1355 1800 1387 anima

1016 1404 1101 1436 Petri
1125 1414 1190 1436 non
1215 1408 1378 1446 pateretur
1401 1407 1435 1437 in
1457 1408 1602 1447 inferno,
1629 1409 1800 1440 dicendum

1016 1459 1101 1499 quod
1117 1469 1184 1490 non
1199 1462 1246 1491 est
1260 1461 1363 1492 simile
1381 1472 1387 1492 :
1405 1462 1481 1501 quia
1494 1463 1602 1494 anima
1626 1463 1711 1495 Petri
1727 1466 1801 1504 post

1016 1512 1272 1551 purificationem
1292 1515 1462 1554 perfectam
1487 1525 1552 1546 non
1575 1519 1621 1547 est
1644 1517 1801 1557 passibilis

1016 1574 1057 1596 ex
1079 1575 1175 1596 causa
1190 1567 1336 1606 propria,
1358 1577 1418 1599 nec
1437 1578 1478 1599 ex
1498 1569 1733 1609 dispensatione
1749 1570 1800 1600 dj-

1016 1618 1093 1649 vina
1115 1621 1243 1659 propter
1264 1621 1401 1652 salutem
1426 1622 1564 1653 alienam
1580 1634 1587 1654 ι
1604 1632 1670 1654 non
1689 1626 1798 1654 autem

1016 1672 1061 1702 sic
1079 1674 1126 1702 est
1148 1673 1186 1703 de
1211 1674 1319 1704 anima
1344 1674 1470 1714 Christi,
1487 1685 1561 1716 quae
1583 1677 1800 1717 dispensative

1017 1730 1046 1757 et
1083 1728 1262 1759 voluntarie
1298 1730 1538 1769 passibilitatem
1564 1731 1694 1771 habuit,
1727 1742 1800 1764 cum

1016 1781 1103 1812 carni
1118 1781 1258 1821 passibili
1275 1784 1444 1823 conjuncta
1461 1783 1535 1821 fuit,
1559 1785 1641 1816 sicut
1660 1795 1699 1816 ex
1715 1786 1799 1818 locu-

1015 1834 1101 1866 tione
1116 1836 1307 1875 praecedenti
1324 1837 1470 1868 habitum
1485 1837 1557 1869 fuit.

1287 1947 1467 1985 QUAESTIO
1495 1948 1534 1980 ΙΙ.

1087 2032 1134 2058 An
1149 2032 1179 2058 in
1192 2032 1296 2059 Christo
1310 2033 1398 2066 fuerit
1410 2034 1596 2062 acerbissimus
1610 2035 1690 2063 dolor
1704 2035 1725 2064 ².

1058 2110 1171 2142 Utrum
1187 2112 1222 2142 in
1245 2111 1368 2143 Christo
1391 2113 1487 2144 fuerit
1507 2114 1597 2146 dolor
1614 2117 1800 2148 accerhissi-

1017 2172 1111 2201 mus3
1137 2166 1169 2195 et
1190 2164 1272 2204 quod
1297 2165 1358 2203 sic,
1379 2165 1529 2197 videtur³
1547 2177 1555 2198 :
1575 2169 1598 2199 O
1617 2177 1671 2201 vos
1695 2178 1800 2203 omnes

1018 2218 1075 2257 qui
1089 2219 1240 2250 transitis
1254 2226 1311 2258 per
1328 2220 1434 2258 viam,
1450 2221 1623 2261 attendite,
1645 2227 1673 2256 et
1694 2224 1799 2257 videte

1017 2272 1049 2302 si
1070 2275 1115 2304 est
1134 2272 1243 2311 dolor,
1260 2273 1347 2305 sicut
1367 2272 1457 2305 dolor
1479 2283 1568 2307 meus
1582 2286 1593 2306 .·
1609 2276 1669 2307 hoc
1685 2277 1801 2308 dicitur

1017 2324 1052 2355 in
1067 2334 1202 2365 persona
1216 2325 1331 2357 Christi
1354 2337 1361 2358 :
1379 2336 1457 2367 ergo
1473 2328 1601 2360 videtur
1619 2331 1705 2370 quod
1729 2332 1799 2362 nul-

1017 2378 1068 2410 lus
1080 2379 1161 2410 alius
1173 2379 1262 2411 dolor
1278 2380 1395 2411 habeat
1412 2382 1440 2412 ei
1453 2384 1587 2422 aequari.

1059 2432 1138 2464 Item
1151 2433 1186 2463 in
1202 2433 1327 2465 Psalmo
1337 2437 1370 2465 ⁶:
1390 2435 1504 2468 Omnes
1522 2437 1640 2476 fluctus
1655 2441 1726 2470 tuos
1740 2440 1797 2471 in-

1018 2486 1150 2520 duxisti
1162 2495 1257 2528 super
1269 2497 1317 2521 me
1332 2499 1345 2520 .·
1370 2489 1486 2521 dicitur
1500 2491 1534 2521 in
1556 2501 1691 2531 persona
1712 2493 1799 2524 Chri-

1020 2585 1052 2610 111
1063 2586 1141 2616 Sem„
1152 2587 1210 2611 dist.
1219 2593 1262 2617 xv,
1273 2590 1321 2611 art.
1333 2589 1356 2617 4,
1367 2595 1393 2619 q.
1402 2594 1445 2617 11¹;
1459 2589 1546 2619 Steph.
1559 2590 1663 2621 Brutef„
1676 2592 1706 2616 111
1717 2592 1797 2622 Seni„

1021 2621 1079 2645 dist.
1094 2628 1138 2646 xV1
1150 2640 1158 2653 ,
1181 2630 1206 2654 q.
1223 2629 1260 2653 11;
1284 2623 1411 2647 Marsilius
1427 2624 1542 2655 luguen„
1558 2625 1591 2649 ΙΙΙ
1612 2627 1693 2659 SenL,
1707 2635 1732 2659 q.
1755 2635 1796 2661 xi,

1019 2659 1067 2681 art.
1077 2659 1100 2682 3.
1110 2671 1141 2677 —
1150 2658 1160 2674 ⁸
1170 2658 1385 2690 Thren.‚1,12.—
1394 2659 1404 2676 ⁸
1413 2659 1480 2684 Psal.
1493 2666 1611 2691 Lxxxvu,
1625 2663 1649 2686 8.

1815 2148 1875 2169 Fund

1878 2156 1919 2171 8111.
