2017 2960
41 2081 77 2104 u
93 2087 146 2109 opp.

674 118 772 150 ms‘r.
796 118 832 150 V.
856 117 947 150 ΛΒΤ.
971 118 995 150 l.
1019 118 1168 156 QUAEST.
1193 119 1228 150 V.

159 186 422 225 incarnationem,
450 186 510 217 nisi
535 186 795 226 praeintellexerit
822 196 932 226 perso-

159 249 273 272 narum
287 239 530 271 distinctionem.
545 240 787 272 tlonccdendum
798 243 843 270 cst
854 249 933 277 ergo

158 293 254 334 quod,
269 293 503 335 circumscripta
529 295 749 335 personalitate.
767 304 784 325 a
806 294 865 325 ilci·-
882 295 934 325 ‹lc-

158 346 344 383 terminata.
373 347 431 378 etsi
461 350 557 388 possit
583 348 716 387 intelligi
745 348 930 387 assumptio,

157 408 222 431 non
236 401 342 431 tamen
359 399 403 431 ita
417 410 560 440 congrue
571 411 579 438 ς
589 402 678 432 omni
691 410 767 431 vero
782 410 933 440 persona-

156 455 243 487 litate
263 455 504 497 circumscripta
528 466 592 488 non
621 456 775 494 contingit
791 466 809 486 a
824 457 933 486 divina

155 511 272 540 natura
286 510 405 541 aaeumi
422 510 610 542 humanam.
624 509 712 540 Unde
722 509 932 539 convvilciulae

155 565 231 595 sunt
254 563 393 596 rationes
406 565 445 596 ad
467 565 558 596 istam
576 566 714 605 partem,
733 573 805 604 qnae
824 573 931 604 procc-

155 616 235 648 dunt
249 617 427 649 secundum
444 618 537 649 istam
552 617 650 648 viam.

198 672 227 709 ί,
242 672 273 709 2,
285 673 304 702 3
317 672 350 702 et
358 672 389 701 4.
403 670 450 701 Ad
463 670 542 702 illud
558 679 646 707 vero.
658 670 744 711 quod
759 671 934 711 opponitur

155 723 189 754 in
205 722 412 762 contrarium,
427 723 513 764 qnod
526 723 635 754 divina
649 726 776 760 natura,
793 724 934 755 abstrac-

155 776 196 808 tis
212 776 366 817 personis,
394 776 585 817 intelligitur
609 779 645 809 ut
667 786 792 808 summe
810 780 930 818 potem,

155 831 193 861 ut.
207 839 334 861 summe
353 830 491 871 sapiens,
518 833 549 862 et
571 832 606 862 ut
626 840 754 862 summe
776 831 870 868 bona,
897 834 934 862 ut

155 885 375 916 creaturarum
390 893 486 916 causa
500 883 664 922 effectiva;
683 884 722 915 ad
739 893 850 916 omnes
865 885 934 916 illas

157 938 293 969 rationes
314 938 497 979 responderi
525 940 627 979 potest
649 938 879 973 interimendo,
907 939 933 970 si

157 991 356 1032 intelligatur
377 991 463 1032 quod
492 992 549 1023 ssat
579 991 751 1023 abstractio
779 993 819 1023 al)
845 994 932 1024 omni

155 1045 331 1086 supposito.
372 1044 556 1076 Necessario
591 1045 678 1076 enim
717 1046 774 1086 qui
815 1047 934 1086 cogitat

154 1096 274 1135 Deum.
297 1098 416 1138 cogitat
443 1097 584 1138 aliquem
613 1100 650 1129 ut
672 1098 844 1129 habentem
870 1099 933 1130 dei-

155 1151 271 1190 tatem,
287 1151 354 1182 sive
382 1153 533 1182 naturam
562 1151 833 1183 intellectualem:
859 1152 934 1183 alio-

155 1204 234 1245 quin
266 1213 332 1236 non
360 1205 480 1245 cogitat
507 1214 582 1236 eum
611 1207 647 1236 ut
677 1205 813 1245 perfecte
841 1206 874 1236 in
900 1215 933 1237 se

155 1260 278 1296 etitem.
293 1260 325 1290 et
341 1267 400 1290 nec
417 1261 453 1290 ut
470 1259 607 1300 perfecte
625 1261 786 1300 potentem
799 1284 807 1297 ‚
824 1269 882 1291 nec
899 1262 934 1291 ut

155 1321 282 1344 summe
297 1313 484 1353 sapientem.
499 1313 599 1344 Aliter
612 1313 708 1344 etiam
723 1316 769 1345 est
785 1313 827 1344 ibi
844 1313 935 1345 intel-

156 1366 268 1406 lectus,
284 1367 362 1408 quia
380 1367 420 1398 ad
446 1367 698 1408 assumptionem
721 1377 787 1399 non
808 1371 933 1400 tantum

156 1420 332 1462 requiritur
355 1429 450 1452 causa
472 1421 624 1459 efficiens,
647 1421 702 1452 sed
725 1422 822 1453 etiam
843 1422 931 1460 illud,

157 1476 191 1508 in
213 1485 278 1518 quo
301 1477 358 1508 flat
379 1477 467 1508 unio.
491 1476 530 1508 Et
555 1477 625 1508 ideo
647 1479 713 1508 esto
734 1477 819 1517 quod
845 1478 933 1508 omni

157 1530 380 1572 personalitate
411 1530 651 1571 circumscripta
682 1530 936 1562 consideraretur

157 1584 268 1616 divina
293 1587 410 1616 natura
431 1584 466 1616 in
491 1584 613 1615 ratione
637 1584 772 1625 perfecte
800 1586 936 1625 potentis

156 1640 188 1670 et
205 1638 377 1679 sapientis,
398 1647 463 1670 non
486 1640 594 1669 tamen
614 1638 750 1678 cogitari
774 1642 877 1679 posset
903 1639 935 1670 in

156 1691 278 1723 ratione
295 1692 503 1731 assumentis,
519 1692 597 1732 quia
610 1701 676 1724 non
692 1695 796 1732 posset
811 1693 853 1724 ibi
869 1702 936 1724 esse

157 1743 336 1777 intellectus
349 1745 556 1776 unibilitatis.

425 1865 605 1904 QUAESTIO
627 1865 664 1898 V.

159 1941 206 1970 An
219 1941 273 1970 Λα
285 1943 323 1970 sit
337 1941 501 1970 concedenda
521 1951 531 1970 .·
557 1952 571 1967 α
587 1944 690 1971 Divina
705 1945 807 1971 natura
822 1945 859 1972 est
875 1951 937 1971 caro

471 1988 549 2021 sat-'CC
565 1989 583 2014 ¹.
604 1998 618 2012 n

200 2066 315 2099 Utrum
330 2066 401 2099 haec
414 2067 453 2098 sit
468 2056 668 2098 concedenda
682 2077 690 2099 :
715 2079 730 2097 c
748 2067 862 2099 Divina
876 2077 938 2099 na-

161 2123 233 2152 tura
251 2122 298 2152 est
319 2129 394 2152 caro
410 2121 508 2158 factm
525 2131 540 2150 n
566 2123 598 2152 et
617 2121 701 2161 quod
724 2122 788 2160 sic,
811 2121 940 2153 videtur

160 2183 218 2215 per
235 2173 392 2206 loannem
414 2173 662 2212 Damascenam,
685 2177 715 2206 et
739 2174 876 2206 habetur
900 2176 938 2206 in

159 2227 265 2259 littera
275 2230 302 2259 ¹:
317 2239 332 2258 ι
346 2227 461 2260 Aimus
474 2236 604 2260 omnem
617 2231 649 2259 et
662 2228 834 2268 perfectam
848 2230 940 2259 natu·

160 2289 230 2312 ram
242 2281 367 2313 deitatis
376 2282 409 2313 in
421 2290 519 2313 unam
531 2281 728 2323 hypostasim
741 2282 938 2313 incarnatam

161 2345 240 2368 esse.
255 2347 271 2365 n
290 2335 351 2368 Sed
367 2336 526 2367 incarnari
543 2345 608 2367 non
622 2340 669 2368 est
686 2336 772 2368 aliud
787 2337 848 2367 nisi
868 2346 939 2367 car-

164 2397 237 2420 nem
255 2389 343 2421 fleri:
363 2398 444 2430 ergo
463 2389 491 2420 ai
510 2389 580 2420 haec
601 2392 649 2421 est
668 2399 766 2421 vera:
787 2402 802 2419 «ι
826 2389 939 2421 Divina

165 2444 279 2474 natura
304 2445 351 2474 εἰ
379 2443 543 2474 incarnata
554 2468 562 2481 ‚
584 2454 599 2472 n
626 2446 658 2475 et
683 2443 770 2482 liaec,
800 2443 917 2475 scilicet
931 2454 937 2474 :

169 2506 185 2524 ι
197 2494 310 2528 Divina
320 2498 435 2528 natura
447 2498 496 2528 est
507 2506 581 2528 caro
595 2497 688 2529 facta.
700 2508 715 2526 n

205 2551 236 2580 2.
251 2548 328 2581 item
341 2550 422 2582 nihil
434 2550 520 2582 aliud
533 2553 581 2582 est
588 2551 692 2582 dicere
704 2553 732 2582 ¹:
749 2550 884 2584 Verbum
896 2553 942 2582 est

162 2610 170 2629 ἕ
200 2613 207 2627 “
218 2612 259 2642 Cs-
270 2611 358 2641 steph.
372 2611 476 2643 Erulum,
493 2612 524 2636 ΙΙΙ
541 2614 622 2643 86ιὶ..
636 2613 695 2638 dist.
710 2619 772 2644 V.q0
785 2619 819 2637 ιν.
831 2614 878 2632 —2
894 2613 940 2637 Dn-

1708 124 1766 153 ¹25

988 194 1061 218 caro
1085 186 1220 225 Ῑαείηηι,
1237 195 1334 227 qnam
1351 198 1357 218 ε
1388 199 1402 215 u
1423 186 1571 218 Humana
1587 190 1701 219 natura
1716 198 1766 218 :is-

989 243 1116 279 sumpta
1139 242 1183 270 cst
1208 249 1227 270 a
1247 239 1368 271 Verbo:
1385 252 1398 268 n
1418 240 1470 271 scd
1490 241 1632 271 humana
1653 244 1766 272 natura

989 298 1031 324 est
1051 296 1215 333 assumpta
1230 303 1294 324 non
1310 294 1414 324 solum
1429 303 1447 323 a
1464 292 1567 323 Verbo
1578 317 1585 328 ,
1603 293 1655 323 sed
1671 294 1766 324 etiam

989 357 1007 377 a
1025 347 1132 377 divina
1144 350 1268 383 nutura,
1283 347 1363 377 sient
1378 349 1543 377 ostensum
1559 347 1617 376 suit
1632 348 1764 385 supra‘:

989 409 1068 438 ergo
1079 401 1294 441 videtin-quod
1304 400 1580 432 divinanaturmss
1591 409 1664 430 caro
1675 401 1765 431 sactu.

1029 457 1058 483 3.
1087 453 1162 483 item
1188 453 1266 483 nihil
1291 453 1376 484 aliud
1403 456 1449 483 est
1471 451 1614 483 Verbum
1638 462 1765 483 carnem

988 506 1073 542 sieri=
1095 516 1193 546 qnam
1219 507 1271 537 Dei
1296 507 1411 538 lilium
1437 516 1504 538 esse
1526 507 1643 538 factum
1662 507 1768 538 homi-

989 569 1061 590 nem
1074 571 1084 589 :
1098 560 1151 590 sed
1176 559 1229 590 Dei
1254 559 1351 590 Filius
1371 563 1417 590 cst
1439 560 1546 590 divina
1564 563 1693 598 natura,
1717 561 1766 592 vel

988 613 1140 650 essentia,
1157 615 1186 643 ct
1202 615 1331 653 propter
1350 612 1504 643 unionem
1521 616 1565 644 cst
1587 614 1768 645 communi-

988 666 1069 696 catio
1093 666 1303 697 idiomatum:
1329 675 1408 703 ergo
1432 666 1558 697 videtur
1579 667 1664 706 quod
1687 667 1768 697 sicut

990 719 1049 750 ista
1072 719 1277 750 conceditur:
1307 719 1443 751 Verbum
1465 727 1540 752 caro
1560 720 1682 757 raetiam
1703 724 1766 759 est,

989 774 1032 805 ita
1051 774 1109 805 ista
1130 774 1260 805 concedi
1284 774 1398 805 debet:
1420 786 1434 802 α
1459 774 1572 805 Divina
1588 777 1702 806 natura
1723 778 1769 806 est

989 829 1070 859 facta
1085 837 1169 859 caro.
1187 840 1201 856 η

1028 881 1089 912 Sed
1117 884 1250 913 contra:
1282 881 1435 921 Magister
1466 882 1497 912 in
1528 881 1631 913 littera
1660 882 1737 913 dicit
1759 892 1765 912 :
1784 891 1888 914 fundam.

993 947 1007 965 u
1024 935 1137 966 Melius
1161 935 1221 966 hoc
1249 938 1326 976 puto
1355 944 1495 975 negare,
1525 945 1623 976 quam
1648 938 1767 968 temere

989 999 1148 1021 asserere:
1164 1001 1179 1018 n
1200 999 1279 1027 ergo
1295 990 1474 1021 secundum
1493 990 1682 1021 sententiam
1702 990 1769 1022 Ma-

989 1043 1081 1083 gistri
1093 1043 1220 1074 videtur
1231 1043 1381 1083 praedicta
1394 1043 1512 1074 locutio
1526 1053 1593 1075 esse
1606 1044 1767 1084 neganda.

1031 1096 1109 1127 ltem
1125 1096 1202 1136 quia
1216 1095 1314 1127 Filius
1330 1096 1383 1127 Dei
1399 1098 1445 1127 est
1466 1105 1539 1127 caro
1557 1097 1673 1134 factus,
1690 1106 1769 1128 con-

989 1150 1114 1181 ceditur
1131 1149 1218 1190 quod
1235 1149 1333 1181 Filius
1354 1149 1407 1181 Dei
1426 1150 1485 1181 suit
1499 1159 1609 1191 passus
1631 1153 1661 1181 et
1679 1161 1769 1182 mor-

988 1204 1066 1234 tuus
1078 1227 1086 1240 ‚
1102 1202 1156 1234 sed
1172 1212 1236 1234 non
1256 1203 1460 1234 conceditur:
1488 1215 1503 1233 α
1526 1203 1639 1235 Divina
1655 1207 1770 1236 natura

989 1259 1033 1288 est
1051 1266 1151 1297 passa,
1169 1257 1219 1288 vel
1237 1258 1384 1288 mortua:
1401 1268 1416 1286 n
1436 1266 1514 1297 ergo
1529 1267 1587 1289 nec
1603 1258 1661 1289 ista
1677 1258 1769 1290 debet

990 1311 1135 1342 concedi:
1157 1323 1171 1340 u
1183 1310 1296 1342 Divina
1310 1313 1426 1342 natura
1441 1314 1488 1342 est
1502 1321 1575 1343 caro
1587 1312 1676 1342 facta.
1690 1324 1704 1341 υ

1032 1365 1130 1404 lteru,
1157 1365 1427 1406 quandocumque
1450 1365 1557 1406 aliqua
1580 1366 1645 1397 duo
1668 1367 1712 1397 sic
1736 1376 1769 1398 se

991 1417 1126 1456 habent,
1149 1418 1234 1459 quod
1258 1418 1434 1450 formaliter
1456 1421 1531 1450 snut
1554 1419 1716 1457 distincta,
1743 1420 1770 1450 si

990 1471 1114 1503 dicatur
1147 1481 1250 1503 unum
1282 1472 1351 1503 fieri
1382 1473 1519 1503 alterum
1531 1497 1539 1511 ‚
1571 1473 1771 1513 significatur

991 1535 1096 1557 unum
1112 1525 1254 1556 converti
1270 1525 1302 1556 in
1319 1525 1468 1563 alterum,
1484 1528 1593 1567 utpote
1608 1527 1634 1557 si
1646 1527 1771 1558 dicatur

991 1588 1074 1617 aqua
1091 1580 1171 1610 sacta
1192 1579 1309 1610 vinum
1323 1588 1332 1610 z
1350 1579 1403 1610 sed
1419 1579 1464 1610 sic
1477 1588 1510 1610 se.
1523 1579 1620 1611 habet
1633 1590 1724 1619 caro,
1740 1583 1770 1612 et

991 1634 1100 1664 divina
1114 1636 1246 1664 natura:
1265 1642 1339 1664 cum
1357 1642 1435 1673 ergo
1449 1633 1559 1664 divina
1574 1636 1690 1665 natura
1707 1644 1770 1666 non

992 1687 1032 1718 sit
1051 1687 1083 1717 in
1104 1696 1232 1718 carnem
1254 1696 1424 1724 conversa,
1443 1687 1570 1718 videtur
1594 1688 1679 1728 quod
1702 1688 1771 1720 haec

992 1749 1059 1771 non
1088 1740 1129 1771 sit
1153 1740 1375 1772 concedenda:
1409 1752 1423 1769 α
1445 1740 1559 1772 Divina
1585 1745 1701 1774 natura
1727 1745 1774 1774 est

993 1803 1067 1825 caro
1080 1794 1171 1825 facta.
1187 1805 1202 1823 ι)
1222 1793 1277 1825 Est
1291 1803 1370 1834 ergo
1385 1795 1536 1834 quaestio,
1553 1804 1654 1835 quare
1669 1796 1774 1836 magis

993 1847 1053 1878 ista
1071 1847 1274 1879 conceditur:
1298 1859 1313 1876 α
1335 1847 1450 1878 Divina
1467 1851 1585 1879 natura
1604 1851 1652 1880 est
1665 1849 1774 1880 incar-

993 1903 1083 1939 nata,
1103 1912 1118 1930 n
1136 1909 1236 1942 quam
1252 1901 1331 1932 ista:
1352 1912 1367 1931 u
1382 1901 1496 1933 Divina
1510 1903 1627 1934 natura
1640 1905 1687 1934 est
1700 1912 1773 1935 caro

993 1954 1086 1986 facta.
1104 1965 1119 1983 ν

1270 2075 1496 2109 coNthJsio.

995 2167 1058 2194 Hoec
1072 2167 1188 2194 locutio.-
1203 2177 1216 2191 n
1230 2167 1333 2194 Divina
1348 2169 1450 2194 natura
1464 2170 1502 2195 est
1516 2176 1578 2196 caro
1588 2169 1675 2202 facta,
1689 2179 1702 2193 n
1720 2177 1773 2196 non

1031 2214 1069 2239 est
1083 2211 1256 2238 admittenda
1271 2220 1279 2238 .-
1297 2212 1359 2240 licet
1372 2213 1418 2248 pii
1430 2214 1535 2248 possint
1550 2221 1609 2241 eam
1626 2213 1663 2241 ad
1677 2214 1772 2241 bonum

1031 2264 1134 2284 sensum
1150 2256 1281 2285 reducere.

1037 2335 1130 2376 Resp.
1144 2336 1184 2367 ad
1204 2336 1284 2376 Arg.
1302 2336 1474 2368 Dicendum
1491 2338 1577 2378 quod
1593 2338 1651 2368 ista
1669 2338 1771 2376 debet,

996 2391 1027 2421 et
1040 2392 1141 2430 potest
1153 2390 1300 2421 concedi:
1322 2401 1337 2419 α
1353 2389 1465 2422 Divina
1478 2394 1593 2422 natura
1605 2396 1652 2422 est
1665 2391 1771 2422 incar-

997 2446 1086 2482 nata,
1101 2455 1116 2472 n
1138 2443 1215 2484 quia
1229 2444 1348 2485 scripta
1362 2444 1483 2484 legitur
1493 2468 1501 2481 ,
1517 2453 1574 2476 nec
1587 2447 1633 2475 est
1647 2444 1771 2485 simpli-

997 2497 1075 2529 citer
1090 2497 1276 2538 impropria.
1293 2497 1457 2539 Duplicem
1475 2498 1561 2529 enim
1583 2498 1658 2530 facit
1677 2498 1774 2530 intel-

998 2585 1088 2608 masc„
1102 2577 1132 2602 de
1142 2577 1205 2603 Fide
1214 2577 1329 2606 Orthod,
1345 2578 1389 2602 lib.
1404 2579 1446 2605 ΙΙΙ,
1463 2585 1484 2602 c.
1500 2584 1535 2602 vr.
1549 2579 1662 2604 —Uoaem
1679 2597 1685 2604 .
1700 2585 1718 2610 1,
1731 2581 1772 2605 Ν.

998 2627 1029 2632 -
1040 2618 1050 2631 ·
1065 2614 1162 2643 Queat.
1176 2619 1216 2638 nt.
