<?xml version="1.0" encoding="UTF-8"?>
<!DOCTYPE html PUBLIC "-//W3C//DTD XHTML 1.0 Transitional//EN"
    "http://www.w3.org/TR/xhtml1/DTD/xhtml1-transitional.dtd">
<html xmlns="http://www.w3.org/1999/xhtml" xml:lang="en" lang="en">
 <head>
  <title>
</title>
<meta http-equiv="Content-Type" content="text/html;charset=utf-8" />
  <meta name='ocr-system' content='tesseract 3.04.00' />
  <meta name='ocr-capabilities' content='ocr_page ocr_carea ocr_par ocr_line ocrx_word'/>
</head>
<body>
  <div class='ocr_page' id='page_1' title='image "./operaomniasixtiv04bonauoft/operaomniasixtiv04bonauoft_0685.png"; bbox 0 0 2017 2960; ppageno 0'>
   <div class='ocr_carea' id='block_1_1' title="bbox 667 153 1311 193">
    <p class='ocr_par' dir='ltr' id='par_1_1' title="bbox 667 153 1311 193">
     <span class='ocr_line' id='line_1_1' title="bbox 667 153 1311 193; baseline 0.002 -9"><span class='ocrx_word' id='word_1_1' title='bbox 667 153 766 185; x_wconf 87' lang='lat' dir='ltr'>DIST.</span> <span class='ocrx_word' id='word_1_2' title='bbox 789 154 895 185; x_wconf 81' lang='lat' dir='ltr'>XXIX.</span> <span class='ocrx_word' id='word_1_3' title='bbox 920 154 1010 187; x_wconf 78' lang='lat' dir='ltr'>ART.</span> <span class='ocrx_word' id='word_1_4' title='bbox 1036 155 1060 186; x_wconf 83' lang='grc' dir='ltr'>Ι.</span> <span class='ocrx_word' id='word_1_5' title='bbox 1084 155 1234 193; x_wconf 84' lang='lat' dir='ltr'>QUAEST.</span> <span class='ocrx_word' id='word_1_6' title='bbox 1260 155 1311 186; x_wconf 90' lang='lat' dir='ltr'>VI.</span> 
     </span>
    </p>
   </div>
   <div class='ocr_carea' id='block_1_2' title="bbox 181 220 964 1801">
    <p class='ocr_par' dir='ltr' id='par_1_2' title="bbox 181 220 964 1801">
     <span class='ocr_line' id='line_1_2' title="bbox 187 220 963 260; baseline 0 -9"><span class='ocrx_word' id='word_1_7' title='bbox 187 221 335 260; x_wconf 85' lang='lat' dir='ltr'>quaedam</span> <span class='ocrx_word' id='word_1_8' title='bbox 360 220 523 251; x_wconf 87' lang='lat' dir='ltr'>rationalis</span> <span class='ocrx_word' id='word_1_9' title='bbox 550 221 711 260; x_wconf 86' lang='lat' dir='ltr'>eligentia.</span> <span class='ocrx_word' id='word_1_10' title='bbox 737 221 878 252; x_wconf 87' lang='lat' dir='ltr'>Affectus</span> <span class='ocrx_word' id='word_1_11' title='bbox 905 230 963 251; x_wconf 89' lang='lat' dir='ltr'>au-</span> 
     </span>
     <span class='ocr_line' id='line_1_3' title="bbox 188 273 963 313; baseline 0.001 -10"><span class='ocrx_word' id='word_1_12' title='bbox 188 275 251 303; x_wconf 88' lang='lat' dir='ltr'>tem</span> <span class='ocrx_word' id='word_1_13' title='bbox 265 275 371 303; x_wconf 90' lang='lat' dir='ltr'>motus</span> <span class='ocrx_word' id='word_1_14' title='bbox 385 273 551 313; x_wconf 82' lang='lat' dir='ltr'>dupliciter</span> <span class='ocrx_word' id='word_1_15' title='bbox 569 274 673 304; x_wconf 86' lang='lat' dir='ltr'>adhuc</span> <span class='ocrx_word' id='word_1_16' title='bbox 695 274 847 313; x_wconf 77' lang='lat' dir='ltr'>accipitur</span> <span class='ocrx_word' id='word_1_17' title='bbox 863 284 869 304; x_wconf 91' lang='lat'>:</span> <span class='ocrx_word' id='word_1_18' title='bbox 887 283 963 305; x_wconf 84' lang='lat' dir='ltr'>nam</span> 
     </span>
     <span class='ocr_line' id='line_1_4' title="bbox 187 325 964 366; baseline 0.001 -10"><span class='ocrx_word' id='word_1_19' title='bbox 187 325 316 365; x_wconf 76' lang='lat' dir='ltr'>quidam</span> <span class='ocrx_word' id='word_1_20' title='bbox 332 328 378 356; x_wconf 85' lang='lat' dir='ltr'>est</span> <span class='ocrx_word' id='word_1_21' title='bbox 393 335 411 355; x_wconf 87' lang='lat' dir='ltr'>a</span> <span class='ocrx_word' id='word_1_22' title='bbox 426 326 577 356; x_wconf 83' lang='lat' dir='ltr'>charitate</span> <span class='ocrx_word' id='word_1_23' title='bbox 594 326 731 364; x_wconf 90' lang='lat' dir='ltr'>elicitus,</span> <span class='ocrx_word' id='word_1_24' title='bbox 750 327 879 366; x_wconf 86' lang='lat' dir='ltr'>quidam</span> <span class='ocrx_word' id='word_1_25' title='bbox 901 327 964 357; x_wconf 88' lang='lat' dir='ltr'>im-</span> 
     </span>
     <span class='ocr_line' id='line_1_5' title="bbox 187 378 960 418; baseline 0.001 -9"><span class='ocrx_word' id='word_1_26' title='bbox 187 382 326 418; x_wconf 85' lang='lat' dir='ltr'>peratus.</span> <span class='ocrx_word' id='word_1_27' title='bbox 341 378 483 409; x_wconf 80' lang='lat' dir='ltr'>Affectus</span> <span class='ocrx_word' id='word_1_28' title='bbox 499 388 517 408; x_wconf 86' lang='lat' dir='ltr'>a</span> <span class='ocrx_word' id='word_1_29' title='bbox 532 379 684 409; x_wconf 84' lang='lat' dir='ltr'>charitate</span> <span class='ocrx_word' id='word_1_30' title='bbox 700 379 822 410; x_wconf 85' lang='lat' dir='ltr'>elicitus</span> <span class='ocrx_word' id='word_1_31' title='bbox 837 383 882 410; x_wconf 86' lang='lat' dir='ltr'>est</span> <span class='ocrx_word' id='word_1_32' title='bbox 898 381 960 417; x_wconf 91' lang='lat' dir='ltr'>ille,</span> 
     </span>
     <span class='ocr_line' id='line_1_6' title="bbox 187 431 963 470; baseline 0.004 -10"><span class='ocrx_word' id='word_1_33' title='bbox 187 439 250 470; x_wconf 88' lang='lat' dir='ltr'>quo</span> <span class='ocrx_word' id='word_1_34' title='bbox 265 431 336 470; x_wconf 88' lang='lat' dir='ltr'>quis</span> <span class='ocrx_word' id='word_1_35' title='bbox 349 433 437 470; x_wconf 86' lang='lat' dir='ltr'>optat</span> <span class='ocrx_word' id='word_1_36' title='bbox 456 431 548 461; x_wconf 86' lang='lat' dir='ltr'>alteri</span> <span class='ocrx_word' id='word_1_37' title='bbox 569 441 734 462; x_wconf 90' lang='lat' dir='ltr'>summum</span> <span class='ocrx_word' id='word_1_38' title='bbox 757 433 889 464; x_wconf 85' lang='lat' dir='ltr'>bonum.</span> <span class='ocrx_word' id='word_1_39' title='bbox 907 434 963 464; x_wconf 80' lang='lat' dir='ltr'>Af-</span> 
     </span>
     <span class='ocr_line' id='line_1_7' title="bbox 186 483 962 525; baseline 0.004 -12"><span class='ocrx_word' id='word_1_40' title='bbox 186 483 285 513; x_wconf 83' lang='lat' dir='ltr'>fectus</span> <span class='ocrx_word' id='word_1_41' title='bbox 300 492 375 514; x_wconf 89' lang='lat' dir='ltr'>vero</span> <span class='ocrx_word' id='word_1_42' title='bbox 396 484 572 523; x_wconf 86' lang='lat' dir='ltr'>imperatus</span> <span class='ocrx_word' id='word_1_43' title='bbox 593 486 639 515; x_wconf 88' lang='lat' dir='ltr'>est</span> <span class='ocrx_word' id='word_1_44' title='bbox 653 485 720 521; x_wconf 87' lang='lat' dir='ltr'>ille,</span> <span class='ocrx_word' id='word_1_45' title='bbox 737 494 800 524; x_wconf 87' lang='lat' dir='ltr'>quo</span> <span class='ocrx_word' id='word_1_46' title='bbox 822 486 894 524; x_wconf 89' lang='lat' dir='ltr'>quis</span> <span class='ocrx_word' id='word_1_47' title='bbox 910 495 962 525; x_wconf 91' lang='lat' dir='ltr'>op-</span> 
     </span>
     <span class='ocr_line' id='line_1_8' title="bbox 186 536 964 578; baseline 0.004 -12"><span class='ocrx_word' id='word_1_48' title='bbox 186 537 231 566; x_wconf 91' lang='lat' dir='ltr'>tat</span> <span class='ocrx_word' id='word_1_49' title='bbox 245 536 298 566; x_wconf 87' lang='lat' dir='ltr'>alii</span> <span class='ocrx_word' id='word_1_50' title='bbox 314 536 440 576; x_wconf 86' lang='lat' dir='ltr'>aliquod</span> <span class='ocrx_word' id='word_1_51' title='bbox 462 537 584 567; x_wconf 87' lang='lat' dir='ltr'>bonum</span> <span class='ocrx_word' id='word_1_52' title='bbox 606 538 789 577; x_wconf 79' lang='lat' dir='ltr'>temporale,</span> <span class='ocrx_word' id='word_1_53' title='bbox 810 539 894 578; x_wconf 89' lang='lat' dir='ltr'>quod</span> <span class='ocrx_word' id='word_1_54' title='bbox 916 540 964 569; x_wconf 89' lang='lat' dir='ltr'>est</span> 
     </span>
     <span class='ocr_line' id='line_1_9' title="bbox 187 592 963 625; baseline 0.004 -3"><span class='ocrx_word' id='word_1_55' title='bbox 187 592 368 623; x_wconf 86' lang='lat' dir='ltr'>ordinatum</span> <span class='ocrx_word' id='word_1_56' title='bbox 388 593 427 623; x_wconf 90' lang='lat' dir='ltr'>ad</span> <span class='ocrx_word' id='word_1_57' title='bbox 453 592 727 623; x_wconf 81' lang='lat' dir='ltr'>conservationem</span> <span class='ocrx_word' id='word_1_58' title='bbox 749 596 886 625; x_wconf 82' lang='lat' dir='ltr'>naturae.</span> <span class='ocrx_word' id='word_1_59' title='bbox 913 594 963 625; x_wconf 90' lang='lat' dir='ltr'>Sic</span> 
     </span>
     <span class='ocr_line' id='line_1_10' title="bbox 187 645 963 685; baseline 0.003 -9"><span class='ocrx_word' id='word_1_60' title='bbox 187 654 267 685; x_wconf 81' lang='lat' dir='ltr'>ergo</span> <span class='ocrx_word' id='word_1_61' title='bbox 288 646 401 685; x_wconf 83' lang='lat' dir='ltr'>triplex</span> <span class='ocrx_word' id='word_1_62' title='bbox 427 647 473 676; x_wconf 89' lang='lat' dir='ltr'>est</span> <span class='ocrx_word' id='word_1_63' title='bbox 489 645 635 683; x_wconf 76' lang='lat' dir='ltr'>affeetus3</span> <span class='ocrx_word' id='word_1_64' title='bbox 665 656 750 676; x_wconf 91' lang='lat' dir='ltr'>unus</span> <span class='ocrx_word' id='word_1_65' title='bbox 778 656 796 676; x_wconf 86' lang='lat' dir='ltr'>a</span> <span class='ocrx_word' id='word_1_66' title='bbox 811 647 963 678; x_wconf 76' lang='lat' dir='ltr'>charitate</span> 
     </span>
     <span class='ocr_line' id='line_1_11' title="bbox 186 699 962 738; baseline 0.003 -9"><span class='ocrx_word' id='word_1_67' title='bbox 186 699 320 737; x_wconf 81' lang='lat' dir='ltr'>elicitus,</span> <span class='ocrx_word' id='word_1_68' title='bbox 333 708 397 738; x_wconf 90' lang='lat' dir='ltr'>quo</span> <span class='ocrx_word' id='word_1_69' title='bbox 409 699 537 738; x_wconf 87' lang='lat' dir='ltr'>quidem</span> <span class='ocrx_word' id='word_1_70' title='bbox 549 701 623 738; x_wconf 85' lang='lat' dir='ltr'>opto</span> <span class='ocrx_word' id='word_1_71' title='bbox 632 699 725 729; x_wconf 90' lang='lat' dir='ltr'>alicui</span> <span class='ocrx_word' id='word_1_72' title='bbox 736 700 856 730; x_wconf 90' lang='lat' dir='ltr'>bonum</span> <span class='ocrx_word' id='word_1_73' title='bbox 872 710 962 731; x_wconf 86' lang='lat' dir='ltr'>sum-</span> 
     </span>
     <span class='ocr_line' id='line_1_12' title="bbox 187 751 962 791; baseline 0.003 -10"><span class='ocrx_word' id='word_1_74' title='bbox 187 760 293 788; x_wconf 90' lang='lat' dir='ltr'>mum;</span> <span class='ocrx_word' id='word_1_75' title='bbox 311 751 391 781; x_wconf 86' lang='lat' dir='ltr'>alius</span> <span class='ocrx_word' id='word_1_76' title='bbox 405 752 592 791; x_wconf 77' lang='lat' dir='ltr'>imperatuS,</span> <span class='ocrx_word' id='word_1_77' title='bbox 610 761 674 791; x_wconf 86' lang='lat' dir='ltr'>quo</span> <span class='ocrx_word' id='word_1_78' title='bbox 695 755 769 791; x_wconf 89' lang='lat' dir='ltr'>opto</span> <span class='ocrx_word' id='word_1_79' title='bbox 791 753 885 783; x_wconf 84' lang='lat' dir='ltr'>alicui</span> <span class='ocrx_word' id='word_1_80' title='bbox 901 753 962 783; x_wconf 86' lang='lat' dir='ltr'>ali-</span> 
     </span>
     <span class='ocr_line' id='line_1_13' title="bbox 185 804 960 845; baseline 0.004 -11"><span class='ocrx_word' id='word_1_81' title='bbox 185 804 269 843; x_wconf 89' lang='lat' dir='ltr'>quod</span> <span class='ocrx_word' id='word_1_82' title='bbox 281 806 442 834; x_wconf 90' lang='lat' dir='ltr'>terrenum</span> <span class='ocrx_word' id='word_1_83' title='bbox 452 805 572 834; x_wconf 90' lang='lat' dir='ltr'>bonum</span> <span class='ocrx_word' id='word_1_84' title='bbox 581 814 588 842; x_wconf 90' lang='lat'>;</span> <span class='ocrx_word' id='word_1_85' title='bbox 597 805 709 835; x_wconf 84' lang='lat' dir='ltr'>tertius</span> <span class='ocrx_word' id='word_1_86' title='bbox 717 814 793 836; x_wconf 85' lang='lat' dir='ltr'>vero</span> <span class='ocrx_word' id='word_1_87' title='bbox 804 815 960 845; x_wconf 84' lang='lat' dir='ltr'>annexus,</span> 
     </span>
     <span class='ocr_line' id='line_1_14' title="bbox 185 857 961 898; baseline 0.004 -11"><span class='ocrx_word' id='word_1_88' title='bbox 185 865 250 896; x_wconf 92' lang='lat' dir='ltr'>quo</span> <span class='ocrx_word' id='word_1_89' title='bbox 263 857 398 887; x_wconf 87' lang='lat' dir='ltr'>delector</span> <span class='ocrx_word' id='word_1_90' title='bbox 412 857 445 887; x_wconf 90' lang='lat' dir='ltr'>iu</span> <span class='ocrx_word' id='word_1_91' title='bbox 461 857 592 888; x_wconf 85' lang='lat' dir='ltr'>alterius</span> <span class='ocrx_word' id='word_1_92' title='bbox 606 857 708 895; x_wconf 89' lang='lat' dir='ltr'>bono;</span> <span class='ocrx_word' id='word_1_93' title='bbox 726 858 781 897; x_wconf 88' lang='lat' dir='ltr'>qui</span> <span class='ocrx_word' id='word_1_94' title='bbox 795 860 898 898; x_wconf 85' lang='lat' dir='ltr'>magis</span> <span class='ocrx_word' id='word_1_95' title='bbox 911 862 961 890; x_wconf 90' lang='lat' dir='ltr'>te-</span> 
     </span>
     <span class='ocr_line' id='line_1_15' title="bbox 184 910 961 950; baseline 0.005 -10"><span class='ocrx_word' id='word_1_96' title='bbox 184 912 239 940; x_wconf 88' lang='lat' dir='ltr'>net</span> <span class='ocrx_word' id='word_1_97' title='bbox 253 910 410 941; x_wconf 88' lang='lat' dir='ltr'>rationem</span> <span class='ocrx_word' id='word_1_98' title='bbox 420 910 584 949; x_wconf 81' lang='lat' dir='ltr'>passionis,</span> <span class='ocrx_word' id='word_1_99' title='bbox 597 919 692 950; x_wconf 91' lang='lat' dir='ltr'>quam</span> <span class='ocrx_word' id='word_1_100' title='bbox 707 913 822 942; x_wconf 83' lang='lat' dir='ltr'>motus.</span> <span class='ocrx_word' id='word_1_101' title='bbox 839 912 877 943; x_wconf 90' lang='lat' dir='ltr'>Et</span> <span class='ocrx_word' id='word_1_102' title='bbox 887 922 961 944; x_wconf 90' lang='lat' dir='ltr'>cum</span> 
     </span>
     <span class='ocr_line' id='line_1_16' title="bbox 185 962 962 1004; baseline 0.004 -11"><span class='ocrx_word' id='word_1_103' title='bbox 185 963 225 993; x_wconf 91' lang='lat' dir='ltr'>sit</span> <span class='ocrx_word' id='word_1_104' title='bbox 241 963 358 1002; x_wconf 79' lang='lat' dir='ltr'>triplex</span> <span class='ocrx_word' id='word_1_105' title='bbox 384 962 515 993; x_wconf 82' lang='lat' dir='ltr'>affectus</span> <span class='ocrx_word' id='word_1_106' title='bbox 530 987 538 1001; x_wconf 89' lang='lat'>,</span> <span class='ocrx_word' id='word_1_107' title='bbox 560 963 637 993; x_wconf 90' lang='lat' dir='ltr'>ordo</span> <span class='ocrx_word' id='word_1_108' title='bbox 659 963 821 994; x_wconf 78' lang='lat' dir='ltr'>charitatis</span> <span class='ocrx_word' id='word_1_109' title='bbox 842 974 962 1004; x_wconf 83' lang='lat' dir='ltr'>praeas-</span> 
     </span>
     <span class='ocr_line' id='line_1_17' title="bbox 185 1012 962 1056; baseline 0.004 -10"><span class='ocrx_word' id='word_1_110' title='bbox 185 1016 332 1055; x_wconf 87' lang='lat' dir='ltr'>signatus</span> <span class='ocrx_word' id='word_1_111' title='bbox 351 1016 478 1056; x_wconf 77' lang='lat' dir='ltr'>respicit</span> <span class='ocrx_word' id='word_1_112' title='bbox 494 1017 643 1046; x_wconf 80' lang='lat' dir='ltr'>affectum</span> <span class='ocrx_word' id='word_1_113' title='bbox 662 1012 681 1047; x_wconf 85' lang='lat' dir='ltr'>a</span> <span class='ocrx_word' id='word_1_114' title='bbox 704 1017 857 1048; x_wconf 81' lang='lat' dir='ltr'>charitate</span> <span class='ocrx_word' id='word_1_115' title='bbox 878 1018 962 1049; x_wconf 89' lang='lat' dir='ltr'>elici-</span> 
     </span>
     <span class='ocr_line' id='line_1_18' title="bbox 184 1069 962 1112; baseline 0.003 -12"><span class='ocrx_word' id='word_1_116' title='bbox 184 1071 253 1100; x_wconf 86' lang='lat' dir='ltr'>tum</span> <span class='ocrx_word' id='word_1_117' title='bbox 266 1069 490 1109; x_wconf 79' lang='lat' dir='ltr'>principaliter,</span> <span class='ocrx_word' id='word_1_118' title='bbox 503 1069 579 1109; x_wconf 89' lang='lat' dir='ltr'>quia</span> <span class='ocrx_word' id='word_1_119' title='bbox 591 1069 694 1109; x_wconf 86' lang='lat' dir='ltr'>magis</span> <span class='ocrx_word' id='word_1_120' title='bbox 705 1070 786 1100; x_wconf 89' lang='lat' dir='ltr'>mihi</span> <span class='ocrx_word' id='word_1_121' title='bbox 799 1071 898 1102; x_wconf 85' lang='lat' dir='ltr'>debeo</span> <span class='ocrx_word' id='word_1_122' title='bbox 909 1081 962 1112; x_wconf 91' lang='lat' dir='ltr'>op-</span> 
     </span>
     <span class='ocr_line' id='line_1_19' title="bbox 185 1122 961 1165; baseline 0.006 -13"><span class='ocrx_word' id='word_1_123' title='bbox 185 1124 252 1153; x_wconf 84' lang='lat' dir='ltr'>tare</span> <span class='ocrx_word' id='word_1_124' title='bbox 268 1123 394 1153; x_wconf 83' lang='lat' dir='ltr'>beatam</span> <span class='ocrx_word' id='word_1_125' title='bbox 402 1123 502 1153; x_wconf 81' lang='lat' dir='ltr'>vitam</span> <span class='ocrx_word' id='word_1_126' title='bbox 521 1122 573 1162; x_wconf 78' lang='lat' dir='ltr'>(a),</span> <span class='ocrx_word' id='word_1_127' title='bbox 589 1132 686 1162; x_wconf 79' lang='lat' dir='ltr'>quam</span> <span class='ocrx_word' id='word_1_128' title='bbox 702 1124 773 1162; x_wconf 84' lang='lat' dir='ltr'>alii3</span> <span class='ocrx_word' id='word_1_129' title='bbox 791 1127 820 1155; x_wconf 91' lang='lat' dir='ltr'>et</span> <span class='ocrx_word' id='word_1_130' title='bbox 831 1128 899 1165; x_wconf 89' lang='lat' dir='ltr'>post</span> <span class='ocrx_word' id='word_1_131' title='bbox 910 1136 961 1157; x_wconf 89' lang='lat' dir='ltr'>me</span> 
     </span>
     <span class='ocr_line' id='line_1_20' title="bbox 186 1176 961 1215; baseline 0.004 -9"><span class='ocrx_word' id='word_1_132' title='bbox 186 1176 291 1214; x_wconf 81' lang='lat' dir='ltr'>magis</span> <span class='ocrx_word' id='word_1_133' title='bbox 306 1176 387 1215; x_wconf 88' lang='lat' dir='ltr'>patri</span> <span class='ocrx_word' id='word_1_134' title='bbox 410 1185 492 1212; x_wconf 89' lang='lat' dir='ltr'>meo,</span> <span class='ocrx_word' id='word_1_135' title='bbox 509 1185 607 1215; x_wconf 90' lang='lat' dir='ltr'>quam</span> <span class='ocrx_word' id='word_1_136' title='bbox 622 1176 692 1214; x_wconf 81' lang='lat' dir='ltr'>alii;</span> <span class='ocrx_word' id='word_1_137' title='bbox 711 1179 742 1207; x_wconf 89' lang='lat' dir='ltr'>et</span> <span class='ocrx_word' id='word_1_138' title='bbox 760 1177 803 1207; x_wconf 90' lang='lat' dir='ltr'>sic</span> <span class='ocrx_word' id='word_1_139' title='bbox 826 1178 961 1209; x_wconf 85' lang='lat' dir='ltr'>ulterius</span> 
     </span>
     <span class='ocr_line' id='line_1_21' title="bbox 183 1228 960 1269; baseline 0.005 -11"><span class='ocrx_word' id='word_1_140' title='bbox 183 1228 380 1268; x_wconf 85' lang='lat' dir='ltr'>procedendo</span> <span class='ocrx_word' id='word_1_141' title='bbox 397 1239 403 1259; x_wconf 90' lang='lat'><strong>:</strong></span> <span class='ocrx_word' id='word_1_142' title='bbox 421 1228 571 1259; x_wconf 79' lang='lat' dir='ltr'>affectum</span> <span class='ocrx_word' id='word_1_143' title='bbox 586 1238 662 1259; x_wconf 84' lang='lat' dir='ltr'>vero</span> <span class='ocrx_word' id='word_1_144' title='bbox 683 1229 876 1269; x_wconf 86' lang='lat' dir='ltr'>imperatum</span> <span class='ocrx_word' id='word_1_145' title='bbox 891 1241 960 1262; x_wconf 86' lang='lat' dir='ltr'>res-</span> 
     </span>
     <span class='ocr_line' id='line_1_22' title="bbox 184 1281 960 1322; baseline 0.005 -11"><span class='ocrx_word' id='word_1_146' title='bbox 184 1281 259 1321; x_wconf 87' lang='lat' dir='ltr'>picit</span> <span class='ocrx_word' id='word_1_147' title='bbox 275 1282 381 1312; x_wconf 86' lang='lat' dir='ltr'>minus</span> <span class='ocrx_word' id='word_1_148' title='bbox 394 1281 622 1321; x_wconf 72' lang='lat' dir='ltr'>principaliter.</span> <span class='ocrx_word' id='word_1_149' title='bbox 640 1281 738 1320; x_wconf 83' lang='lat' dir='ltr'>Unde,</span> <span class='ocrx_word' id='word_1_150' title='bbox 753 1292 810 1322; x_wconf 86' lang='lat' dir='ltr'>pro</span> <span class='ocrx_word' id='word_1_151' title='bbox 826 1283 960 1315; x_wconf 88' lang='lat' dir='ltr'>diversis</span> 
     </span>
     <span class='ocr_line' id='line_1_23' title="bbox 183 1333 957 1373; baseline 0.004 -9"><span class='ocrx_word' id='word_1_152' title='bbox 183 1333 473 1373; x_wconf 83' lang='lat' dir='ltr'>opportunitatibus</span> <span class='ocrx_word' id='word_1_153' title='bbox 504 1336 535 1363; x_wconf 85' lang='lat' dir='ltr'>et</span> <span class='ocrx_word' id='word_1_154' title='bbox 570 1333 804 1365; x_wconf 88' lang='lat' dir='ltr'>conditionibus</span> <span class='ocrx_word' id='word_1_155' title='bbox 819 1359 828 1373; x_wconf 91' lang='lat'>,</span> <span class='ocrx_word' id='word_1_156' title='bbox 856 1336 933 1367; x_wconf 88' lang='lat' dir='ltr'>ordo</span> <span class='ocrx_word' id='word_1_157' title='bbox 951 1361 957 1373; x_wconf 93' lang='lat'>,</span> 
     </span>
     <span class='ocr_line' id='line_1_24' title="bbox 184 1387 959 1428; baseline 0.004 -10"><span class='ocrx_word' id='word_1_158' title='bbox 184 1390 341 1427; x_wconf 88' lang='lat' dir='ltr'>quantum</span> <span class='ocrx_word' id='word_1_159' title='bbox 364 1388 403 1418; x_wconf 89' lang='lat' dir='ltr'>ad</span> <span class='ocrx_word' id='word_1_160' title='bbox 419 1387 509 1418; x_wconf 86' lang='lat' dir='ltr'>illum</span> <span class='ocrx_word' id='word_1_161' title='bbox 531 1387 693 1426; x_wconf 84' lang='lat' dir='ltr'>affectum,</span> <span class='ocrx_word' id='word_1_162' title='bbox 718 1391 819 1428; x_wconf 89' lang='lat' dir='ltr'>potest</span> <span class='ocrx_word' id='word_1_163' title='bbox 841 1391 959 1421; x_wconf 89' lang='lat' dir='ltr'>variari</span> 
     </span>
     <span class='ocr_line' id='line_1_25' title="bbox 182 1441 957 1482; baseline 0.003 -10"><span class='ocrx_word' id='word_1_164' title='bbox 182 1443 213 1472; x_wconf 88' lang='lat' dir='ltr'>et</span> <span class='ocrx_word' id='word_1_165' title='bbox 238 1441 469 1481; x_wconf 80' lang='lat' dir='ltr'>praeposterari.</span> <span class='ocrx_word' id='word_1_166' title='bbox 496 1441 654 1472; x_wconf 83' lang='lat' dir='ltr'>Affectum</span> <span class='ocrx_word' id='word_1_167' title='bbox 679 1450 756 1472; x_wconf 87' lang='lat' dir='ltr'>vero</span> <span class='ocrx_word' id='word_1_168' title='bbox 780 1452 957 1482; x_wconf 86' lang='lat' dir='ltr'>annexum,</span> 
     </span>
     <span class='ocr_line' id='line_1_26' title="bbox 182 1494 959 1536; baseline 0.005 -13"><span class='ocrx_word' id='word_1_169' title='bbox 182 1494 239 1533; x_wconf 88' lang='lat' dir='ltr'>qui</span> <span class='ocrx_word' id='word_1_170' title='bbox 263 1496 309 1524; x_wconf 88' lang='lat' dir='ltr'>est</span> <span class='ocrx_word' id='word_1_171' title='bbox 331 1494 434 1533; x_wconf 85' lang='lat' dir='ltr'>passio</span> <span class='ocrx_word' id='word_1_172' title='bbox 461 1494 650 1533; x_wconf 80' lang='lat' dir='ltr'>mulcebris,</span> <span class='ocrx_word' id='word_1_173' title='bbox 677 1495 809 1526; x_wconf 88' lang='lat' dir='ltr'>minime</span> <span class='ocrx_word' id='word_1_174' title='bbox 832 1497 959 1536; x_wconf 75' lang='lat' dir='ltr'>respicit</span> 
     </span>
     <span class='ocr_line' id='line_1_27' title="bbox 183 1547 959 1590; baseline 0.005 -13"><span class='ocrx_word' id='word_1_175' title='bbox 183 1547 261 1577; x_wconf 91' lang='lat' dir='ltr'>ordo</span> <span class='ocrx_word' id='word_1_176' title='bbox 291 1547 453 1578; x_wconf 85' lang='lat' dir='ltr'>charitatis</span> <span class='ocrx_word' id='word_1_177' title='bbox 465 1572 472 1584; x_wconf 96' lang='lat'>,</span> <span class='ocrx_word' id='word_1_178' title='bbox 503 1548 579 1588; x_wconf 89' lang='lat' dir='ltr'>quia</span> <span class='ocrx_word' id='word_1_179' title='bbox 605 1548 658 1579; x_wconf 90' lang='lat' dir='ltr'>ille</span> <span class='ocrx_word' id='word_1_180' title='bbox 690 1550 796 1588; x_wconf 87' lang='lat' dir='ltr'>potius</span> <span class='ocrx_word' id='word_1_181' title='bbox 832 1551 959 1590; x_wconf 81' lang='lat' dir='ltr'>respicit</span> 
     </span>
     <span class='ocr_line' id='line_1_28' title="bbox 181 1600 958 1642; baseline 0.005 -12"><span class='ocrx_word' id='word_1_182' title='bbox 181 1600 361 1631; x_wconf 83' lang='lat' dir='ltr'>sensibilem</span> <span class='ocrx_word' id='word_1_183' title='bbox 376 1601 617 1641; x_wconf 79' lang='lat' dir='ltr'>experientiam,</span> <span class='ocrx_word' id='word_1_184' title='bbox 639 1612 736 1642; x_wconf 86' lang='lat' dir='ltr'>quam</span> <span class='ocrx_word' id='word_1_185' title='bbox 751 1604 883 1634; x_wconf 86' lang='lat' dir='ltr'>rationis</span> <span class='ocrx_word' id='word_1_186' title='bbox 902 1604 958 1634; x_wconf 90' lang='lat' dir='ltr'>eli-</span> 
     </span>
     <span class='ocr_line' id='line_1_29' title="bbox 181 1654 959 1696; baseline 0.005 -12"><span class='ocrx_word' id='word_1_187' title='bbox 181 1654 325 1693; x_wconf 87' lang='lat' dir='ltr'>gentiam</span> <span class='ocrx_word' id='word_1_188' title='bbox 343 1665 349 1685; x_wconf 75' lang='grc' dir='ltr'>ε</span> <span class='ocrx_word' id='word_1_189' title='bbox 371 1655 452 1685; x_wconf 88' lang='lat' dir='ltr'>sicut</span> <span class='ocrx_word' id='word_1_190' title='bbox 470 1657 571 1694; x_wconf 82' lang='lat' dir='ltr'>patet,</span> <span class='ocrx_word' id='word_1_191' title='bbox 595 1655 671 1695; x_wconf 88' lang='lat' dir='ltr'>quia</span> <span class='ocrx_word' id='word_1_192' title='bbox 696 1656 767 1696; x_wconf 87' lang='lat' dir='ltr'>plus</span> <span class='ocrx_word' id='word_1_193' title='bbox 787 1656 959 1688; x_wconf 84' lang='lat' dir='ltr'>delectatur</span> 
     </span>
     <span class='ocr_line' id='line_1_30' title="bbox 183 1708 955 1750; baseline 0.004 -12"><span class='ocrx_word' id='word_1_194' title='bbox 183 1708 299 1748; x_wconf 87' lang='lat' dir='ltr'>aliquis</span> <span class='ocrx_word' id='word_1_195' title='bbox 329 1710 360 1738; x_wconf 90' lang='lat' dir='ltr'>et</span> <span class='ocrx_word' id='word_1_196' title='bbox 382 1708 502 1747; x_wconf 89' lang='lat' dir='ltr'>gaudet</span> <span class='ocrx_word' id='word_1_197' title='bbox 530 1709 564 1738; x_wconf 92' lang='lat' dir='ltr'>in</span> <span class='ocrx_word' id='word_1_198' title='bbox 594 1709 788 1748; x_wconf 89' lang='lat' dir='ltr'>respiciendo</span> <span class='ocrx_word' id='word_1_199' title='bbox 813 1711 955 1750; x_wconf 89' lang='lat' dir='ltr'>socium,</span> 
     </span>
     <span class='ocr_line' id='line_1_31' title="bbox 181 1761 958 1801; baseline 0.005 -10"><span class='ocrx_word' id='word_1_200' title='bbox 181 1770 277 1801; x_wconf 91' lang='lat' dir='ltr'>quem</span> <span class='ocrx_word' id='word_1_201' title='bbox 294 1761 380 1792; x_wconf 88' lang='lat' dir='ltr'>videt</span> <span class='ocrx_word' id='word_1_202' title='bbox 394 1763 599 1801; x_wconf 85' lang='lat' dir='ltr'>praesentem,</span> <span class='ocrx_word' id='word_1_203' title='bbox 621 1771 719 1801; x_wconf 84' lang='lat' dir='ltr'>quam</span> <span class='ocrx_word' id='word_1_204' title='bbox 738 1763 772 1793; x_wconf 91' lang='lat' dir='ltr'>in</span> <span class='ocrx_word' id='word_1_205' title='bbox 793 1763 958 1795; x_wconf 87' lang='lat' dir='ltr'>recolendo</span> 
     </span>
    </p>
   </div>
   <div class='ocr_carea' id='block_1_3' title="bbox 129 1810 959 1856">
    <p class='ocr_par' dir='ltr' id='par_1_3' title="bbox 129 1810 959 1856">
     <span class='ocr_line' id='line_1_32' title="bbox 129 1810 959 1856; baseline 0.005 -12"><span class='ocrx_word' id='word_1_206' title='bbox 129 1810 132 1813; x_wconf 72' lang='grc'>’</span> <span class='ocrx_word' id='word_1_207' title='bbox 182 1816 317 1854; x_wconf 86' lang='lat' dir='ltr'>patrem,</span> <span class='ocrx_word' id='word_1_208' title='bbox 334 1814 388 1854; x_wconf 91' lang='lat' dir='ltr'>qui</span> <span class='ocrx_word' id='word_1_209' title='bbox 408 1814 521 1844; x_wconf 85' lang='lat' dir='ltr'>absens</span> <span class='ocrx_word' id='word_1_210' title='bbox 537 1817 593 1852; x_wconf 85' lang='lat' dir='ltr'>est,</span> <span class='ocrx_word' id='word_1_211' title='bbox 607 1816 756 1854; x_wconf 87' lang='lat' dir='ltr'>quamvis</span> <span class='ocrx_word' id='word_1_212' title='bbox 770 1817 877 1856; x_wconf 89' lang='lat' dir='ltr'>ipsum</span> <span class='ocrx_word' id='word_1_213' title='bbox 895 1827 959 1848; x_wconf 86' lang='lat' dir='ltr'>ma-</span> 
     </span>
    </p>
   </div>
   <div class='ocr_carea' id='block_1_4' title="bbox 177 1868 958 2660">
    <p class='ocr_par' dir='ltr' id='par_1_4' title="bbox 177 1868 958 2603">
     <span class='ocr_line' id='line_1_33' title="bbox 180 1868 957 1910; baseline 0.004 -12"><span class='ocrx_word' id='word_1_214' title='bbox 180 1868 233 1907; x_wconf 85' lang='lat' dir='ltr'>gis</span> <span class='ocrx_word' id='word_1_215' title='bbox 244 1868 354 1907; x_wconf 86' lang='lat' dir='ltr'>diligat</span> <span class='ocrx_word' id='word_1_216' title='bbox 369 1879 375 1898; x_wconf 84' lang='lat' dir='ltr'>z</span> <span class='ocrx_word' id='word_1_217' title='bbox 388 1869 481 1908; x_wconf 88' lang='lat' dir='ltr'>cujus</span> <span class='ocrx_word' id='word_1_218' title='bbox 490 1869 621 1907; x_wconf 89' lang='lat' dir='ltr'>signum</span> <span class='ocrx_word' id='word_1_219' title='bbox 634 1871 695 1907; x_wconf 88' lang='lat' dir='ltr'>est,</span> <span class='ocrx_word' id='word_1_220' title='bbox 708 1870 792 1909; x_wconf 87' lang='lat' dir='ltr'>quod</span> <span class='ocrx_word' id='word_1_221' title='bbox 803 1880 859 1910; x_wconf 92' lang='lat' dir='ltr'>pro</span> <span class='ocrx_word' id='word_1_222' title='bbox 870 1874 957 1910; x_wconf 84' lang='lat' dir='ltr'>patre</span> 
     </span>
     <span class='ocr_line' id='line_1_34' title="bbox 181 1921 957 1964; baseline 0.004 -12"><span class='ocrx_word' id='word_1_223' title='bbox 181 1922 297 1952; x_wconf 86' lang='lat' dir='ltr'>faceret</span> <span class='ocrx_word' id='word_1_224' title='bbox 312 1921 414 1952; x_wconf 88' lang='lat' dir='ltr'>multa</span> <span class='ocrx_word' id='word_1_225' title='bbox 430 1923 563 1962; x_wconf 85' lang='lat' dir='ltr'>maj0ra.</span> <span class='ocrx_word' id='word_1_226' title='bbox 580 1922 731 1953; x_wconf 87' lang='lat' dir='ltr'>Similiter</span> <span class='ocrx_word' id='word_1_227' title='bbox 747 1933 788 1954; x_wconf 88' lang='lat' dir='ltr'>ex</span> <span class='ocrx_word' id='word_1_228' title='bbox 803 1927 891 1964; x_wconf 89' lang='lat' dir='ltr'>parte</span> <span class='ocrx_word' id='word_1_229' title='bbox 912 1926 957 1956; x_wconf 87' lang='lat' dir='ltr'>ef-</span> 
     </span>
     <span class='ocr_line' id='line_1_35' title="bbox 181 1976 958 2017; baseline 0.005 -11"><span class='ocrx_word' id='word_1_230' title='bbox 181 1977 281 2007; x_wconf 81' lang='lat' dir='ltr'>fectus</span> <span class='ocrx_word' id='word_1_231' title='bbox 295 1976 559 2016; x_wconf 88' lang='lat' dir='ltr'>distinguendum</span> <span class='ocrx_word' id='word_1_232' title='bbox 581 1979 627 2007; x_wconf 85' lang='lat' dir='ltr'>est</span> <span class='ocrx_word' id='word_1_233' title='bbox 645 1986 652 2007; x_wconf 92' lang='lat'>:</span> <span class='ocrx_word' id='word_1_234' title='bbox 668 1987 744 2008; x_wconf 87' lang='lat' dir='ltr'>nam</span> <span class='ocrx_word' id='word_1_235' title='bbox 765 1978 896 2017; x_wconf 85' lang='lat' dir='ltr'>quidam</span> <span class='ocrx_word' id='word_1_236' title='bbox 911 1982 958 2010; x_wconf 89' lang='grc' dir='ltr'>θεῖ</span> 
     </span>
     <span class='ocr_line' id='line_1_36' title="bbox 181 2029 956 2070; baseline 0.003 -10"><span class='ocrx_word' id='word_1_237' title='bbox 181 2029 312 2060; x_wconf 79' lang='lat' dir='ltr'>effectus</span> <span class='ocrx_word' id='word_1_238' title='bbox 326 2029 393 2060; x_wconf 85' lang='lat' dir='ltr'>sive</span> <span class='ocrx_word' id='word_1_239' title='bbox 403 2029 594 2060; x_wconf 80' lang='lat' dir='ltr'>beneficium</span> <span class='ocrx_word' id='word_1_240' title='bbox 605 2030 775 2070; x_wconf 89' lang='lat' dir='ltr'>respiciens</span> <span class='ocrx_word' id='word_1_241' title='bbox 788 2040 956 2070; x_wconf 85' lang='lat' dir='ltr'>personam</span> 
     </span>
     <span class='ocr_line' id='line_1_37' title="bbox 181 2082 957 2123; baseline 0.005 -11"><span class='ocrx_word' id='word_1_242' title='bbox 181 2082 397 2121; x_wconf 86' lang='lat' dir='ltr'>singularem,</span> <span class='ocrx_word' id='word_1_243' title='bbox 415 2085 446 2114; x_wconf 91' lang='lat' dir='ltr'>et</span> <span class='ocrx_word' id='word_1_244' title='bbox 467 2083 519 2113; x_wconf 92' lang='lat' dir='ltr'>ille</span> <span class='ocrx_word' id='word_1_245' title='bbox 535 2083 654 2123; x_wconf 79' lang='lat' dir='ltr'>duplex</span> <span class='ocrx_word' id='word_1_246' title='bbox 676 2085 723 2114; x_wconf 86' lang='lat' dir='ltr'>est</span> <span class='ocrx_word' id='word_1_247' title='bbox 740 2095 746 2114; x_wconf 89' lang='lat'>:</span> <span class='ocrx_word' id='word_1_248' title='bbox 771 2093 856 2115; x_wconf 88' lang='lat' dir='ltr'>unus</span> <span class='ocrx_word' id='word_1_249' title='bbox 870 2086 957 2116; x_wconf 91' lang='lat' dir='ltr'>enim</span> 
     </span>
     <span class='ocr_line' id='line_1_38' title="bbox 180 2135 956 2176; baseline 0.006 -10"><span class='ocrx_word' id='word_1_250' title='bbox 180 2135 296 2175; x_wconf 90' lang='lat' dir='ltr'>estqui</span> <span class='ocrx_word' id='word_1_251' title='bbox 313 2136 439 2176; x_wconf 85' lang='lat' dir='ltr'>respicit</span> <span class='ocrx_word' id='word_1_252' title='bbox 461 2137 577 2167; x_wconf 81' lang='lat' dir='ltr'>animae</span> <span class='ocrx_word' id='word_1_253' title='bbox 603 2137 756 2176; x_wconf 88' lang='lat' dir='ltr'>salutem;</span> <span class='ocrx_word' id='word_1_254' title='bbox 775 2139 856 2169; x_wconf 90' lang='lat' dir='ltr'>alius</span> <span class='ocrx_word' id='word_1_255' title='bbox 879 2149 956 2171; x_wconf 81' lang='lat' dir='ltr'>vero</span> 
     </span>
     <span class='ocr_line' id='line_1_39' title="bbox 181 2189 954 2235; baseline 0.009 -16"><span class='ocrx_word' id='word_1_256' title='bbox 181 2189 308 2229; x_wconf 85' lang='lat' dir='ltr'>respicit</span> <span class='ocrx_word' id='word_1_257' title='bbox 321 2191 582 2221; x_wconf 81' lang='lat' dir='ltr'>sustentationem</span> <span class='ocrx_word' id='word_1_258' title='bbox 597 2191 672 2222; x_wconf 88' lang='lat' dir='ltr'>vitae</span> <span class='ocrx_word' id='word_1_259' title='bbox 686 2194 849 2231; x_wconf 73' lang='lat' dir='ltr'>praesentis</span> <span class='ocrx_word' id='word_1_260' title='bbox 857 2205 865 2232; x_wconf 81' lang='lat'>3</span> <span class='ocrx_word' id='word_1_261' title='bbox 882 2196 954 2235; x_wconf 88' lang='lat' dir='ltr'>qui-</span> 
     </span>
     <span class='ocr_line' id='line_1_40' title="bbox 180 2243 954 2289; baseline 0.006 -15"><span class='ocrx_word' id='word_1_262' title='bbox 180 2243 254 2274; x_wconf 84' lang='lat' dir='ltr'>dam</span> <span class='ocrx_word' id='word_1_263' title='bbox 266 2245 313 2274; x_wconf 90' lang='lat' dir='ltr'>est</span> <span class='ocrx_word' id='word_1_264' title='bbox 327 2244 468 2282; x_wconf 73' lang='lat' dir='ltr'>effectus,</span> <span class='ocrx_word' id='word_1_265' title='bbox 485 2245 540 2284; x_wconf 88' lang='lat' dir='ltr'>qui</span> <span class='ocrx_word' id='word_1_266' title='bbox 555 2245 682 2285; x_wconf 88' lang='lat' dir='ltr'>respicit</span> <span class='ocrx_word' id='word_1_267' title='bbox 696 2255 865 2286; x_wconf 87' lang='lat' dir='ltr'>personam</span> <span class='ocrx_word' id='word_1_268' title='bbox 891 2250 954 2289; x_wconf 87' lang='lat' dir='ltr'>spi—</span> 
     </span>
     <span class='ocr_line' id='line_1_41' title="bbox 178 2297 956 2336; baseline 0.008 -9"><span class='ocrx_word' id='word_1_269' title='bbox 178 2297 329 2328; x_wconf 90' lang='lat' dir='ltr'>ritualem</span> <span class='ocrx_word' id='word_1_270' title='bbox 350 2306 574 2336; x_wconf 90' lang='lat' dir='ltr'>communem,</span> <span class='ocrx_word' id='word_1_271' title='bbox 598 2299 650 2330; x_wconf 85' lang='lat' dir='ltr'>vel</span> <span class='ocrx_word' id='word_1_272' title='bbox 670 2299 839 2331; x_wconf 86' lang='lat' dir='ltr'>utilitatem</span> <span class='ocrx_word' id='word_1_273' title='bbox 868 2311 956 2333; x_wconf 90' lang='lat' dir='ltr'>com-</span> 
     </span>
     <span class='ocr_line' id='line_1_42' title="bbox 180 2350 952 2388; baseline 0.008 -8"><span class='ocrx_word' id='word_1_274' title='bbox 180 2359 326 2388; x_wconf 89' lang='lat' dir='ltr'>munem,</span> <span class='ocrx_word' id='word_1_275' title='bbox 341 2350 421 2381; x_wconf 88' lang='lat' dir='ltr'>sicut</span> <span class='ocrx_word' id='word_1_276' title='bbox 436 2351 559 2382; x_wconf 88' lang='lat' dir='ltr'>collatio</span> <span class='ocrx_word' id='word_1_277' title='bbox 575 2351 720 2382; x_wconf 85' lang='lat' dir='ltr'>beneficii</span> <span class='ocrx_word' id='word_1_278' title='bbox 742 2354 952 2387; x_wconf 84' lang='lat' dir='ltr'>ecclesiastici.</span> 
     </span>
     <span class='ocr_line' id='line_1_43' title="bbox 179 2402 952 2447; baseline 0.008 -14"><span class='ocrx_word' id='word_1_279' title='bbox 179 2402 218 2433; x_wconf 90' lang='lat' dir='ltr'>Et</span> <span class='ocrx_word' id='word_1_280' title='bbox 239 2404 285 2434; x_wconf 88' lang='lat' dir='ltr'>sic</span> <span class='ocrx_word' id='word_1_281' title='bbox 312 2404 427 2443; x_wconf 78' lang='lat' dir='ltr'>triplex</span> <span class='ocrx_word' id='word_1_282' title='bbox 444 2407 490 2435; x_wconf 87' lang='lat' dir='ltr'>est</span> <span class='ocrx_word' id='word_1_283' title='bbox 513 2404 644 2435; x_wconf 81' lang='lat' dir='ltr'>effectus</span> <span class='ocrx_word' id='word_1_284' title='bbox 662 2406 800 2438; x_wconf 80' lang='lat' dir='ltr'>exterior</span> <span class='ocrx_word' id='word_1_285' title='bbox 823 2416 830 2437; x_wconf 91' lang='lat'><strong>:</strong></span> <span class='ocrx_word' id='word_1_286' title='bbox 856 2417 952 2447; x_wconf 87' lang='lat' dir='ltr'>unus,</span> 
     </span>
     <span class='ocr_line' id='line_1_44' title="bbox 178 2455 954 2501; baseline 0.008 -15"><span class='ocrx_word' id='word_1_287' title='bbox 178 2455 235 2495; x_wconf 87' lang='lat' dir='ltr'>qui</span> <span class='ocrx_word' id='word_1_288' title='bbox 247 2459 293 2487; x_wconf 89' lang='lat' dir='ltr'>est</span> <span class='ocrx_word' id='word_1_289' title='bbox 305 2457 486 2496; x_wconf 88' lang='lat' dir='ltr'>procuratio</span> <span class='ocrx_word' id='word_1_290' title='bbox 501 2459 629 2489; x_wconf 86' lang='lat' dir='ltr'>aeternae</span> <span class='ocrx_word' id='word_1_291' title='bbox 644 2459 771 2498; x_wconf 88' lang='lat' dir='ltr'>salutis;</span> <span class='ocrx_word' id='word_1_292' title='bbox 788 2461 881 2499; x_wconf 89' lang='lat' dir='ltr'>alius,</span> <span class='ocrx_word' id='word_1_293' title='bbox 897 2463 954 2501; x_wconf 81' lang='lat' dir='ltr'>qui</span> 
     </span>
     <span class='ocr_line' id='line_1_45' title="bbox 177 2509 954 2552; baseline 0.006 -13"><span class='ocrx_word' id='word_1_294' title='bbox 177 2511 224 2539; x_wconf 87' lang='lat' dir='ltr'>est</span> <span class='ocrx_word' id='word_1_295' title='bbox 242 2509 392 2541; x_wconf 87' lang='lat' dir='ltr'>relevatio</span> <span class='ocrx_word' id='word_1_296' title='bbox 409 2510 446 2549; x_wconf 75' lang='lat' dir='ltr'>(b)</span> <span class='ocrx_word' id='word_1_297' title='bbox 469 2511 651 2551; x_wconf 88' lang='lat' dir='ltr'>temporalis</span> <span class='ocrx_word' id='word_1_298' title='bbox 666 2513 876 2552; x_wconf 72' lang='lat' dir='ltr'>necessitatis,</span> <span class='ocrx_word' id='word_1_299' title='bbox 895 2517 954 2544; x_wconf 89' lang='lat' dir='ltr'>ter-</span> 
     </span>
     <span class='ocr_line' id='line_1_46' title="bbox 177 2561 952 2603; baseline 0.009 -11"><span class='ocrx_word' id='word_1_300' title='bbox 177 2561 241 2592; x_wconf 85' lang='lat' dir='ltr'>tius</span> <span class='ocrx_word' id='word_1_301' title='bbox 255 2571 343 2601; x_wconf 86' lang='lat' dir='ltr'>vero,</span> <span class='ocrx_word' id='word_1_302' title='bbox 359 2563 414 2603; x_wconf 89' lang='lat' dir='ltr'>qui</span> <span class='ocrx_word' id='word_1_303' title='bbox 428 2565 475 2594; x_wconf 87' lang='lat' dir='ltr'>est</span> <span class='ocrx_word' id='word_1_304' title='bbox 489 2564 668 2595; x_wconf 86' lang='lat' dir='ltr'>commissio</span> <span class='ocrx_word' id='word_1_305' title='bbox 686 2565 832 2597; x_wconf 86' lang='lat' dir='ltr'>beneficii</span> <span class='ocrx_word' id='word_1_306' title='bbox 855 2567 952 2599; x_wconf 85' lang='lat' dir='ltr'>eccle-</span> 
     </span>
    </p>

    <p class='ocr_par' dir='ltr' id='par_1_5' title="bbox 210 2624 950 2660">
     <span class='ocr_line' id='line_1_47' title="bbox 210 2624 950 2660; baseline 0.011 -14"><span class='ocrx_word' id='word_1_307' title='bbox 210 2624 241 2654; x_wconf 81' lang='grc' dir='ltr'>(α’)</span> <span class='ocrx_word' id='word_1_308' title='bbox 258 2624 329 2648; x_wconf 82' lang='lat' dir='ltr'>Edit.</span> <span class='ocrx_word' id='word_1_309' title='bbox 346 2624 402 2649; x_wconf 81' lang='lat' dir='ltr'>Ven.</span> <span class='ocrx_word' id='word_1_310' title='bbox 418 2625 496 2650; x_wconf 74' lang='lat' dir='ltr'>viam.</span> <span class='ocrx_word' id='word_1_311' title='bbox 509 2640 540 2644; x_wconf 97' lang='lat'><strong>—</strong></span> <span class='ocrx_word' id='word_1_312' title='bbox 553 2626 586 2658; x_wconf 85' lang='lat' dir='ltr'>(b)</span> <span class='ocrx_word' id='word_1_313' title='bbox 600 2627 731 2652; x_wconf 72' lang='lat' dir='ltr'>revelatio.</span> <span class='ocrx_word' id='word_1_314' title='bbox 742 2641 772 2647; x_wconf 95' lang='lat'><strong>—</strong></span> <span class='ocrx_word' id='word_1_315' title='bbox 788 2628 820 2660; x_wconf 87' lang='lat' dir='ltr'>(c)</span> <span class='ocrx_word' id='word_1_316' title='bbox 834 2629 950 2654; x_wconf 79' lang='lat' dir='ltr'>delectat.</span> 
     </span>
    </p>
   </div>
   <div class='ocr_carea' id='block_1_5' title="bbox 1738 162 1797 191">
    <p class='ocr_par' dir='ltr' id='par_1_6' title="bbox 1738 162 1797 191">
     <span class='ocr_line' id='line_1_48' title="bbox 1738 162 1797 191; baseline 0.034 -2"><span class='ocrx_word' id='word_1_317' title='bbox 1738 162 1797 191; x_wconf 85' lang='grc'>663</span> 
     </span>
    </p>
   </div>
   <div class='ocr_carea' id='block_1_6' title="bbox 1010 222 1796 2660">
    <p class='ocr_par' dir='ltr' id='par_1_7' title="bbox 1015 222 1796 1206">
     <span class='ocr_line' id='line_1_49' title="bbox 1019 222 1794 264; baseline 0.005 -12"><span class='ocrx_word' id='word_1_318' title='bbox 1019 223 1146 258; x_wconf 85' lang='lat' dir='ltr'>siastici,</span> <span class='ocrx_word' id='word_1_319' title='bbox 1177 222 1234 262; x_wconf 88' lang='lat' dir='ltr'>qui</span> <span class='ocrx_word' id='word_1_320' title='bbox 1260 223 1305 253; x_wconf 91' lang='lat' dir='ltr'>est</span> <span class='ocrx_word' id='word_1_321' title='bbox 1333 222 1466 262; x_wconf 85' lang='lat' dir='ltr'>quodam</span> <span class='ocrx_word' id='word_1_322' title='bbox 1495 225 1589 254; x_wconf 88' lang='lat' dir='ltr'>modo</span> <span class='ocrx_word' id='word_1_323' title='bbox 1613 226 1794 264; x_wconf 81' lang='lat' dir='ltr'>spiritualis.</span> 
     </span>
     <span class='ocr_line' id='line_1_50' title="bbox 1020 275 1796 318; baseline 0.005 -12"><span class='ocrx_word' id='word_1_324' title='bbox 1020 275 1165 306; x_wconf 84' lang='lat' dir='ltr'>Primum</span> <span class='ocrx_word' id='word_1_325' title='bbox 1183 277 1291 306; x_wconf 88' lang='lat' dir='ltr'>autem</span> <span class='ocrx_word' id='word_1_326' title='bbox 1318 275 1453 305; x_wconf 85' lang='lat' dir='ltr'>istorum</span> <span class='ocrx_word' id='word_1_327' title='bbox 1474 276 1647 308; x_wconf 82' lang='lat' dir='ltr'>effectuum</span> <span class='ocrx_word' id='word_1_328' title='bbox 1671 280 1796 318; x_wconf 76' lang='lat' dir='ltr'>respicit</span> 
     </span>
     <span class='ocr_line' id='line_1_51' title="bbox 1019 327 1796 368; baseline 0.005 -10"><span class='ocrx_word' id='word_1_329' title='bbox 1019 329 1096 359; x_wconf 92' lang='lat' dir='ltr'>ordo</span> <span class='ocrx_word' id='word_1_330' title='bbox 1111 328 1274 359; x_wconf 83' lang='lat' dir='ltr'>charitatis</span> <span class='ocrx_word' id='word_1_331' title='bbox 1286 327 1505 368; x_wconf 83' lang='lat' dir='ltr'>principaliter</span> <span class='ocrx_word' id='word_1_332' title='bbox 1523 339 1528 358; x_wconf 93' lang='lat'>:</span> <span class='ocrx_word' id='word_1_333' title='bbox 1542 329 1630 368; x_wconf 90' lang='lat' dir='ltr'>prius</span> <span class='ocrx_word' id='word_1_334' title='bbox 1644 331 1729 361; x_wconf 90' lang='lat' dir='ltr'>enim</span> <span class='ocrx_word' id='word_1_335' title='bbox 1745 332 1796 362; x_wconf 92' lang='lat' dir='ltr'>de-</span> 
     </span>
     <span class='ocr_line' id='line_1_52' title="bbox 1019 381 1793 421; baseline 0.004 -10"><span class='ocrx_word' id='word_1_336' title='bbox 1019 382 1077 412; x_wconf 87' lang='lat' dir='ltr'>beo</span> <span class='ocrx_word' id='word_1_337' title='bbox 1093 390 1264 421; x_wconf 87' lang='lat' dir='ltr'>procurare</span> <span class='ocrx_word' id='word_1_338' title='bbox 1285 381 1420 411; x_wconf 87' lang='lat' dir='ltr'>salutem</span> <span class='ocrx_word' id='word_1_339' title='bbox 1443 389 1566 417; x_wconf 87' lang='lat' dir='ltr'>meam,</span> <span class='ocrx_word' id='word_1_340' title='bbox 1591 391 1688 421; x_wconf 89' lang='lat' dir='ltr'>quam</span> <span class='ocrx_word' id='word_1_341' title='bbox 1709 384 1793 414; x_wconf 88' lang='lat' dir='ltr'>salu-</span> 
     </span>
     <span class='ocr_line' id='line_1_53' title="bbox 1019 433 1795 474; baseline 0.004 -11"><span class='ocrx_word' id='word_1_342' title='bbox 1019 436 1083 464; x_wconf 90' lang='lat' dir='ltr'>tem</span> <span class='ocrx_word' id='word_1_343' title='bbox 1100 434 1255 473; x_wconf 86' lang='lat' dir='ltr'>proximi;</span> <span class='ocrx_word' id='word_1_344' title='bbox 1274 436 1302 463; x_wconf 88' lang='lat' dir='ltr'>et</span> <span class='ocrx_word' id='word_1_345' title='bbox 1314 433 1416 472; x_wconf 89' lang='lat' dir='ltr'>primo</span> <span class='ocrx_word' id='word_1_346' title='bbox 1428 433 1561 463; x_wconf 77' lang='lat' dir='ltr'>salutem</span> <span class='ocrx_word' id='word_1_347' title='bbox 1573 435 1680 473; x_wconf 79' lang='lat' dir='ltr'>patris,</span> <span class='ocrx_word' id='word_1_348' title='bbox 1698 444 1795 474; x_wconf 87' lang='lat' dir='ltr'>quam</span> 
     </span>
     <span class='ocr_line' id='line_1_54' title="bbox 1019 485 1793 526; baseline 0.005 -11"><span class='ocrx_word' id='word_1_349' title='bbox 1019 485 1154 524; x_wconf 87' lang='lat' dir='ltr'>alicujus</span> <span class='ocrx_word' id='word_1_350' title='bbox 1168 486 1312 522; x_wconf 82' lang='lat' dir='ltr'>alterius3</span> <span class='ocrx_word' id='word_1_351' title='bbox 1329 486 1412 516; x_wconf 75' lang='lat' dir='ltr'>etsie</span> <span class='ocrx_word' id='word_1_352' title='bbox 1424 486 1570 526; x_wconf 86' lang='lat' dir='ltr'>deinceps</span> <span class='ocrx_word' id='word_1_353' title='bbox 1585 488 1793 526; x_wconf 83' lang='lat' dir='ltr'>procedendo.</span> 
     </span>
     <span class='ocr_line' id='line_1_55' title="bbox 1019 537 1796 579; baseline 0.005 -11"><span class='ocrx_word' id='word_1_354' title='bbox 1019 537 1204 568; x_wconf 86' lang='lat' dir='ltr'>Secundum</span> <span class='ocrx_word' id='word_1_355' title='bbox 1234 548 1311 569; x_wconf 84' lang='lat' dir='ltr'>vero</span> <span class='ocrx_word' id='word_1_356' title='bbox 1339 539 1488 569; x_wconf 77' lang='lat' dir='ltr'>effectum</span> <span class='ocrx_word' id='word_1_357' title='bbox 1525 540 1651 579; x_wconf 88' lang='lat' dir='ltr'>respicit</span> <span class='ocrx_word' id='word_1_358' title='bbox 1690 541 1796 572; x_wconf 92' lang='lat' dir='ltr'>minus</span> 
     </span>
     <span class='ocr_line' id='line_1_56' title="bbox 1018 591 1795 634; baseline 0.006 -14"><span class='ocrx_word' id='word_1_359' title='bbox 1018 591 1245 630; x_wconf 79' lang='lat' dir='ltr'>principaliter,</span> <span class='ocrx_word' id='word_1_360' title='bbox 1271 592 1347 631; x_wconf 87' lang='lat' dir='ltr'>quia</span> <span class='ocrx_word' id='word_1_361' title='bbox 1375 592 1553 623; x_wconf 87' lang='lat' dir='ltr'>secundum</span> <span class='ocrx_word' id='word_1_362' title='bbox 1578 594 1718 625; x_wconf 82' lang='lat' dir='ltr'>diversas</span> <span class='ocrx_word' id='word_1_363' title='bbox 1738 604 1795 634; x_wconf 89' lang='lat' dir='ltr'>op-</span> 
     </span>
     <span class='ocr_line' id='line_1_57' title="bbox 1018 644 1796 687; baseline 0.006 -14"><span class='ocrx_word' id='word_1_364' title='bbox 1018 644 1228 682; x_wconf 85' lang='lat' dir='ltr'>portunitates</span> <span class='ocrx_word' id='word_1_365' title='bbox 1260 647 1361 684; x_wconf 88' lang='lat' dir='ltr'>potest</span> <span class='ocrx_word' id='word_1_366' title='bbox 1383 647 1413 675; x_wconf 89' lang='lat' dir='ltr'>et</span> <span class='ocrx_word' id='word_1_367' title='bbox 1439 645 1531 676; x_wconf 84' lang='lat' dir='ltr'>debet</span> <span class='ocrx_word' id='word_1_368' title='bbox 1563 647 1661 678; x_wconf 88' lang='lat' dir='ltr'>homo</span> <span class='ocrx_word' id='word_1_369' title='bbox 1691 648 1796 687; x_wconf 89' lang='lat' dir='ltr'>magis</span> 
     </span>
     <span class='ocr_line' id='line_1_58' title="bbox 1018 697 1796 741; baseline 0.008 -15"><span class='ocrx_word' id='word_1_370' title='bbox 1018 699 1048 726; x_wconf 90' lang='lat' dir='ltr'>et</span> <span class='ocrx_word' id='word_1_371' title='bbox 1064 697 1171 727; x_wconf 88' lang='lat' dir='ltr'>minus</span> <span class='ocrx_word' id='word_1_372' title='bbox 1187 707 1252 728; x_wconf 83' lang='lat' dir='ltr'>esse</span> <span class='ocrx_word' id='word_1_373' title='bbox 1263 698 1425 728; x_wconf 85' lang='lat' dir='ltr'>beneficus</span> <span class='ocrx_word' id='word_1_374' title='bbox 1440 699 1473 728; x_wconf 88' lang='lat' dir='ltr'>in</span> <span class='ocrx_word' id='word_1_375' title='bbox 1487 699 1651 731; x_wconf 86' lang='lat' dir='ltr'>collatione</span> <span class='ocrx_word' id='word_1_376' title='bbox 1660 702 1796 741; x_wconf 88' lang='lat' dir='ltr'>alicujus</span> 
     </span>
     <span class='ocr_line' id='line_1_59' title="bbox 1018 750 1794 792; baseline 0.008 -13"><span class='ocrx_word' id='word_1_377' title='bbox 1018 750 1177 780; x_wconf 86' lang='lat' dir='ltr'>commodi</span> <span class='ocrx_word' id='word_1_378' title='bbox 1190 752 1253 780; x_wconf 88' lang='lat' dir='ltr'>tem</span> <span class='ocrx_word' id='word_1_379' title='bbox 1259 750 1384 789; x_wconf 87' lang='lat' dir='ltr'>poralis.</span> <span class='ocrx_word' id='word_1_380' title='bbox 1397 751 1538 782; x_wconf 87' lang='lat' dir='ltr'>Tertium</span> <span class='ocrx_word' id='word_1_381' title='bbox 1550 761 1625 783; x_wconf 91' lang='lat' dir='ltr'>vero</span> <span class='ocrx_word' id='word_1_382' title='bbox 1634 753 1794 792; x_wconf 82' lang='lat' dir='ltr'>effectum,</span> 
     </span>
     <span class='ocr_line' id='line_1_60' title="bbox 1018 803 1792 846; baseline 0.009 -15"><span class='ocrx_word' id='word_1_383' title='bbox 1018 803 1073 842; x_wconf 80' lang='lat' dir='ltr'>qui</span> <span class='ocrx_word' id='word_1_384' title='bbox 1089 805 1135 833; x_wconf 88' lang='lat' dir='ltr'>est</span> <span class='ocrx_word' id='word_1_385' title='bbox 1146 803 1270 833; x_wconf 84' lang='lat' dir='ltr'>collatio</span> <span class='ocrx_word' id='word_1_386' title='bbox 1283 803 1418 843; x_wconf 85' lang='lat' dir='ltr'>alicujus</span> <span class='ocrx_word' id='word_1_387' title='bbox 1426 804 1570 835; x_wconf 84' lang='lat' dir='ltr'>beneficii</span> <span class='ocrx_word' id='word_1_388' title='bbox 1584 806 1792 846; x_wconf 84' lang='lat' dir='ltr'>ecclesiastici,</span> 
     </span>
     <span class='ocr_line' id='line_1_61' title="bbox 1018 856 1794 896; baseline 0.006 -11"><span class='ocrx_word' id='word_1_389' title='bbox 1018 856 1151 887; x_wconf 88' lang='lat' dir='ltr'>minime</span> <span class='ocrx_word' id='word_1_390' title='bbox 1164 857 1290 896; x_wconf 83' lang='lat' dir='ltr'>respicit</span> <span class='ocrx_word' id='word_1_391' title='bbox 1302 856 1378 887; x_wconf 88' lang='lat' dir='ltr'>ordo</span> <span class='ocrx_word' id='word_1_392' title='bbox 1394 857 1555 888; x_wconf 85' lang='lat' dir='ltr'>charitatis</span> <span class='ocrx_word' id='word_1_393' title='bbox 1566 868 1572 888; x_wconf 93' lang='lat'><strong>:</strong></span> <span class='ocrx_word' id='word_1_394' title='bbox 1583 859 1616 889; x_wconf 90' lang='lat' dir='ltr'>in</span> <span class='ocrx_word' id='word_1_395' title='bbox 1631 859 1794 891; x_wconf 89' lang='lat' dir='ltr'>collatione</span> 
     </span>
     <span class='ocr_line' id='line_1_62' title="bbox 1017 909 1795 944; baseline 0.006 -5"><span class='ocrx_word' id='word_1_396' title='bbox 1017 909 1104 940; x_wconf 82' lang='lat' dir='ltr'>enim</span> <span class='ocrx_word' id='word_1_397' title='bbox 1133 909 1246 940; x_wconf 87' lang='lat' dir='ltr'>talium</span> <span class='ocrx_word' id='word_1_398' title='bbox 1270 910 1498 941; x_wconf 72' lang='lat' dir='ltr'>beneficiorum</span> <span class='ocrx_word' id='word_1_399' title='bbox 1524 911 1664 943; x_wconf 88' lang='lat' dir='ltr'>multum</span> <span class='ocrx_word' id='word_1_400' title='bbox 1691 915 1795 944; x_wconf 87' lang='lat' dir='ltr'>atten-</span> 
     </span>
     <span class='ocr_line' id='line_1_63' title="bbox 1017 963 1794 1004; baseline 0.004 -11"><span class='ocrx_word' id='word_1_401' title='bbox 1017 963 1119 993; x_wconf 87' lang='lat' dir='ltr'>denda</span> <span class='ocrx_word' id='word_1_402' title='bbox 1133 965 1179 993; x_wconf 87' lang='lat' dir='ltr'>est</span> <span class='ocrx_word' id='word_1_403' title='bbox 1194 963 1301 993; x_wconf 88' lang='lat' dir='ltr'>meriti</span> <span class='ocrx_word' id='word_1_404' title='bbox 1319 963 1469 1002; x_wconf 77' lang='lat' dir='ltr'>dignitas,</span> <span class='ocrx_word' id='word_1_405' title='bbox 1487 967 1517 995; x_wconf 92' lang='lat' dir='ltr'>et</span> <span class='ocrx_word' id='word_1_406' title='bbox 1533 974 1658 1004; x_wconf 87' lang='lat' dir='ltr'>parum,</span> <span class='ocrx_word' id='word_1_407' title='bbox 1674 969 1729 996; x_wconf 87' lang='lat' dir='ltr'>aut</span> <span class='ocrx_word' id='word_1_408' title='bbox 1744 967 1794 996; x_wconf 88' lang='lat' dir='ltr'>ni-</span> 
     </span>
     <span class='ocr_line' id='line_1_64' title="bbox 1017 1016 1794 1056; baseline 0.006 -11"><span class='ocrx_word' id='word_1_409' title='bbox 1017 1016 1061 1046; x_wconf 89' lang='lat' dir='ltr'>hil</span> <span class='ocrx_word' id='word_1_410' title='bbox 1083 1016 1252 1055; x_wconf 82' lang='lat' dir='ltr'>sanguinis</span> <span class='ocrx_word' id='word_1_411' title='bbox 1280 1017 1476 1056; x_wconf 83' lang='lat' dir='ltr'>proximitas.</span> <span class='ocrx_word' id='word_1_412' title='bbox 1501 1017 1682 1049; x_wconf 80' lang='lat' dir='ltr'>Verendum</span> <span class='ocrx_word' id='word_1_413' title='bbox 1708 1020 1794 1050; x_wconf 90' lang='lat' dir='ltr'>enim</span> 
     </span>
     <span class='ocr_line' id='line_1_65' title="bbox 1017 1070 1794 1109; baseline 0.005 -10"><span class='ocrx_word' id='word_1_414' title='bbox 1017 1070 1109 1100; x_wconf 83' lang='lat' dir='ltr'>valde</span> <span class='ocrx_word' id='word_1_415' title='bbox 1131 1072 1188 1107; x_wconf 83' lang='lat' dir='ltr'>est,</span> <span class='ocrx_word' id='word_1_416' title='bbox 1208 1079 1249 1099; x_wconf 89' lang='lat' dir='ltr'>ne</span> <span class='ocrx_word' id='word_1_417' title='bbox 1272 1070 1330 1100; x_wconf 88' lang='lat' dir='ltr'>sub</span> <span class='ocrx_word' id='word_1_418' title='bbox 1350 1070 1444 1109; x_wconf 87' lang='lat' dir='ltr'>pallio</span> <span class='ocrx_word' id='word_1_419' title='bbox 1465 1071 1640 1109; x_wconf 76' lang='lat' dir='ltr'>charitatis,</span> <span class='ocrx_word' id='word_1_420' title='bbox 1663 1072 1794 1104; x_wconf 81' lang='lat' dir='ltr'>affectus</span> 
     </span>
     <span class='ocr_line' id='line_1_66' title="bbox 1015 1122 1792 1165; baseline 0.006 -14"><span class='ocrx_word' id='word_1_421' title='bbox 1015 1122 1109 1152; x_wconf 86' lang='lat' dir='ltr'>lateat</span> <span class='ocrx_word' id='word_1_422' title='bbox 1125 1122 1327 1152; x_wconf 80' lang='lat' dir='ltr'>carnalitatis.</span> <span class='ocrx_word' id='word_1_423' title='bbox 1346 1122 1393 1153; x_wconf 86' lang='lat' dir='ltr'>Ex</span> <span class='ocrx_word' id='word_1_424' title='bbox 1407 1123 1458 1153; x_wconf 91' lang='lat' dir='ltr'>his</span> <span class='ocrx_word' id='word_1_425' title='bbox 1476 1126 1583 1163; x_wconf 88' lang='lat' dir='ltr'>patent</span> <span class='ocrx_word' id='word_1_426' title='bbox 1599 1125 1707 1155; x_wconf 90' lang='lat' dir='ltr'>omnia</span> <span class='ocrx_word' id='word_1_427' title='bbox 1720 1135 1792 1165; x_wconf 86' lang='lat' dir='ltr'>quae</span> 
     </span>
     <span class='ocr_line' id='line_1_67' title="bbox 1016 1176 1200 1206; baseline 0 0"><span class='ocrx_word' id='word_1_428' title='bbox 1016 1176 1099 1206; x_wconf 85' lang='lat' dir='ltr'>dicta</span> <span class='ocrx_word' id='word_1_429' title='bbox 1114 1178 1200 1206; x_wconf 87' lang='lat' dir='ltr'>sunt.</span> 
     </span>
    </p>

    <p class='ocr_par' dir='ltr' id='par_1_8' title="bbox 1014 1229 1794 1591">
     <span class='ocr_line' id='line_1_68' title="bbox 1057 1229 1793 1270; baseline 0.005 -12"><span class='ocrx_word' id='word_1_430' title='bbox 1057 1230 1085 1259; x_wconf 93' lang='lat'>1.</span> <span class='ocrx_word' id='word_1_431' title='bbox 1103 1229 1149 1259; x_wconf 88' lang='lat' dir='ltr'>Ad</span> <span class='ocrx_word' id='word_1_432' title='bbox 1165 1229 1242 1259; x_wconf 90' lang='lat' dir='ltr'>illud</span> <span class='ocrx_word' id='word_1_433' title='bbox 1261 1230 1347 1260; x_wconf 88' lang='lat' dir='ltr'>enim</span> <span class='ocrx_word' id='word_1_434' title='bbox 1367 1230 1452 1270; x_wconf 87' lang='lat' dir='ltr'>quod</span> <span class='ocrx_word' id='word_1_435' title='bbox 1472 1230 1576 1270; x_wconf 80' lang='lat' dir='ltr'>primo</span> <span class='ocrx_word' id='word_1_436' title='bbox 1591 1231 1740 1270; x_wconf 88' lang='lat' dir='ltr'>objicitur</span> <span class='ocrx_word' id='word_1_437' title='bbox 1755 1233 1793 1263; x_wconf 93' lang='lat' dir='ltr'>de</span> 
     </span>
     <span class='ocr_line' id='line_1_69' title="bbox 1015 1282 1794 1324; baseline 0.006 -13"><span class='ocrx_word' id='word_1_438' title='bbox 1015 1282 1130 1312; x_wconf 81' lang='lat' dir='ltr'>affectu</span> <span class='ocrx_word' id='word_1_439' title='bbox 1146 1283 1322 1320; x_wconf 83' lang='lat' dir='ltr'>amicabili,</span> <span class='ocrx_word' id='word_1_440' title='bbox 1339 1283 1394 1323; x_wconf 89' lang='lat' dir='ltr'>qui</span> <span class='ocrx_word' id='word_1_441' title='bbox 1414 1286 1460 1314; x_wconf 88' lang='lat' dir='ltr'>est</span> <span class='ocrx_word' id='word_1_442' title='bbox 1481 1284 1520 1314; x_wconf 83' lang='lat' dir='ltr'>ad</span> <span class='ocrx_word' id='word_1_443' title='bbox 1545 1284 1666 1314; x_wconf 89' lang='lat' dir='ltr'>socium</span> <span class='ocrx_word' id='word_1_444' title='bbox 1689 1286 1794 1324; x_wconf 82' lang='lat' dir='ltr'>magis</span> 
     </span>
     <span class='ocr_line' id='line_1_70' title="bbox 1015 1336 1794 1379; baseline 0.005 -13"><span class='ocrx_word' id='word_1_445' title='bbox 1015 1345 1112 1375; x_wconf 91' lang='lat' dir='ltr'>quam</span> <span class='ocrx_word' id='word_1_446' title='bbox 1127 1336 1166 1367; x_wconf 87' lang='lat' dir='ltr'>ad</span> <span class='ocrx_word' id='word_1_447' title='bbox 1183 1336 1324 1374; x_wconf 85' lang='lat' dir='ltr'>fratrem,</span> <span class='ocrx_word' id='word_1_448' title='bbox 1339 1338 1407 1376; x_wconf 70' lang='lat' dir='ltr'>Jam</span> <span class='ocrx_word' id='word_1_449' title='bbox 1423 1339 1507 1376; x_wconf 84' lang='lat' dir='ltr'>patet</span> <span class='ocrx_word' id='word_1_450' title='bbox 1522 1338 1699 1377; x_wconf 89' lang='lat' dir='ltr'>responsio,</span> <span class='ocrx_word' id='word_1_451' title='bbox 1717 1339 1794 1379; x_wconf 85' lang='lat' dir='ltr'>quia</span> 
     </span>
     <span class='ocr_line' id='line_1_71' title="bbox 1015 1388 1792 1431; baseline 0.006 -13"><span class='ocrx_word' id='word_1_452' title='bbox 1015 1388 1093 1419; x_wconf 89' lang='lat' dir='ltr'>illud</span> <span class='ocrx_word' id='word_1_453' title='bbox 1107 1389 1298 1428; x_wconf 81' lang='lat' dir='ltr'>intelligitur</span> <span class='ocrx_word' id='word_1_454' title='bbox 1309 1390 1346 1420; x_wconf 90' lang='lat' dir='ltr'>de</span> <span class='ocrx_word' id='word_1_455' title='bbox 1359 1390 1486 1428; x_wconf 80' lang='lat' dir='ltr'>affectu,</span> <span class='ocrx_word' id='word_1_456' title='bbox 1500 1390 1556 1430; x_wconf 88' lang='lat' dir='ltr'>qui</span> <span class='ocrx_word' id='word_1_457' title='bbox 1567 1393 1613 1421; x_wconf 91' lang='lat' dir='ltr'>est</span> <span class='ocrx_word' id='word_1_458' title='bbox 1625 1392 1792 1431; x_wconf 80' lang='lat' dir='ltr'>cujusdam</span> 
     </span>
     <span class='ocr_line' id='line_1_72' title="bbox 1017 1443 1792 1485; baseline 0.004 -12"><span class='ocrx_word' id='word_1_459' title='bbox 1017 1443 1189 1473; x_wconf 84' lang='lat' dir='ltr'>mulcebris</span> <span class='ocrx_word' id='word_1_460' title='bbox 1204 1444 1456 1483; x_wconf 81' lang='lat' dir='ltr'>complacentiae,</span> <span class='ocrx_word' id='word_1_461' title='bbox 1473 1444 1594 1475; x_wconf 82' lang='lat' dir='ltr'>ratione</span> <span class='ocrx_word' id='word_1_462' title='bbox 1613 1446 1706 1484; x_wconf 89' lang='lat' dir='ltr'>cujus</span> <span class='ocrx_word' id='word_1_463' title='bbox 1721 1446 1792 1485; x_wconf 92' lang='lat' dir='ltr'>plus</span> 
     </span>
     <span class='ocr_line' id='line_1_73' title="bbox 1014 1496 1788 1536; baseline 0.004 -10"><span class='ocrx_word' id='word_1_464' title='bbox 1014 1496 1186 1527; x_wconf 82' lang='lat' dir='ltr'>delectatur</span> <span class='ocrx_word' id='word_1_465' title='bbox 1203 1498 1236 1536; x_wconf 60' lang='lat' dir='ltr'>[c]</span> <span class='ocrx_word' id='word_1_466' title='bbox 1251 1497 1347 1527; x_wconf 79' lang='lat' dir='ltr'>homo</span> <span class='ocrx_word' id='word_1_467' title='bbox 1361 1497 1503 1528; x_wconf 84' lang='lat' dir='ltr'>habitare</span> <span class='ocrx_word' id='word_1_468' title='bbox 1514 1507 1588 1528; x_wconf 88' lang='lat' dir='ltr'>cum</span> <span class='ocrx_word' id='word_1_469' title='bbox 1600 1498 1683 1529; x_wconf 88' lang='lat' dir='ltr'>bono</span> <span class='ocrx_word' id='word_1_470' title='bbox 1693 1500 1788 1536; x_wconf 83' lang='lat' dir='ltr'>socio,</span> 
     </span>
     <span class='ocr_line' id='line_1_74' title="bbox 1014 1550 1748 1591; baseline 0.005 -12"><span class='ocrx_word' id='word_1_471' title='bbox 1014 1559 1111 1589; x_wconf 88' lang='lat' dir='ltr'>quam</span> <span class='ocrx_word' id='word_1_472' title='bbox 1125 1559 1197 1580; x_wconf 89' lang='lat' dir='ltr'>cum</span> <span class='ocrx_word' id='word_1_473' title='bbox 1213 1551 1323 1588; x_wconf 85' lang='lat' dir='ltr'>fratre,</span> <span class='ocrx_word' id='word_1_474' title='bbox 1341 1550 1392 1581; x_wconf 75' lang='lat' dir='ltr'>vel</span> <span class='ocrx_word' id='word_1_475' title='bbox 1408 1560 1481 1581; x_wconf 87' lang='lat' dir='ltr'>cum</span> <span class='ocrx_word' id='word_1_476' title='bbox 1497 1552 1748 1591; x_wconf 82' lang='lat' dir='ltr'>consanguineo.</span> 
     </span>
    </p>

    <p class='ocr_par' dir='ltr' id='par_1_9' title="bbox 1010 1603 1791 2393">
     <span class='ocr_line' id='line_1_75' title="bbox 1054 1603 1790 1645; baseline 0.004 -12"><span class='ocrx_word' id='word_1_477' title='bbox 1054 1605 1083 1633; x_wconf 72' lang='lat'>2.</span> <span class='ocrx_word' id='word_1_478' title='bbox 1101 1603 1149 1633; x_wconf 86' lang='lat' dir='ltr'>Ad</span> <span class='ocrx_word' id='word_1_479' title='bbox 1171 1603 1248 1633; x_wconf 90' lang='lat' dir='ltr'>illud</span> <span class='ocrx_word' id='word_1_480' title='bbox 1273 1604 1359 1643; x_wconf 90' lang='lat' dir='ltr'>quod</span> <span class='ocrx_word' id='word_1_481' title='bbox 1382 1603 1534 1643; x_wconf 85' lang='lat' dir='ltr'>objicitur</span> <span class='ocrx_word' id='word_1_482' title='bbox 1554 1604 1591 1635; x_wconf 87' lang='lat' dir='ltr'>de</span> <span class='ocrx_word' id='word_1_483' title='bbox 1608 1604 1687 1643; x_wconf 90' lang='lat' dir='ltr'>hoc,</span> <span class='ocrx_word' id='word_1_484' title='bbox 1705 1606 1790 1645; x_wconf 87' lang='lat' dir='ltr'>quod</span> 
     </span>
     <span class='ocr_line' id='line_1_76' title="bbox 1015 1655 1788 1696; baseline 0.004 -10"><span class='ocrx_word' id='word_1_485' title='bbox 1015 1655 1086 1695; x_wconf 90' lang='lat' dir='ltr'>plus</span> <span class='ocrx_word' id='word_1_486' title='bbox 1111 1656 1283 1687; x_wconf 87' lang='lat' dir='ltr'>delectatur</span> <span class='ocrx_word' id='word_1_487' title='bbox 1310 1657 1408 1687; x_wconf 91' lang='lat' dir='ltr'>homo</span> <span class='ocrx_word' id='word_1_488' title='bbox 1437 1657 1524 1696; x_wconf 87' lang='lat' dir='ltr'>loqui</span> <span class='ocrx_word' id='word_1_489' title='bbox 1555 1667 1629 1688; x_wconf 84' lang='lat' dir='ltr'>cum</span> <span class='ocrx_word' id='word_1_490' title='bbox 1664 1658 1768 1689; x_wconf 88' lang='lat' dir='ltr'>amico</span> <span class='ocrx_word' id='word_1_491' title='bbox 1781 1682 1788 1695; x_wconf 91' lang='lat'>,</span> 
     </span>
     <span class='ocr_line' id='line_1_77' title="bbox 1014 1710 1791 1752; baseline 0.005 -13"><span class='ocrx_word' id='word_1_492' title='bbox 1014 1718 1111 1749; x_wconf 87' lang='lat' dir='ltr'>quam</span> <span class='ocrx_word' id='word_1_493' title='bbox 1130 1710 1217 1750; x_wconf 89' lang='lat' dir='ltr'>loqui</span> <span class='ocrx_word' id='word_1_494' title='bbox 1242 1720 1316 1741; x_wconf 87' lang='lat' dir='ltr'>cum</span> <span class='ocrx_word' id='word_1_495' title='bbox 1342 1710 1420 1748; x_wconf 90' lang='lat' dir='ltr'>Deo,</span> <span class='ocrx_word' id='word_1_496' title='bbox 1446 1711 1590 1741; x_wconf 86' lang='lat' dir='ltr'>similiter</span> <span class='ocrx_word' id='word_1_497' title='bbox 1611 1712 1681 1751; x_wconf 81' lang='lat' dir='ltr'>jam</span> <span class='ocrx_word' id='word_1_498' title='bbox 1705 1714 1791 1752; x_wconf 87' lang='lat' dir='ltr'>patet</span> 
     </span>
     <span class='ocr_line' id='line_1_78' title="bbox 1013 1763 1790 1805; baseline 0.005 -13"><span class='ocrx_word' id='word_1_499' title='bbox 1013 1763 1175 1802; x_wconf 87' lang='lat' dir='ltr'>responsio</span> <span class='ocrx_word' id='word_1_500' title='bbox 1196 1775 1204 1800; x_wconf 90' lang='lat'>;</span> <span class='ocrx_word' id='word_1_501' title='bbox 1238 1763 1314 1803; x_wconf 85' lang='lat' dir='ltr'>quia</span> <span class='ocrx_word' id='word_1_502' title='bbox 1345 1763 1416 1794; x_wconf 86' lang='lat' dir='ltr'>talis</span> <span class='ocrx_word' id='word_1_503' title='bbox 1449 1763 1612 1794; x_wconf 85' lang='lat' dir='ltr'>delectatio</span> <span class='ocrx_word' id='word_1_504' title='bbox 1645 1765 1790 1805; x_wconf 87' lang='lat' dir='ltr'>sequitur</span> 
     </span>
     <span class='ocr_line' id='line_1_79' title="bbox 1013 1816 1788 1857; baseline 0.004 -11"><span class='ocrx_word' id='word_1_505' title='bbox 1013 1816 1194 1847; x_wconf 85' lang='lat' dir='ltr'>sensibilem</span> <span class='ocrx_word' id='word_1_506' title='bbox 1223 1817 1453 1856; x_wconf 86' lang='lat' dir='ltr'>experientiam</span> <span class='ocrx_word' id='word_1_507' title='bbox 1482 1828 1489 1847; x_wconf 87' lang='lat'>:</span> <span class='ocrx_word' id='word_1_508' title='bbox 1517 1819 1547 1847; x_wconf 89' lang='lat' dir='ltr'>et</span> <span class='ocrx_word' id='word_1_509' title='bbox 1576 1817 1651 1856; x_wconf 83' lang='lat' dir='ltr'>quia</span> <span class='ocrx_word' id='word_1_510' title='bbox 1679 1818 1788 1857; x_wconf 84' lang='lat' dir='ltr'>proxi-</span> 
     </span>
     <span class='ocr_line' id='line_1_80' title="bbox 1013 1869 1787 1908; baseline 0.004 -9"><span class='ocrx_word' id='word_1_511' title='bbox 1013 1879 1103 1900; x_wconf 90' lang='lat' dir='ltr'>mum</span> <span class='ocrx_word' id='word_1_512' title='bbox 1120 1879 1216 1900; x_wconf 86' lang='lat' dir='ltr'>suum</span> <span class='ocrx_word' id='word_1_513' title='bbox 1232 1870 1332 1908; x_wconf 86' lang='lat' dir='ltr'>videt,</span> <span class='ocrx_word' id='word_1_514' title='bbox 1349 1869 1450 1900; x_wconf 89' lang='lat' dir='ltr'>Deum</span> <span class='ocrx_word' id='word_1_515' title='bbox 1472 1872 1579 1900; x_wconf 86' lang='lat' dir='ltr'>autem</span> <span class='ocrx_word' id='word_1_516' title='bbox 1602 1878 1667 1901; x_wconf 92' lang='lat' dir='ltr'>non</span> <span class='ocrx_word' id='word_1_517' title='bbox 1687 1871 1787 1908; x_wconf 88' lang='lat' dir='ltr'>videt,</span> 
     </span>
     <span class='ocr_line' id='line_1_81' title="bbox 1013 1923 1790 1963; baseline 0.003 -10"><span class='ocrx_word' id='word_1_518' title='bbox 1013 1924 1088 1954; x_wconf 85' lang='lat' dir='ltr'>hinc</span> <span class='ocrx_word' id='word_1_519' title='bbox 1101 1926 1146 1954; x_wconf 88' lang='lat' dir='ltr'>est</span> <span class='ocrx_word' id='word_1_520' title='bbox 1163 1923 1248 1963; x_wconf 86' lang='lat' dir='ltr'>quod</span> <span class='ocrx_word' id='word_1_521' title='bbox 1262 1923 1334 1963; x_wconf 91' lang='lat' dir='ltr'>plus</span> <span class='ocrx_word' id='word_1_522' title='bbox 1348 1923 1521 1954; x_wconf 86' lang='lat' dir='ltr'>delectatur</span> <span class='ocrx_word' id='word_1_523' title='bbox 1533 1923 1702 1963; x_wconf 88' lang='lat' dir='ltr'>aliquando</span> <span class='ocrx_word' id='word_1_524' title='bbox 1717 1924 1790 1956; x_wconf 91' lang='lat' dir='ltr'>allo-</span> 
     </span>
     <span class='ocr_line' id='line_1_82' title="bbox 1013 1976 1790 2016; baseline 0.003 -10"><span class='ocrx_word' id='word_1_525' title='bbox 1013 1976 1068 2016; x_wconf 90' lang='lat' dir='ltr'>qui</span> <span class='ocrx_word' id='word_1_526' title='bbox 1094 1976 1301 2016; x_wconf 85' lang='lat' dir='ltr'>proximum,</span> <span class='ocrx_word' id='word_1_527' title='bbox 1326 1985 1424 2016; x_wconf 90' lang='lat' dir='ltr'>quam</span> <span class='ocrx_word' id='word_1_528' title='bbox 1453 1985 1545 2007; x_wconf 87' lang='lat' dir='ltr'>orare</span> <span class='ocrx_word' id='word_1_529' title='bbox 1570 1976 1692 2016; x_wconf 90' lang='lat' dir='ltr'>Deum,</span> <span class='ocrx_word' id='word_1_530' title='bbox 1717 1978 1790 2009; x_wconf 88' lang='lat' dir='ltr'>licet</span> 
     </span>
     <span class='ocr_line' id='line_1_83' title="bbox 1013 2029 1788 2070; baseline 0.003 -10"><span class='ocrx_word' id='word_1_531' title='bbox 1013 2029 1114 2060; x_wconf 89' lang='lat' dir='ltr'>multo</span> <span class='ocrx_word' id='word_1_532' title='bbox 1143 2030 1215 2069; x_wconf 83' lang='lat' dir='ltr'>plus</span> <span class='ocrx_word' id='word_1_533' title='bbox 1247 2030 1346 2060; x_wconf 90' lang='lat' dir='ltr'>Deum</span> <span class='ocrx_word' id='word_1_534' title='bbox 1373 2030 1501 2069; x_wconf 82' lang='lat' dir='ltr'>diligat,</span> <span class='ocrx_word' id='word_1_535' title='bbox 1527 2038 1625 2070; x_wconf 90' lang='lat' dir='ltr'>quam</span> <span class='ocrx_word' id='word_1_536' title='bbox 1649 2031 1788 2062; x_wconf 86' lang='lat' dir='ltr'>amicum</span> 
     </span>
     <span class='ocr_line' id='line_1_84' title="bbox 1013 2083 1788 2116; baseline 0.001 -1"><span class='ocrx_word' id='word_1_537' title='bbox 1013 2093 1122 2115; x_wconf 89' lang='lat' dir='ltr'>suum.</span> <span class='ocrx_word' id='word_1_538' title='bbox 1139 2083 1224 2114; x_wconf 85' lang='lat' dir='ltr'>Licet</span> <span class='ocrx_word' id='word_1_539' title='bbox 1239 2086 1347 2114; x_wconf 87' lang='lat' dir='ltr'>autem</span> <span class='ocrx_word' id='word_1_540' title='bbox 1360 2083 1418 2114; x_wconf 90' lang='lat' dir='ltr'>iste</span> <span class='ocrx_word' id='word_1_541' title='bbox 1433 2084 1562 2114; x_wconf 80' lang='lat' dir='ltr'>affectus</span> <span class='ocrx_word' id='word_1_542' title='bbox 1577 2083 1610 2114; x_wconf 88' lang='lat' dir='ltr'>in</span> <span class='ocrx_word' id='word_1_543' title='bbox 1624 2085 1703 2115; x_wconf 88' lang='lat' dir='ltr'>viris</span> <span class='ocrx_word' id='word_1_544' title='bbox 1719 2094 1788 2116; x_wconf 89' lang='lat' dir='ltr'>car-</span> 
     </span>
     <span class='ocr_line' id='line_1_85' title="bbox 1012 2137 1788 2178; baseline 0.001 -10"><span class='ocrx_word' id='word_1_545' title='bbox 1012 2137 1150 2175; x_wconf 84' lang='lat' dir='ltr'>nalibus,</span> <span class='ocrx_word' id='word_1_546' title='bbox 1167 2137 1225 2176; x_wconf 87' lang='lat' dir='ltr'>qui</span> <span class='ocrx_word' id='word_1_547' title='bbox 1242 2137 1318 2168; x_wconf 81' lang='lat' dir='ltr'>huic</span> <span class='ocrx_word' id='word_1_548' title='bbox 1334 2137 1455 2168; x_wconf 87' lang='lat' dir='ltr'>mundo</span> <span class='ocrx_word' id='word_1_549' title='bbox 1470 2137 1565 2168; x_wconf 90' lang='lat' dir='ltr'>dediti</span> <span class='ocrx_word' id='word_1_550' title='bbox 1579 2139 1664 2175; x_wconf 83' lang='lat' dir='ltr'>sunt,</span> <span class='ocrx_word' id='word_1_551' title='bbox 1681 2138 1788 2178; x_wconf 90' lang='lat' dir='ltr'>aliquo</span> 
     </span>
     <span class='ocr_line' id='line_1_86' title="bbox 1012 2192 1788 2232; baseline 0.001 -9"><span class='ocrx_word' id='word_1_552' title='bbox 1012 2193 1107 2224; x_wconf 87' lang='lat' dir='ltr'>modo</span> <span class='ocrx_word' id='word_1_553' title='bbox 1123 2193 1163 2223; x_wconf 89' lang='lat' dir='ltr'>sit</span> <span class='ocrx_word' id='word_1_554' title='bbox 1178 2192 1364 2229; x_wconf 84' lang='lat' dir='ltr'>tolerabilis;</span> <span class='ocrx_word' id='word_1_555' title='bbox 1382 2192 1414 2223; x_wconf 91' lang='lat' dir='ltr'>in</span> <span class='ocrx_word' id='word_1_556' title='bbox 1428 2192 1505 2223; x_wconf 87' lang='lat' dir='ltr'>viris</span> <span class='ocrx_word' id='word_1_557' title='bbox 1519 2194 1627 2223; x_wconf 85' lang='lat' dir='ltr'>tamen</span> <span class='ocrx_word' id='word_1_558' title='bbox 1641 2192 1788 2232; x_wconf 89' lang='lat' dir='ltr'>spiritua-</span> 
     </span>
     <span class='ocr_line' id='line_1_87' title="bbox 1011 2245 1788 2285; baseline 0.001 -9"><span class='ocrx_word' id='word_1_559' title='bbox 1011 2246 1107 2284; x_wconf 87' lang='lat' dir='ltr'>libus,</span> <span class='ocrx_word' id='word_1_560' title='bbox 1124 2255 1264 2285; x_wconf 87' lang='lat' dir='ltr'>quorum</span> <span class='ocrx_word' id='word_1_561' title='bbox 1284 2248 1330 2276; x_wconf 88' lang='lat' dir='ltr'>est</span> <span class='ocrx_word' id='word_1_562' title='bbox 1355 2245 1493 2285; x_wconf 86' lang='lat' dir='ltr'>experiri</span> <span class='ocrx_word' id='word_1_563' title='bbox 1514 2254 1611 2285; x_wconf 87' lang='lat' dir='ltr'>quam</span> <span class='ocrx_word' id='word_1_564' title='bbox 1635 2245 1740 2276; x_wconf 87' lang='lat' dir='ltr'>suavis</span> <span class='ocrx_word' id='word_1_565' title='bbox 1757 2249 1788 2277; x_wconf 89' lang='lat' dir='ltr'>et</span> 
     </span>
     <span class='ocr_line' id='line_1_88' title="bbox 1011 2299 1787 2340; baseline 0 -9"><span class='ocrx_word' id='word_1_566' title='bbox 1011 2301 1111 2332; x_wconf 87' lang='lat' dir='ltr'>dulcis</span> <span class='ocrx_word' id='word_1_567' title='bbox 1132 2302 1179 2331; x_wconf 89' lang='lat' dir='ltr'>est</span> <span class='ocrx_word' id='word_1_568' title='bbox 1197 2299 1367 2337; x_wconf 87' lang='lat' dir='ltr'>Dominus,</span> <span class='ocrx_word' id='word_1_569' title='bbox 1383 2300 1475 2331; x_wconf 77' lang='lat' dir='ltr'>valde</span> <span class='ocrx_word' id='word_1_570' title='bbox 1490 2301 1537 2331; x_wconf 88' lang='lat' dir='ltr'>est</span> <span class='ocrx_word' id='word_1_571' title='bbox 1551 2300 1787 2340; x_wconf 89' lang='lat' dir='ltr'>reprehensibi—</span> 
     </span>
     <span class='ocr_line' id='line_1_89' title="bbox 1010 2353 1783 2393; baseline 0 -8"><span class='ocrx_word' id='word_1_572' title='bbox 1010 2355 1061 2392; x_wconf 90' lang='lat' dir='ltr'>lis,</span> <span class='ocrx_word' id='word_1_573' title='bbox 1074 2356 1104 2384; x_wconf 92' lang='lat' dir='ltr'>et</span> <span class='ocrx_word' id='word_1_574' title='bbox 1119 2363 1192 2384; x_wconf 90' lang='lat' dir='ltr'>cum</span> <span class='ocrx_word' id='word_1_575' title='bbox 1209 2361 1328 2393; x_wconf 87' lang='lat' dir='ltr'>magna</span> <span class='ocrx_word' id='word_1_576' title='bbox 1338 2354 1501 2393; x_wconf 83' lang='lat' dir='ltr'>diligentia</span> <span class='ocrx_word' id='word_1_577' title='bbox 1514 2353 1606 2384; x_wconf 89' lang='lat' dir='ltr'>debet</span> <span class='ocrx_word' id='word_1_578' title='bbox 1620 2354 1783 2393; x_wconf 82' lang='lat' dir='ltr'>extirpari.</span> 
     </span>
    </p>

    <p class='ocr_par' dir='ltr' id='par_1_10' title="bbox 1010 2406 1786 2660">
     <span class='ocr_line' id='line_1_90' title="bbox 1053 2406 1786 2446; baseline 0.001 -9"><span class='ocrx_word' id='word_1_579' title='bbox 1053 2410 1079 2438; x_wconf 87' lang='lat'>3.</span> <span class='ocrx_word' id='word_1_580' title='bbox 1100 2407 1148 2437; x_wconf 89' lang='lat' dir='ltr'>Ad</span> <span class='ocrx_word' id='word_1_581' title='bbox 1168 2407 1245 2437; x_wconf 89' lang='lat' dir='ltr'>illud</span> <span class='ocrx_word' id='word_1_582' title='bbox 1267 2406 1352 2446; x_wconf 90' lang='lat' dir='ltr'>quod</span> <span class='ocrx_word' id='word_1_583' title='bbox 1372 2407 1520 2446; x_wconf 85' lang='lat' dir='ltr'>objicitur</span> <span class='ocrx_word' id='word_1_584' title='bbox 1532 2430 1539 2443; x_wconf 90' lang='lat'>‚</span> <span class='ocrx_word' id='word_1_585' title='bbox 1557 2406 1642 2446; x_wconf 88' lang='lat' dir='ltr'>quod</span> <span class='ocrx_word' id='word_1_586' title='bbox 1657 2406 1786 2438; x_wconf 83' lang='lat' dir='ltr'>effectus</span> 
     </span>
     <span class='ocr_line' id='line_1_91' title="bbox 1012 2460 1786 2500; baseline 0.001 -9"><span class='ocrx_word' id='word_1_587' title='bbox 1012 2469 1076 2491; x_wconf 88' lang='lat' dir='ltr'>non</span> <span class='ocrx_word' id='word_1_588' title='bbox 1092 2462 1138 2491; x_wconf 90' lang='lat' dir='ltr'>est</span> <span class='ocrx_word' id='word_1_589' title='bbox 1156 2460 1189 2490; x_wconf 90' lang='lat' dir='ltr'>in</span> <span class='ocrx_word' id='word_1_590' title='bbox 1205 2462 1356 2499; x_wconf 87' lang='lat' dir='ltr'>potestate</span> <span class='ocrx_word' id='word_1_591' title='bbox 1371 2462 1495 2498; x_wconf 90' lang='lat' dir='ltr'>nostra,</span> <span class='ocrx_word' id='word_1_592' title='bbox 1512 2460 1681 2490; x_wconf 88' lang='lat' dir='ltr'>dicendum</span> <span class='ocrx_word' id='word_1_593' title='bbox 1699 2461 1786 2500; x_wconf 86' lang='lat' dir='ltr'>quod</span> 
     </span>
     <span class='ocr_line' id='line_1_92' title="bbox 1010 2513 1786 2553; baseline -0.001 -8"><span class='ocrx_word' id='word_1_594' title='bbox 1010 2514 1067 2545; x_wconf 89' lang='lat' dir='ltr'>etsi</span> <span class='ocrx_word' id='word_1_595' title='bbox 1082 2522 1148 2544; x_wconf 89' lang='lat' dir='ltr'>nou</span> <span class='ocrx_word' id='word_1_596' title='bbox 1164 2513 1205 2543; x_wconf 87' lang='lat' dir='ltr'>sit</span> <span class='ocrx_word' id='word_1_597' title='bbox 1224 2513 1257 2543; x_wconf 91' lang='lat' dir='ltr'>in</span> <span class='ocrx_word' id='word_1_598' title='bbox 1273 2515 1423 2553; x_wconf 89' lang='lat' dir='ltr'>potestate</span> <span class='ocrx_word' id='word_1_599' title='bbox 1444 2515 1551 2544; x_wconf 89' lang='lat' dir='ltr'>nostra</span> <span class='ocrx_word' id='word_1_600' title='bbox 1565 2513 1714 2544; x_wconf 80' lang='lat' dir='ltr'>effectum</span> <span class='ocrx_word' id='word_1_601' title='bbox 1728 2523 1786 2545; x_wconf 88' lang='lat' dir='ltr'>ex-</span> 
     </span>
     <span class='ocr_line' id='line_1_93' title="bbox 1011 2566 1784 2606; baseline 0 -8"><span class='ocrx_word' id='word_1_602' title='bbox 1011 2567 1110 2598; x_wconf 90' lang='lat' dir='ltr'>terius</span> <span class='ocrx_word' id='word_1_603' title='bbox 1140 2566 1343 2606; x_wconf 85' lang='lat' dir='ltr'>impendere,</span> <span class='ocrx_word' id='word_1_604' title='bbox 1371 2568 1418 2597; x_wconf 87' lang='lat' dir='ltr'>est</span> <span class='ocrx_word' id='word_1_605' title='bbox 1443 2568 1551 2598; x_wconf 86' lang='lat' dir='ltr'>tamen</span> <span class='ocrx_word' id='word_1_606' title='bbox 1574 2566 1608 2597; x_wconf 89' lang='lat' dir='ltr'>in</span> <span class='ocrx_word' id='word_1_607' title='bbox 1633 2568 1784 2606; x_wconf 83' lang='lat' dir='ltr'>potestate</span> 
     </span>
     <span class='ocr_line' id='line_1_94' title="bbox 1011 2619 1783 2660; baseline 0.001 -9"><span class='ocrx_word' id='word_1_608' title='bbox 1011 2622 1118 2652; x_wconf 84' lang='lat' dir='ltr'>nostra</span> <span class='ocrx_word' id='word_1_609' title='bbox 1132 2619 1239 2660; x_wconf 87' lang='lat' dir='ltr'>ipsum</span> <span class='ocrx_word' id='word_1_610' title='bbox 1254 2619 1402 2650; x_wconf 84' lang='lat' dir='ltr'>effectum</span> <span class='ocrx_word' id='word_1_611' title='bbox 1417 2620 1499 2651; x_wconf 87' lang='lat' dir='ltr'>velle</span> <span class='ocrx_word' id='word_1_612' title='bbox 1516 2631 1522 2651; x_wconf 90' lang='lat'>:</span> <span class='ocrx_word' id='word_1_613' title='bbox 1539 2621 1570 2650; x_wconf 88' lang='lat' dir='ltr'>et</span> <span class='ocrx_word' id='word_1_614' title='bbox 1582 2620 1710 2660; x_wconf 87' lang='lat' dir='ltr'>quando</span> <span class='ocrx_word' id='word_1_615' title='bbox 1726 2629 1783 2652; x_wconf 88' lang='lat' dir='ltr'>vo-</span> 
     </span>
    </p>
   </div>
  </div>
 </body>
</html>
