2017 2960
833 139 1021 172 DISTINCT.
1046 139 1140 171 XVII.

1741 144 1797 173 367

181 212 364 257 apostolieae
379 209 582 244 infirmitatis
596 209 787 242 scandalum
804 208 992 253 pelleretur.
1012 220 1028 239 n
1045 207 1194 249 Intende,
1212 208 1324 251 lector,
1341 208 1391 240 his
1405 207 1514 240 verbis
1529 208 1583 252 pia
1598 207 1771 251 diligentia
1788 251 1796 264 ,

182 281 223 303 ne
237 270 303 303 sint
319 269 376 301 tibi
391 278 468 301 vasa
483 266 609 300 mortis.

375 369 580 400 EXPOSlTIO
602 369 767 400 TEXTUS.

292 452 352 476 Post
365 450 489 482 praedicta
501 449 658 474 considerari
670 452 770 480 oportet
781 468 788 479 ‚
804 451 851 473 ete.

223 530 327 572 Supra
345 531 413 570 egit
434 530 587 570 Magister
608 529 646 560 de
662 531 777 560 natura
800 530 963 567 assumpta

183 587 341 625 quantum
364 585 404 615 ad
421 583 618 614 conditiones
638 584 778 620 naturae,
804 584 835 612 et
856 590 962 621 quan-

183 641 253 669 tum
278 637 317 669 ad
338 637 570 678 plenitudinem
593 636 725 676 gratiae,
750 638 779 666 et
805 637 963 675 quantum

183 692 222 722 ad
238 691 396 723 defectum
410 690 634 731 passibilitatis.
648 689 707 720 Hie
723 689 833 729 incipit
852 690 965 728 quarta

183 754 268 785 pars,
290 745 324 775 in
346 754 409 785 qua
423 743 490 784 agit
505 746 665 784 quantum
685 743 724 773 ad
749 752 845 773 usum
862 742 965 772 virtu-

183 799 233 829 tis.
255 798 293 829 Et
315 798 469 839 quoniam
495 806 574 828 usus
597 796 727 827 virtutis
753 795 948 835 comparatio

182 863 256 885 nem
280 854 375 885 habet
390 854 429 884 ad
451 853 652 884 voluntatem
668 861 686 882 a
710 861 774 891 qua
789 851 963 890 egreditur,

183 910 214 939 et
237 908 277 939 ad
301 908 473 948 praemium
501 906 588 947 quod
611 908 773 942 meretur;
800 905 868 935 ideo
894 914 966 944 pars

183 962 243 992 ista
256 961 353 992 habet
367 961 446 992 duas
460 963 566 1000 partes
586 970 594 990 z
611 959 644 989 in
660 959 765 999 prima
778 958 967 989 determinat

184 1015 222 1046 de
236 1014 401 1045 voluntate
415 1013 528 1044 Christi
543 1023 550 1050 ς
569 1013 604 1043 in
623 1012 763 1043 secunda
778 1011 968 1042 determinat

184 1067 222 1098 de
237 1068 362 1105 merito,
380 1067 479 1097 infra¹
498 1077 504 1097 :
525 1067 572 1098 De
588 1067 699 1098 merito
717 1066 815 1097 etiam
833 1064 965 1103 Christi,

185 1123 244 1152 etc.
266 1120 305 1152 Et
320 1121 473 1161 quoniam
496 1120 629 1151 affectus
644 1119 819 1150 voluntatis
834 1117 967 1157 dignos-

185 1175 267 1205 citur
289 1183 345 1214 per
360 1174 546 1214 petitionem
561 1173 735 1210 orationis;
753 1173 823 1203 ideo
845 1171 968 1210 Magis-

186 1230 232 1258 ter
256 1227 446 1259 determinat
471 1227 508 1258 de
532 1227 695 1258 voluntate
721 1225 855 1261 Christi,
877 1226 907 1255 et
929 1223 967 1255 de

127 1287 130 1290 ·
185 1280 327 1311 oratione
349 1279 473 1311 Christi.
500 1279 657 1311 Dividitur
682 1280 790 1310 autem
812 1288 886 1318 pars
909 1278 968 1308 ista

186 1333 221 1364 in
234 1335 339 1373 partes
353 1335 428 1370 tres,
450 1333 484 1364 in
500 1342 641 1373 quarum
655 1332 759 1373 prima
775 1334 882 1362 movet
906 1331 968 1362 dn-

187 1387 374 1418 bitationem
390 1398 397 1425 3
432 1388 465 1417 in
505 1387 643 1418 secunda
675 1396 747 1417 eam
780 1385 970 1417 determinat

183 1441 280 1481 juxta
308 1441 394 1471 viam
425 1440 615 1472 Sanctorum
642 1449 864 1476 communem,
891 1440 933 1469 ibi
960 1455 966 1474 :

190 1495 343 1530 Quocirca
363 1494 602 1534 ambiyendnm,
620 1495 700 1531 ete.;
724 1493 759 1523 in
780 1493 872 1524 tertia
894 1501 970 1524 vero

189 1548 294 1578 adhue
309 1547 495 1587 diligentius
511 1547 743 1578 dubitationem
768 1548 886 1577 motam
911 1555 971 1577 ex-

189 1601 297 1642 planat
307 1602 402 1641 juxta
413 1601 644 1641 expositionem
660 1600 771 1631 Hilarii
787 1600 967 1640 specialem,

189 1656 234 1686 ibi
253 1666 259 1686 :
277 1655 363 1687 Illud
378 1656 477 1687 etiam
493 1654 710 1695 iquoranclum
726 1662 790 1685 nort
806 1656 868 1691 est,
886 1652 970 1693 quod

190 1710 327 1747 Hilarii,
350 1712 408 1740 etc.
433 1709 539 1740 Prima
560 1711 591 1739 et
613 1708 727 1739 ultima
751 1708 896 1748 partibus
918 1717 971 1738 re-

191 1763 393 1794 manentibus
428 1762 594 1801 indivisis,
621 1762 726 1793 media
756 1761 910 1792 dividitur
936 1761 971 1791 in

190 1819 295 1857 partes
310 1819 388 1854 tres,
406 1817 438 1847 in
461 1825 600 1857 quarum
617 1816 722 1856 prima
739 1815 971 1846 dubitationem

191 1873 386 1913 propositam
401 1874 439 1911 (a)
458 1872 667 1910 determinat;
686 1872 720 1902 in
738 1871 876 1902 secunda
893 1879 971 1902 vero

192 1927 489 1957 determinationem
503 1935 596 1957 suam
615 1925 856 1956 auetoritatibus
872 1924 972 1956 Sanc-

193 1982 301 2011 torum
324 1980 510 2018 confirmat,
527 1979 570 2010 ibi
587 1988 594 2010 :
610 1981 668 2010 Ea·
683 1978 800 2019 affectu
821 1987 894 2019 erqo
909 1979 971 2010 hu-

194 2041 302 2072 mano,
312 2042 403 2073 quem
414 2033 452 2065 de
466 2033 598 2073 Viryine
613 2034 728 2071 traxit,
743 2035 814 2070 etc.;
828 2032 861 2063 in
880 2033 973 2063 tertia

194 2096 272 2118 vero
294 2087 467 2127 quamdam
491 2086 713 2118 auctoritatem
737 2086 867 2118 dubiam
891 2086 970 2116 Am-

194 2140 292 2172 brosii
306 2140 504 2179 manifestat,
522 2140 564 2171 ihi
584 2151 591 2171 :
612 2141 764 2172 caeterum
778 2147 842 2172 nort
855 2147 973 2179 parum

195 2202 252 2226 nos
272 2198 395 2226 movent
420 2194 513 2226 verba
536 2194 711 2232 Ambrosii,
735 2196 794 2225 etc.
822 2193 971 2224 Subdivi-

195 2248 300 2279 siones
313 2250 421 2279 autem
436 2249 575 2289 partium
591 2249 766 2280 manifestae
782 2249 858 2279 sunt
872 2248 905 2278 in
920 2247 974 2278 lit-

197 2303 274 2332 tera.

522 2376 591 2398 DUB.
615 2375 637 2397 1.

199 2439 307 2471 Reliquit
321 2440 438 2465 affectum
447 2440 610 2472 infirmitatis,
620 2446 672 2472 quo
682 2446 759 2464 nemo
770 2439 824 2464 vult
836 2441 910 2471 mori,
924 2441 973 2464 etc.

239 2514 376 2546 Contra:
392 2515 458 2547 Hoc
477 2516 604 2548 videtur
623 2516 740 2547 falsum
753 2539 761 2554 ‚
785 2516 862 2556 quia
881 2516 975 2547 multi

199 2568 347 2600 occidunt
359 2570 543 2610 semetipsos
552 2593 561 2608 ,
576 2570 659 2601 sicut
674 2571 760 2610 patet
772 2569 808 2600 in
826 2569 975 2610 despera-

233 2634 266 2664 (ιι)
280 2633 319 2657 Al.
335 2633 507 2664 praepositam.
523 2647 545 2650 —
560 2633 592 2663 (b)
609 2633 669 2658 Coet.
684 2633 755 2663 edit„
770 2634 794 2657 3.

1017 369 1067 406 tis,
1093 370 1124 399 et
1144 369 1279 408 cupiunt
1302 370 1383 400 mori
1401 379 1408 400 :
1426 378 1492 400 non
1514 378 1593 409 ergo
1616 378 1729 399 verum
1755 371 1802 399 est

1019 422 1103 461 quod
1119 421 1203 452 dicit.
1223 422 1300 453 Item
1316 423 1521 462 Augustinus
1535 425 1624 453 notat
1635 423 1644 438 ²
1659 422 1698 453 de
1719 431 1800 462 quo-

1020 475 1109 513 dam,
1126 475 1207 505 libro
1230 476 1333 515 primo
1351 477 1386 515 ib)
1405 477 1443 509 (Ie
1468 477 1605 510 civitate
1624 477 1700 515 Dei,
1718 477 1802 517 quod

1018 528 1099 559 lecto
1129 528 1266 559 Platonis
1290 530 1391 568 libro,
1413 530 1470 561 ubi
1500 531 1537 562 de
1561 530 1802 561 immortalitate

1020 583 1136 612 animae
1159 581 1348 621 disputavit,
1374 592 1406 613 se
1436 584 1631 624 praecipitem
1655 583 1740 614 dedit
1764 583 1802 614 de

1022 644 1128 673 muro,
1156 638 1193 665 ut
1220 635 1258 666 de
1286 635 1346 665 hac
1374 636 1440 666 vita
1470 637 1624 676 migraret
1647 637 1685 667 ad
1709 645 1801 674 eam,

1024 698 1121 729 quarn
1139 689 1269 720 credidit
1284 690 1448 721 meliorem
1465 701 1471 720 τ
1489 700 1529 721 ex
1550 691 1610 721 hoe
1630 691 1698 730 ipso
1713 690 1801 721 vide-

1024 746 1075 773 tur
1091 743 1174 783 quod
1189 743 1288 783 aliqui
1304 746 1379 774 sunt
1395 744 1451 783 qui
1467 744 1548 774 mori
1561 744 1752 775 desiderant.

1064 797 1154 837 Resp.
1174 797 1347 828 Dicendum
1361 798 1446 838 quod
1463 801 1509 829 est
1523 798 1654 829 affectus
1668 801 1802 828 natura-

1022 851 1072 889 lis,
1097 854 1127 881 et
1145 851 1276 882 affectus
1298 851 1525 882 deliberativus
1542 860 1549 882 :
1567 851 1683 882 affeetu
1706 853 1802 881 natu-

1023 904 1080 935 rali
1096 914 1191 935 nemo
1206 905 1276 935 vult
1290 905 1387 943 mori,
1403 905 1469 935 imo
1485 905 1589 935 omnis
1603 905 1700 935 homo
1717 904 1804 935 resu-

1023 958 1070 997 git
1086 960 1222 989 mortem
1237 969 1245 995 3
1261 958 1378 989 affectu
1394 958 1600 989 deliberativo
1617 959 1718 997 potest
1733 958 1804 997 quis

1024 1014 1171 1052 appetere
1194 1014 1342 1050 mortem,
1368 1014 1399 1043 et
1419 1012 1563 1051 effugere
1588 1012 1688 1042 vitam
1709 1022 1715 1042 :
1738 1021 1804 1042 non

1024 1066 1100 1105 quia
1116 1066 1169 1096 illa
1185 1066 1224 1096 sit
1239 1075 1337 1104 mors,
1349 1068 1380 1096 et
1394 1065 1447 1095 illa
1461 1066 1499 1096 sit
1517 1065 1581 1096 vita
1592 1075 1599 1103 3
1612 1065 1666 1106 sed
1682 1065 1803 1096 ratione

1024 1119 1160 1158 alicujus
1175 1119 1259 1159 quod
1278 1122 1324 1149 est
1339 1128 1502 1150 annexum
1513 1143 1520 1157 ‚
1540 1119 1588 1150 vel
1603 1119 1804 1150 existimatur

1024 1181 1090 1202 esse
1106 1181 1269 1202 annexum
1283 1196 1291 1210 ‚
1308 1172 1389 1202 sieut
1402 1172 1556 1212 desperati
1577 1176 1607 1203 et
1627 1172 1805 1203 vehemen-

1024 1227 1072 1256 ter
1086 1225 1209 1256 confusi
1224 1225 1258 1256 in
1273 1226 1339 1256 vita
1353 1228 1482 1265 propter
1502 1226 1722 1257 confusionem
1744 1235 1804 1256 an-

1024 1288 1141 1309 nexam
1165 1279 1334 1318 refugiunt
1358 1279 1458 1309 vitam
1484 1290 1490 1310 :
1515 1279 1558 1310 sic
1583 1280 1679 1310 etiam
1703 1281 1750 1310 est
1766 1279 1805 1311 de

1025 1334 1095 1364 aliis
1117 1334 1339 1364 incommodis,
1361 1332 1421 1364 Per
1443 1333 1531 1364 hunc
1555 1334 1688 1364 modum
1710 1333 1804 1364 etiam

1025 1387 1078 1418 alii
1093 1389 1246 1427 appetunt
1261 1389 1397 1417 mortem
1407 1411 1414 1425 ‚
1429 1387 1485 1427 qui
1501 1389 1570 1427 post
1585 1389 1721 1418 mortem
1737 1396 1804 1418 cre-

1025 1441 1105 1471 dunt
1119 1441 1282 1481 quiescere
1297 1443 1328 1472 et
1342 1440 1483 1480 gaudere
1497 1464 1504 1477 ,
1523 1441 1605 1471 siout
1622 1442 1668 1471 est
1688 1441 1721 1470 in
1745 1439 1806 1470 illis

1026 1494 1063 1525 de
1077 1495 1195 1534 quibus
1209 1495 1393 1535 oppositum
1408 1497 1465 1532 est,
1483 1494 1520 1525 de.
1535 1494 1652 1534 quibus
1666 1503 1732 1524 non
1746 1493 1806 1524 fer-

1025 1549 1079 1578 tur
1094 1548 1242 1578 instantia
1257 1550 1368 1578 contra
1385 1548 1520 1578 verbum
1534 1547 1721 1586 Augustini.
1737 1547 1805 1578 Au-

1025 1602 1176 1641 gustinus
1210 1602 1297 1632 enim
1323 1601 1465 1641 loquitur
1493 1610 1550 1641 per
1577 1610 1631 1639 se3
1660 1601 1803 1641 loquitur

1026 1655 1121 1685 etiam
1137 1654 1174 1685 de
1189 1654 1330 1694 appetitu
1345 1653 1498 1691 naturali,
1516 1663 1581 1684 non
1597 1653 1635 1684 de
1649 1653 1805 1685 delibera-

1027 1709 1103 1739 tivo.

1356 1767 1425 1789 mm.
1450 1767 1482 1788 11.

1044 1821 1136 1846 Paulus
1149 1822 1241 1846 mentis
1258 1821 1357 1846 ratione
1380 1821 1449 1852 cupit
1471 1820 1595 1852 dissolvi,
1611 1823 1636 1846 et
1657 1828 1713 1846 esse
1733 1829 1792 1846 eum

1362 1857 1472 1882 Christo.

1068 1923 1270 1955 Contrarium
1283 1922 1410 1954 videtur
1420 1922 1448 1952 ³:
1463 1921 1617 1954 Nolumus
1630 1922 1805 1962 expoliari,

1027 1977 1085 2009 sed
1106 1977 1328 2017 supervestiri.
1346 1976 1378 2007 Si
1401 1978 1438 2006 tu
1454 1976 1558 2015 dicas,
1582 1976 1668 2015 quod
1690 1985 1731 2007 ex
1750 1985 1809 2007 vo-

1028 2032 1150 2062 luntate
1170 2031 1320 2069 naturali,
1345 2040 1402 2061 seu
1429 2030 1655 2068 sensualitatis,
1682 2030 1809 2061 nolebat

1028 2085 1193 2125 expoliari,
1209 2085 1264 2115 sed
1277 2084 1441 2115 voluntate
1457 2083 1598 2122 rationis,
1615 2084 1683 2114 sive
1695 2083 1810 2115 delibe-

1029 2139 1152 2175 rativa,
1180 2138 1328 2178 cupiebat
1351 2137 1498 2176 dissolvi3
1527 2137 1676 2178 objicitur
1700 2140 1809 2169 eontra

1029 2192 1100 2231 hoe,
1125 2192 1211 2232 quod
1233 2192 1350 2223 dicitur
1369 2191 1379 2207 ⁴
1405 2201 1413 2222 t
1438 2191 1623 2224 Permanere
1645 2194 1749 2224 autem
1772 2192 1808 2223 in

1030 2254 1124 2278 carne
1152 2246 1368 2278 necessarium
1402 2247 1448 2276 est
1479 2248 1608 2285 propter
1636 2253 1690 2277 vos
1722 2255 1729 2276 ι
1755 2243 1809 2275 sed

1030 2299 1200 2340 Apostolus
1228 2298 1393 2330 voluntate
1419 2298 1623 2330 deliberativa
1647 2299 1679 2329 id
1703 2297 1809 2337 magis

1031 2353 1197 2393 appetebat
1223 2354 1254 2383 et
1283 2351 1430 2388 volebat,
1456 2351 1540 2391 quod
1568 2353 1635 2382 erat
1659 2350 1809 2382 fratribus

1031 2407 1136 2446 magis
1149 2406 1364 2438 necessarium
1380 2416 1387 2437 :
1405 2414 1484 2444 ergo
1503 2404 1557 2435 illa
1577 2404 1742 2436 voluntate
1758 2403 1807 2436 vi-

1031 2461 1124 2492 detur
1138 2459 1223 2501 quod
1235 2468 1302 2491 non
1316 2461 1477 2499 appeteret
1492 2458 1631 2496 dissolvi,
1643 2459 1701 2488 aut
1712 2457 1809 2488 simul

1032 2514 1199 2555 appetebat
1213 2513 1277 2544 duo
1292 2512 1462 2543 contraria.

1065 2595 1146 2619 tnist.
1161 2600 1237 2619 xvm.
1253 2607 1279 2611 ·—
1292 2592 1423 2624 ¹A11g.,‹le
1437 2592 1515 2616 Civit.
1533 2590 1587 2621 Dei,
1605 2590 1649 2615 lib.
1668 2592 1687 2622 l,
1703 2598 1725 2615 c.
1740 2597 1807 2621 xxu,

1033 2638 1058 2656 n.
1075 2634 1133 2655 4.-
1145 2631 1155 2646 ³
1170 2631 1188 2654 ιι
1204 2630 1271 2659 Cor„
1287 2635 1312 2659 v,
1325 2631 1348 2652 ι..
1364 2640 1394 2645 -
1407 2627 1417 2643 ⁴
1429 2627 1534 2658 Philip„
1553 2632 1570 2658 ι,
1585 2628 1624 2651 2⁴.
