2017 2960
214 201 270 229 426

211 267 296 297 enim
332 267 496 306 poenituit;
535 265 667 304 angelus
703 262 878 293 obstinatus
913 260 981 291 suit.

215 319 314 350 Homo
330 320 481 357 totaliter,
498 318 631 357 angelus
653 314 881 355 particulariter
903 313 983 344 ceci-

213 373 266 404 dit.
294 373 395 403 Ilomo
411 382 466 412 per
479 373 589 408 alium,
613 369 746 409 angelus
761 377 816 408 per
831 367 981 407 seipsum.

214 426 249 457 Et
265 427 332 457 liaec
349 430 421 457 sunt
441 435 513 465 quae
533 425 651 455 iaciunt
670 422 822 461 angelum
839 421 877 451 ad
894 429 986 459 repa-

213 480 366 510 rationem
383 479 491 509 minus
504 478 664 508 idoneum.

254 536 282 562 3.
300 532 346 562 Ad
370 532 446 562 illud
468 530 552 571 quod
569 530 735 569 obiicitur,
752 527 837 568 quod
853 536 915 557 non
931 527 984 556 de-

215 586 277 616 cuit
294 585 392 615 Deum
408 587 514 614 tenere
529 583 704 618 hominem,
721 591 762 612 ne
785 581 919 615 caderet,
936 579 986 609 di-

215 638 349 668 cendum
363 638 460 678 quod,
473 637 498 668 si
514 637 610 667 homo
624 636 775 666 voluisset
790 637 883 670 stare,
900 642 986 663 nun-

214 700 310 730 quam
332 691 412 721 Deus
434 690 649 730 dereliquisset
675 697 761 723 eum,
783 689 819 717 ut
843 686 984 722 caderet;

215 743 267 773 sed
296 743 370 783 quia
398 745 479 773 stare
509 742 625 779 noluit,
656 749 721 770 non
750 738 858 770 debuit
882 738 987 777 ipsum

216 806 403 827 conservare
429 795 565 826 invitum
591 805 597 823 :
625 793 676 823 sed
700 792 775 832 quia
800 791 897 821 homo
920 792 989 829 post

216 851 340 890 lapsum
362 849 461 879 voluit
479 856 661 886 resurgere,
679 846 748 876 ideo
766 844 870 875 decuit
888 843 989 873 Deum

216 903 276 933 sibi
293 912 425 932 manum
442 902 605 942 porrigere
622 910 629 931 ι
645 901 687 930 ita
702 899 787 939 quod
800 907 915 928 manus
932 898 990 927 ista

216 956 253 986 ad
272 956 340 986 illos
363 966 395 986 se
417 955 573 991 extendit,
591 954 646 994 qui
670 953 782 984 volunt
798 960 987 990 resurgere,

218 1018 281 1039 non
296 1009 334 1039 ad
350 1018 414 1046 eos,
431 1009 486 1048 qui
504 1008 617 1038 nolunt
630 1014 808 1045 resurgere.

258 1065 287 1092 4.
308 1062 356 1092 Ad
373 1061 451 1092 illud
472 1061 557 1101 quod
573 1060 734 1099 objicitur,
752 1058 837 1098 quod
856 1067 921 1088 non
935 1057 991 1087 de-

218 1117 265 1145 cet
280 1114 379 1145 Deum
404 1115 504 1145 facere
524 1116 633 1144 contra
650 1121 741 1144 suam
753 1112 926 1152 justitiam,
943 1111 989 1141 di-

218 1168 354 1199 cendum
369 1168 451 1208 quod
467 1176 580 1198 verum
596 1169 656 1203 est;
670 1167 757 1197 decet
768 1168 875 1196 tamen
886 1165 992 1204 ipsum

219 1221 338 1260 aliquid
354 1221 454 1251 facere
471 1222 586 1260 praeter
600 1220 741 1258 rigorem
753 1218 900 1258 Justitiae,
917 1217 993 1256 quia

220 1274 376 1314 reparatio
391 1273 525 1304 humani
540 1273 666 1312 generis
679 1281 745 1302 non
763 1273 923 1311 repugnat
943 1270 992 1300 di-

220 1327 306 1358 vinae
323 1327 455 1366 Justitiae
473 1336 479 1356 :
501 1327 696 1356 concurrunt
712 1324 798 1355 enim
822 1324 855 1354 in
876 1323 928 1353 illa
952 1323 994 1352 si-

221 1380 289 1410 mul
304 1380 518 1410 misericordia
537 1382 567 1409 et
588 1379 722 1415 veritas,
739 1378 819 1407 sicut
835 1376 995 1406 videbitur

221 1433 313 1463 infra.
331 1432 419 1463 Unde
442 1432 527 1472 quod
551 1432 676 1469 dicitur,
698 1431 782 1471 quod
806 1431 903 1460 homo
928 1438 995 1459 me-

222 1487 286 1517 ruit
308 1495 364 1526 per
387 1488 551 1526 peccatum
574 1485 605 1515 in
629 1487 786 1515 aeternum
810 1482 949 1522 separari
978 1491 996 1512 a

224 1540 296 1577 Deo,
322 1539 382 1570 hoc
407 1548 521 1569 verum
544 1541 600 1576 est,
627 1539 783 1577 quantum
808 1539 855 1567 est
877 1537 915 1567 de
939 1546 994 1573 se;

224 1595 356 1634 possunt
371 1595 478 1624 tamen
493 1593 555 1623 alia
572 1592 685 1622 merita
699 1591 907 1627 intervenire,
924 1600 997 1630 quaa

225 1647 398 1686 infringerit
414 1646 500 1676 illam
516 1645 744 1684 obligationem
755 1669 762 1682 ,
780 1646 809 1675 et
829 1645 862 1674 in
882 1644 998 1683 quibus

225 1701 402 1731 servabitur
420 1699 496 1730 ordo
514 1697 643 1738 justitiae
658 1698 787 1728 (livinae.

267 1757 294 1784 5.
311 1754 358 1784 Ad
380 1753 456 1783 illud
471 1752 554 1792 quod
570 1752 719 1791 objicitur
731 1775 738 1789 ,
756 1750 839 1790 quod
855 1759 910 1790 per
925 1759 996 1789 pec-

227 1810 333 1838 catum
355 1807 472 1837 meruit
495 1807 592 1837 homo
608 1806 651 1835 ita
672 1804 778 1844 puniri
796 1812 890 1843 poena
912 1812 998 1833 sem-

228 1861 360 1901 piternae
386 1858 616 1896 damnationis,
645 1858 727 1888 sicut
751 1866 845 1896 poena
871 1856 997 1893 mortis,

228 1914 397 1944 dicendum
427 1912 510 1951 quod
533 1920 599 1941 non
632 1912 678 1940 est
701 1910 803 1939 simile
828 1920 834 1939 t
859 1909 936 1948 quia
963 1909 1000 1938 de

229 1976 323 2007 poena
344 1965 454 1996 mortis
471 1965 577 1995 statim
600 1964 661 1994 fuit
681 1963 838 1994 sententia
858 1962 938 1999 lata3
962 1962 1000 1992 de

230 2028 324 2059 poena
345 2028 420 2048 vero
442 2020 569 2048 aeternae
584 2016 795 2047 damnationis
817 2016 920 2046 adhuc
945 2016 1001 2045 dit<

231 2075 330 2104 fertur
344 2072 508 2104 sententia.
526 2071 562 2102 Et
577 2072 652 2111 quia
665 2071 773 2101 divina
788 2069 942 2100 sententia
956 2071 1003 2099 est

231 2126 456 2164 irrevocabilis,
467 2128 634 2166 postquam
647 2125 710 2155 lata
724 2126 781 2162 est,
797 2123 870 2153 licet
885 2123 1003 2153 mutari

233 2181 331 2222 possit
345 2180 498 2211 sententia
521 2189 577 2219 per
598 2179 798 2220 prophetiam
822 2177 1002 2217 praedicata‚

233 2235 313 2265 sicut
323 2234 446 2275 patetin
461 2234 553 2270 Jona,
566 2233 641 2273 quja
658 2233 710 2271 (α),
727 2234 799 2261 ante
813 2239 911 2270 quam
926 2230 1005 2260 fera-

235 2291 298 2325 tur,
310 2290 411 2328 potest
425 2287 602 2318 remedium
618 2285 769 2321 inveniri;
784 2284 853 2314 ideo
864 2283 1004 2323 reparari

237 2342 341 2382 potuit
354 2350 457 2381 genus
472 2341 653 2371 humanum
668 2363 674 2375 ‚
695 2340 730 2369 ut
752 2346 814 2368 non
830 2337 1005 2367 incurreret

233 2403 359 2435 poenam
383 2393 595 2424 damnationis
617 2391 819 2431 sempiternae
844 2390 876 2420 in
899 2390 1006 2429 aliqua

233 2449 303 2487 ejus
322 2450 426 2488 parte,
443 2446 591 2487 quamvis
611 2454 675 2475 non
697 2444 791 2475 fuerit
815 2444 984 2474 liberatum
996 2467 1004 2481 ,

234 2503 269 2531 ut
290 2510 355 2532 non
378 2501 554 2532 incurreret
574 2507 701 2539 poenam
724 2498 844 2528 mortis.
862 2497 899 2527 Et
920 2497 945 2526 si
973 2499 1006 2526 tu

271 2599 277 2615 ¹
289 2599 328 2627 ss.
341 2600 366 2622 S.
377 2598 467 2621 Thorn.
479 2598 555 2628 p.lll‚
565 2604 588 2627 q.
602 2601 674 2624 xxm,
686 2597 733 2618 art.
746 2595 845 2624 '2301111
859 2596 937 2621 Seut.,
949 2594 1006 2617 dist.

239 2640 281 2661 xx,
293 2642 308 2664 q
331 2641 356 2663 1,
371 2635 418 2657 art.
433 2635 462 2663 4,
475 2640 497 2664 q.
517 2639 538 2663 ¹3
554 2635 579 2656 et
593 2632 679 2662 opusc,
697 2631 722 2661 l,
739 2638 758 2654 c.
775 2630 1009 2660 ›.v11;Richardus‚

241 2670 270 2692 ΗΙ
289 2671 345 2691 svnt
360 2688 367 2698 ,
389 2670 445 2693 dist.
464 2675 511 2698 n,
529 2676 543 2698 q
573 2667 845 2697 1113Th.Argent.‚;ll
861 2666 1007 2695 Smilfflisl.

767 192 1078 226 SENTENTIARUM
1103 194 1174 224 LlB.
1199 194 1250 224 111.

1039 269 1176 300 quaeras,
1195 269 1294 300 quare
1307 261 1460 292 sententia
1476 262 1534 292 ista
1548 262 1607 292 fuit
1621 262 1694 299 lata,
1711 263 1743 292 et
1756 260 1808 291 illa

1039 313 1149 350 dilata,
1174 322 1248 343 cum
1271 313 1367 343 homo
1391 314 1556 345 meruisset
1580 317 1749 354 utramque
1771 314 1809 344 de

1039 375 1082 403 se,
1100 366 1269 396 dicendum
1286 366 1368 405 quod
1390 366 1493 405 prima
1509 369 1554 397 est
1577 368 1627 398 via
1650 367 1807 407 poeniten-

1040 418 1091 448 tiae
1101 442 1108 454 ,
1121 418 1259 448 secunda
1273 427 1349 448 vero
1362 418 1462 448 aufert
1474 418 1580 449 locum
1591 420 1784 458 poenitentiae
1801 430 1807 449 :

1043 471 1114 502 ideo
1138 481 1203 501 non
1230 471 1362 502 debebat
1390 471 1527 502 secunda
1561 473 1715 503 sententia
1737 472 1810 503 ferri

1041 527 1150 554 contra
1160 524 1334 562 hominem,
1345 524 1498 564 quamdiu
1512 526 1579 554 erat
1592 524 1625 555 in
1640 527 1723 555 statu
1736 525 1809 555 viae.

1081 582 1110 608 6.
1128 577 1174 608 Ad
1197 577 1273 607 illud
1290 577 1374 617 quod
1391 577 1538 616 objicitur
1550 601 1558 614 ‚
1575 577 1658 616 quod
1673 587 1737 608 non
1757 578 1811 608 de-

1042 631 1129 661 cebat
1146 631 1244 661 Deum
1266 631 1367 661 facere
1388 632 1497 661 contra
1516 630 1660 661 ordinem
1675 639 1742 661 suae
1762 639 1813 661 sa-

1042 684 1180 723 pientiae,
1203 683 1372 714 dicendum
1387 683 1482 723 quod,
1508 692 1611 722 genus
1635 683 1813 714 humanum

1042 737 1218 776 reparando
1229 760 1238 774 ,
1268 739 1375 767 contra
1410 746 1501 767 suam
1530 737 1716 776 sapientiam
1750 745 1815 767 non

1043 791 1126 828 fecit,
1151 791 1227 830 quia
1249 800 1288 821 ex
1315 790 1467 830 sapientia
1490 800 1549 820 sua
1570 791 1684 820 fecerat
1709 790 1815 829 ipsum

1044 845 1263 883 reparabilem,
1274 844 1452 883 praevidens
1463 845 1531 883 ejus
1540 844 1677 883 lapsum.
1691 842 1754 874 ‘Nec
1764 852 1816 874 va-

1044 896 1085 926 let
1101 896 1177 926 illud
1193 897 1275 935 quod
1292 896 1440 935 objicitur
1462 897 1497 935 (h)
1519 907 1525 926 :
1545 908 1559 925 «
1576 895 1638 926 Nec
1651 896 1755 927 decuit
1769 896 1816 926 fa-

1045 959 1114 980 cere
1129 950 1166 980 de
1181 952 1281 979 stante
1296 952 1331 979 ut
1346 949 1484 985 caderet,
1496 959 1574 988 ergo
1589 958 1647 979 nee
1659 949 1765 979 decuit
1779 948 1816 979 de

1046 1002 1169 1033 labente
1185 1004 1220 1032 ut
1235 994 1436 1040 resurgeret3
1456 1014 1470 1030 η
1483 1002 1559 1041 quia
1568 1002 1716 1041 quamvis
1730 1001 1817 1032 nullo

1047 1056 1186 1095 sapiente
1212 1057 1267 1085 fiat
1288 1056 1385 1086 homo
1409 1055 1554 1092 deterior,
1581 1055 1687 1094 aliquo
1711 1057 1818 1085 tamen

1047 1109 1185 1148 sapiente
1201 1111 1302 1148 potest
1317 1109 1383 1139 fieri
1400 1108 1521 1139 melior.
1542 1108 1580 1139 Et
1598 1108 1668 1138 licet
1682 1117 1747 1138 non
1762 1108 1819 1138 de-

1047 1165 1114 1192 ceat
1130 1162 1227 1192 Deum
1244 1163 1281 1192 de
1296 1162 1379 1192 bono
1394 1162 1495 1192 facere
1514 1161 1634 1192 malum
1645 1184 1653 1198 ‚
1669 1161 1757 1192 decet
1770 1163 1820 1191 ta-

1049 1224 1121 1245 men
1140 1216 1177 1245 de
1193 1215 1276 1245 malo
1291 1216 1390 1245 facere
1406 1215 1538 1245 bonum.

1309 1325 1487 1363 QUAESTIO
1511 1325 1548 1355 ΙΙ.

1052 1409 1096 1435 An
1111 1410 1197 1442 magiis
1213 1410 1363 1442 congruerit
1376 1415 1457 1442 yenus
1476 1408 1621 1433 humanum
1635 1407 1760 1441 reparari
1773 1413 1822 1441 per

1128 1454 1358 1486 satisfactionem,
1375 1460 1455 1486 quam
1471 1460 1520 1487 per
1539 1452 1624 1478 aliam
1640 1452 1713 1478 viam
1725 1450 1742 1476 ¹.

1093 1533 1205 1564 Utrum
1222 1533 1327 1572 magis
1348 1534 1506 1571 congruat
1521 1540 1623 1570 genus
1642 1531 1822 1562 humanum
1838 1535 1941 1557 Fundam.

1052 1587 1191 1627 reparari
1204 1596 1259 1626 per
1274 1586 1527 1623 satisfactionem,
1544 1594 1641 1625 quam
1660 1593 1715 1624 per
1729 1584 1824 1615 aliam

1053 1641 1158 1677 viam3
1183 1643 1213 1671 et
1234 1640 1319 1679 quod
1340 1640 1397 1677 sic,
1419 1639 1594 1670 ostenditur
1616 1647 1672 1678 per
1687 1640 1824 1678 quatuor

1053 1694 1299 1733 suppositiones,
1317 1701 1456 1732 quarum
1473 1692 1575 1731 prima
1595 1694 1641 1721 est
1654 1692 1723 1722 haec
1742 1703 1748 1722 ι
1771 1691 1824 1722 illa

1053 1747 1105 1777 via
1121 1747 1223 1785 magis
1245 1746 1436 1776 couveniens
1458 1745 1516 1774 suit
1535 1745 1573 1775 ad
1591 1744 1824 1784 reparationem

1054 1800 1189 1831 humani
1217 1798 1362 1838 generis,
1392 1798 1425 1827 in
1453 1807 1517 1837 qua
1542 1797 1647 1836 magis
1679 1799 1825 1827 servatur

1055 1853 1131 1883 ordo
1145 1852 1262 1883 divinae
1276 1851 1418 1891 justitiae.
1437 1850 1580 1881 Secunda
1598 1852 1644 1880 est
1660 1850 1729 1880 haec
1746 1860 1753 1880 :
1771 1849 1826 1880 illa

1055 1907 1107 1937 via
1129 1906 1230 1945 magis
1246 1905 1393 1944 congruit
1410 1903 1603 1943 reparationi
1618 1903 1751 1933 humaui
1767 1912 1827 1942 ge-

1056 1960 1151 1995 neris,
1175 1960 1208 1989 in
1232 1968 1296 1998 qua
1318 1957 1420 1997 magis
1444 1959 1590 1987 servatur
1611 1956 1688 1986 ordo
1711 1956 1827 1987 divinae

1057 2013 1230 2053 sapientiae.
1255 2011 1361 2042 Tertia
1384 2011 1431 2041 est
1453 2010 1523 2040 haec
1543 2018 1551 2039 :
1573 2009 1628 2040 Illa
1648 2009 1702 2040 via
1726 2009 1829 2048 magis

1057 2068 1206 2099 convenit
1232 2065 1423 2107 reparationi
1450 2064 1585 2095 humani
1618 2063 1763 2103 generis,
1794 2064 1829 2094 in

1058 2131 1121 2161 qua
1137 2121 1240 2160 magis
1254 2121 1400 2151 servatur
1414 2118 1615 2158 praesidentia
1633 2117 1749 2148 divinae
1770 2126 1829 2157 po-

1058 2175 1188 2206 testatis.
1206 2174 1323 2211 Quarta
1335 2174 1381 2203 est
1394 2172 1464 2202 hae-c
1480 2180 1488 2201 z
1504 2171 1559 2201 Illa
1573 2171 1626 2202 via
1641 2170 1744 2210 magis
1758 2179 1829 2201 cou-

1058 2228 1145 2259 venit
1168 2227 1357 2267 reparationi
1381 2225 1516 2256 humani
1540 2224 1683 2264 generis,
1710 2224 1743 2261 in
1766 2232 1830 2263 qua

1059 2282 1163 2321 magis
1176 2283 1322 2312 servatur
1336 2278 1576 2310 honorificentia
1589 2276 1705 2308 divinae
1721 2275 1830 2315 Maies-

1060 2337 1142 2367 tatis.

1101 2389 1155 2420 His
1182 2386 1437 2429 praesupposstis,
1461 2384 1609 2423 arguitur
1631 2382 1674 2413 sic
1698 2393 1704 2413 z
1731 2382 1831 2421 Magis

1061 2446 1206 2475 servatur
1225 2442 1301 2473 ordo
1318 2440 1435 2471 divinae
1445 2437 1595 2479 Justitiae‚
1613 2445 1688 2466 cum
1710 2436 1830 2466 malum

1062 2497 1205 2538 punitur,
1215 2489 1311 2536 quani
1322 2502 1396 2525 cum
1411 2490 1602 2530 relinquitur
1613 2490 1808 2530 impunitum
1821 2500 1828 2520 :

1063 2591 1106 2614 xx,
1123 2592 1146 2615 q.
1166 2590 1182 2613 i,
1198 2586 1244 2607 art.
1259 2585 1270 2605 3
1284 2590 1290 2612 ;
1306 2580 1449 2611 Stephanus
1464 2576 1566 2605 mules„
1579 2577 1609 2600 lll
1627 2576 1707 2605 Seni„
1718 2576 1776 2600 dist.
1788 2581 1831 2605 xx,

1064 2619 1206 2651 q.11;‹jab.
1221 2618 1292 2645 Biel..
1309 2617 1340 2641 lll
1352 2617 1430 2645 sent„
1443 2614 1500 2637 dist.
1519 2618 1560 2643 xx,
1575 2620 1600 2643 q.
1618 2618 1635 2642 ι,
1647 2613 1692 2636 art.
1710 2613 1732 2636 2.

1100 2667 1130 2695 ⁷¹)
1148 2665 1187 2688 As.
1202 2664 1265 2685 doec!
1279 2669 1335 2691 qum
1362 2673 1384 2676 ν-
1406 2659 1432 2689 ‘bg
1452 2658 1491 2682 Al.
1505 2658 1601 2688 objicit.
