2017 2960
67 419 137 443 Argu-

643 171 738 203 msT.
762 170 869 202 XXIII.
894 169 984 202 Alss'.
1010 172 1033 202 1.
1055 171 1204 209 QUAEST.
1228 172 1264 203 V.

150 241 218 282 prie
243 240 372 281 quidem
391 241 615 278 arqumencum
635 238 788 278 accipitur
809 246 928 268 secun·

151 295 229 326 dum
243 291 482 334 quadruplicem
500 292 716 332 acceptionem
744 302 750 321 z
771 300 845 321 nam
862 300 929 320 uno

153 347 247 379 modo
268 346 381 377 dicitur
406 348 630 384 aryumemum
654 344 863 380 ratiocinatio,
879 353 928 373 se-

154 401 294 432 cundum
316 399 401 439 quod
424 398 577 429 dividitur
599 399 631 428 in
644 400 784 438 quatuor
797 397 927 437 species,

39 449 138 491 men‘uffl-
155 453 300 485 videlicet
318 453 352 483 in
367 452 604 493 syllogismum,
626 451 856 488 inductionem,
874 460 929 481 en-

30 481 81 504 quot
92 483 126 497 mo

32 509 45 529 d
48 513 139 528 sssssss

33 541 73 558 tur.

155 507 328 547 thymema,
344 508 374 537 et
389 506 571 546 exemplum
584 517 591 543 ;
615 505 676 535 alio
698 505 792 535 modo
815 504 929 535 dicitur

155 563 374 601 arqzcmentzmz
389 559 520 600 prolixae
532 559 694 590 sententiae
702 559 809 589 brevis
817 558 927 588 collec-

157 614 220 652 ti0;
238 614 330 645 tertio
346 614 441 644 modo
458 613 573 643 dicitur
588 614 813 652 argumentum
826 611 932 651 ipsum

156 668 311 705 medium,
327 668 360 697 in
375 676 439 707 quo
455 666 596 697 consistit
612 668 675 696 tota
692 666 740 696 vis
757 674 932 704 argumen-

155 722 303 759 tationis3
320 723 433 760 quarto
458 720 552 750 modo
577 719 691 750 dicitur
707 723 933 759 arqumentum

157 776 224 815 ipsa
247 775 388 805 maxima
402 773 584 814 propositio,
601 773 707 812 inqua
721 773 863 803 consistit
878 772 936 802 fir-

158 829 252 859 mitas
263 828 361 858 totius
374 827 532 857 illationis.
543 826 579 857 In
597 826 748 857 omnibus
764 828 871 857 autem
884 826 935 856 his

158 882 392 921 acceptionibus
420 882 651 920 argumentum
691 881 808 911 dicitur
819 905 827 919 ,
860 880 936 920 quia

158 937 300 966 mentem
325 935 434 974 arguit
456 937 487 965 et
506 934 669 965 illuminat
692 935 731 965 ad
750 933 871 973 aliquid
890 933 937 964 in-

158 989 327 1026 tuendum,
344 991 375 1018 et
387 988 415 1018 ei
429 988 564 1018 firmiter
579 988 822 1018 adhaerendum.
835 987 873 1017 Et
887 997 934 1018 se-

160 1042 302 1072 cundum
318 1042 401 1072 hanc
416 1042 639 1081 proprietatem
650 1044 750 1081 potest
759 1043 938 1081 transump-

161 1096 225 1126 tive
240 1095 301 1126 dici
315 1098 538 1135 arqumentmn
546 1095 700 1135 quidquid
711 1095 788 1126 illud
805 1095 845 1126 sit
853 1095 937 1134 quod

162 1152 301 1180 mentem
321 1151 429 1190 arquic
450 1152 481 1180 et
508 1149 670 1180 illuminat
695 1149 734 1180 ad
764 1149 938 1180 videndum

161 1203 279 1243 aliquid
296 1203 468 1233 oecultum.
486 1203 524 1233 Et
538 1203 598 1233 hoe
613 1202 707 1233 modo
729 1203 806 1233 fides
823 1202 939 1232 dieitur

161 1258 384 1295 argumentum
401 1262 506 1286 rerum
526 1262 591 1286 non
606 1255 844 1293 apparentium,
858 1262 938 1293 quo-

162 1308 249 1338 niam
265 1308 307 1339 ita
321 1308 394 1339 facit
409 1308 604 1339 intellectum
621 1307 664 1338 eis
680 1307 844 1345 assentire,
859 1306 941 1337 sicut

161 1364 392 1400 argumentum
417 1371 531 1393 verum
552 1361 626 1392 facit
641 1360 793 1392 assentire
808 1360 941 1391 conclu-

163 1416 245 1446 sioni
261 1416 414 1455 probatae.
432 1415 469 1445 Et
484 1424 540 1455 per
556 1415 615 1446 boc
628 1417 713 1455 patet
724 1415 887 1454 responsio
902 1415 941 1445 ad

164 1469 227 1506 illa,
238 1477 310 1508 quae
319 1468 502 1508 arguebant
514 1468 701 1508 praedictam
719 1467 941 1498 diffinitionem

163 1522 203 1553 ob
219 1522 376 1553 defectum
390 1522 543 1552 veritatis.

206 1578 234 1606 3.
251 1575 297 1606 Ad
314 1575 392 1606 illud
406 1575 490 1615 quod
507 1574 667 1615 objicitur,
679 1573 764 1614 quod
776 1574 809 1604 in
825 1583 943 1614 910135-

163 1631 290 1670 signata
304 1631 493 1662 diffinitione
509 1633 555 1661 est
573 1630 712 1661 defectus
724 1628 943 1660 convertibili-

164 1685 246 1722 tatis,
260 1685 429 1715 dicendum
440 1684 527 1724 quod
537 1683 687 1723 praedicta
696 1683 868 1714 notificatio
879 1692 943 1713 non

165 1738 317 1769 convenit
331 1738 416 1778 spei:
429 1737 584 1778 quoniam
599 1737 657 1767 etsi
674 1736 742 1776 ipsa
751 1745 820 1776 spes
835 1736 943 1776 aliquo

166 1791 260 1822 modo
275 1791 373 1831 possit
394 1791 457 1822 dici
482 1790 667 1823 substantia
687 1798 792 1822 rerum
811 1798 944 1830 speran-

165 1845 295 1883 darum,
323 1854 389 1876 non
414 1848 523 1876 tamen
544 1846 645 1884 potest
670 1843 731 1875 dici
752 1844 945 1875 fundamen-

165 1899 247 1937 tum,
264 1898 347 1929 sicut
372 1898 460 1936 fides,
477 1899 553 1938 quia
576 1907 640 1928 non
657 1899 702 1928 est
721 1897 825 1936 prima
839 1897 945 1928 virtu—

168 1955 250 1984 tum.
266 1953 351 1984 Licet
365 1955 473 1984 autem
488 1953 548 1983 hoc
573 1952 679 1992 aliquo
696 1952 788 1982 modo
805 1952 902 1992 possit
917 1952 944 1982 ei

167 2007 312 2045 attribui,
334 2009 442 2037 tamen
471 2015 606 2046 sequens
633 2014 706 2045 pars
736 2005 943 2043 diffinitionis,

168 2069 242 2101 quae
273 2063 319 2091 est
347 2063 569 2100 argumentum
604 2067 668 2091 non
705 2059 943 2099 apparentium,

171 2114 321 2146 convenit
336 2114 395 2144 soli
410 2113 494 2152 fidei,
507 2122 581 2153 quae
598 2112 795 2143 intellectum
810 2112 881 2142 facit
893 2121 946 2143 as-

169 2168 287 2199 sentire
313 2167 372 2207 ipsi
397 2166 523 2199 veritati
547 2177 553 2197 :
586 2167 647 2197 hoc
663 2168 771 2197 autem
796 2175 854 2197 nec
881 2166 947 2206 spei

170 2221 320 2262 competit
334 2244 342 2258 ,
367 2229 426 2252 nec
447 2219 612 2257 charitati,
631 2220 703 2251 licet
731 2219 775 2250 eis
791 2222 948 2260 competat

171 2275 332 2315 quoddam
348 2283 453 2314 genus
469 2273 667 2305 certitudinis
677 2274 947 2314 experimentahs,

172 2329 314 2359 maxime
330 2328 390 2368 ipsi
403 2328 480 2368 spei.

215 2384 246 2412 4.
261 2382 309 2413 Ad
325 2381 403 2413 illud
413 2381 499 2422 quod
512 2381 674 2420 objicitur,
686 2381 771 2421 quod
782 2381 951 2412 credulitas

177 2435 406 2474 suppliciorum
421 2444 485 2466 non
502 2437 548 2466 est
564 2434 741 2465 substantia
756 2443 866 2465 rerum
881 2443 951 2474 spe-

178 2488 364 2525 randarum,
388 2488 440 2519 sed
462 2488 567 2528 magis
585 2488 812 2526 timendarum,
841 2488 950 2519 dieen-

178 2542 256 2572 dum
271 2542 355 2582 quod
371 2551 483 2573 verum
497 2544 545 2573 est
562 2541 648 2583 quod
660 2551 726 2573 non
741 2544 787 2573 est
801 2543 952 2574 substan-

175 2595 219 2625 tia
233 2604 343 2626 rerum
360 2595 587 2635 sperandarum
601 2598 756 2635 tanquam
769 2596 886 2636 obiecti
896 2598 949 2635 (a),

211 2660 243 2690 (a)
259 2659 318 2683 Coet.
334 2658 392 2682 edit.
409 2658 525 2689 subjecti.
538 2672 566 2676 —
577 2657 610 2690 (b)
625 2659 668 2683 ita.

321 2712 395 2735 rou.
420 2711 465 2735 lv.

1695 178 1751 206 497

984 239 1037 269 sed
1066 241 1219 279 tanquam
1248 240 1320 270 finis
1337 264 1344 276 ,
1373 240 1453 271 sicut
1482 241 1669 280 praedictum
1700 244 1755 272 est.

985 292 1136 329 Quamvis
1152 295 1260 324 autem
1283 292 1451 324 credulitas
1475 294 1702 333 suppliciorum
1718 296 1759 325 sit

985 354 1093 375 rerum
1109 346 1324 377 timendarum
1345 355 1400 386 per
1428 347 1558 377 modum
1574 347 1699 387 objecti,
1715 351 1761 379 est

985 400 1093 428 tamen
1109 408 1216 429 rerum
1229 400 1458 439 sperandarum
1468 409 1523 439 per
1536 400 1666 431 modum
1676 401 1758 432 finis.

987 448 1058 479 Ideo
1085 449 1170 479 enim
1191 450 1262 489 quis
1284 451 1380 481 eredit
1405 453 1524 482 aeterna
1547 451 1711 491 supplicia,
1726 456 1762 482 ut

987 504 1171 542 assequatur
1187 503 1270 533 bona
1284 504 1451 543 speranda.

1028 558 1056 586 ὃ.
1076 556 1120 586 Ad
1140 556 1218 587 illud
1246 557 1330 596 quod
1359 558 1519 598 objoeitur,
1535 559 1619 598 quod
1646 560 1692 589 est
1719 558 1763 589 ibi

988 609 1126 640 defectus
1141 609 1324 648 evidentiae,
1341 611 1417 650 quia
1440 612 1518 642 fides
1537 612 1694 642 diffinitur
1709 621 1764 652 per

989 662 1162 702 posteriora
1175 665 1205 693 et
1221 663 1342 703 ignota,
1360 664 1531 695 dicendum
1547 666 1633 704 quod
1648 665 1763 696 falsum

989 719 1035 747 est
1051 727 1057 746 :
1075 716 1232 747 diffinitur
1255 717 1340 747 enim
1356 726 1412 757 per
1434 718 1531 747 finem
1547 720 1576 747 et
1592 718 1763 758 objectum,

989 770 1071 801 sicut.
1084 770 1173 810 prius
1200 770 1307 801 visum
1323 773 1378 801 est.
1396 770 1480 801 Licet
1502 773 1609 801 autem
1626 770 1698 801 finis
1713 772 1763 812 ip-

990 824 1056 854 sius
1071 823 1153 862 fidei,
1171 824 1228 864 qui
1251 824 1390 854 consistit
1413 824 1445 854 in
1471 825 1566 855 rebus
1587 824 1761 864 sperandis,

991 878 1029 908 sit
1043 878 1196 918 posterior
1211 878 1279 917 ipsa
1294 878 1356 908 fide
1371 880 1529 917 quantum
1544 877 1584 910 ad
1591 878 1762 908 assecutio-

992 941 1076 970 nem,
1094 934 1141 962 est
1155 934 1261 962 tamen
1284 931 1370 971 prior
1386 934 1544 971 quantum
1560 931 1599 962 ad
1615 931 1767 962 intentio-

992 995 1077 1016 nem.
1095 985 1179 1016 Licet.
1195 985 1290 1015 etiam
1306 985 1468 1024 obJectum
1479 984 1578 1024 ipsius
1589 984 1672 1021 fidei,
1683 984 1769 1024 quod

993 1039 1133 1069 consistit
1157 1038 1190 1068 in
1215 1038 1347 1069 veritate
1370 1048 1434 1069 non
1459 1041 1641 1078 apparente,
1659 1038 1699 1068 sit
1713 1038 1768 1068 ho-

994 1093 1072 1123 mini
1094 1092 1212 1122 infideli
1232 1092 1455 1131 incognitum3
1476 1094 1581 1122 tamen
1600 1092 1768 1130 cognitum

994 1149 1039 1177 est
1062 1146 1185 1176 homini
1212 1146 1308 1176 fidem
1330 1146 1470 1176 habenti.
1497 1145 1651 1182 Quamvis
1672 1145 1768 1175 etiam

994 1204 1035 1232 sit
1048 1202 1249 1241 incognitum
1269 1201 1362 1240 quale
1386 1201 1443 1239 sit,
1467 1204 1579 1232 notum
1601 1203 1708 1232 tamen
1724 1204 1770 1232 est

995 1256 1102 1295 ipsum
1118 1264 1183 1285 non
1203 1263 1356 1294 apparere
1373 1264 1379 1285 :
1397 1254 1483 1285 etsie
1500 1257 1609 1294 pateus
1625 1254 1769 1294 estquod

995 1308 1146 1349 praedicta
1161 1308 1333 1338 notificatio
1358 1317 1422 1338 1100
1439 1311 1486 1338 est
1501 1317 1556 1348 per
1570 1308 1727 1348 posterius
1741 1311 1772 1339 et

996 1361 1211 1401 incognitum,
1228 1362 1293 1392 imo
1307 1371 1363 1402 per
1379 1362 1467 1401 prius
1482 1363 1512 1392 et
1527 1362 1645 1392 notius.

1037 1418 1066 1446 6.
1089 1416 1136 1446 Ad
1152 1416 1231 1447 illud
1247 1416 1331 1455 quod
1347 1415 1504 1455 objicitur,
1523 1415 1609 1455 quod
1627 1416 1658 1445 in
1674 1425 1710 1446 ea
1727 1417 1773 1446 est

997 1470 1246 1509 praeposteratio,
1263 1469 1338 1509 quia
1353 1470 1441 1509 prius
1458 1469 1586 1499 deberet
1604 1469 1663 1499 (1101
1679 1477 1774 1508 argu-

998 1525 1154 1560 mentum,
1170 1533 1267 1563 quam
1283 1524 1540 1568 fundamentum,
1560 1523 1599 1554 ob
1614 1522 1675 1553 hoc
1688 1522 1773 1563 quod

997 1577 1176 1608 intellectus
1211 1577 1361 1617 praecedit
1395 1577 1544 1608 affectum
1556 1600 1565 1614 ,
1603 1575 1772 1607 dicendum

998 1631 1083 1670 quod
1107 1630 1165 1661 etsi
1191 1632 1278 1661 actus
1301 1630 1478 1661 intellectus
1494 1629 1650 1670 praecedat
1667 1632 1773 1660 actum

999 1684 1141 1722 affectus,
1159 1683 1241 1714 nihil
1256 1685 1361 1714 tamen
1383 1683 1516 1723 impedit
1530 1683 1616 1723 quod
1631 1682 1774 1713 intellec-

998 1740 1050 1768 tus
1078 1738 1249 1777 aliquando
1279 1740 1431 1777 sequatur
1462 1737 1612 1768 affectum
1627 1761 1634 1775 ,
1666 1738 1775 1777 utpote

999 1792 1126 1832 quando
1148 1791 1322 1822 inclinatur
1349 1791 1387 1822 ad
1416 1791 1654 1822 assentiendum
1681 1790 1775 1821 alicui

999 1847 1044 1877 rei
1069 1846 1245 1877 secundum
1269 1846 1442 1886 imperium
1464 1844 1648 1876 voluntatis.
1667 1843 1702 1874 Et
1716 1843 1776 1875 hoc

1001 1902 1094 1932 modo
1117 1901 1236 1931 dictum
1253 1902 1299 1931 est
1314 1899 1460 1940 superius
1476 1908 1507 1930 se
1522 1898 1639 1929 habere
1653 1898 1687 1928 in
1702 1900 1775 1929 actu

1000 1955 1097 1993 fidei,
1119 1964 1192 1994 quae
1216 1954 1286 1985 ideo
1315 1953 1412 1984 habet
1438 1952 1594 1983 rationem
1625 1951 1775 1988 virtutis,

1000 2009 1077 2048 quia
1092 2017 1238 2038 assensus
1251 2007 1303 2038 ille
1317 2011 1363 2038 est
1378 2016 1396 2037 a
1411 2006 1565 2046 principio
1582 2005 1755 2036 voluntatis
1768 2015 1774 2035 :

1001 2064 1031 2092 et
1045 2061 1115 2092 ideo
1125 2061 1295 2101 Apostolus
1306 2061 1479 2091 rectissime
1492 2059 1663 2097 ordinavit,
1677 2067 1777 2099 quan-

1001 2115 1041 2146 do
1056 2115 1133 2146 illud
1147 2115 1219 2146 fidei
1235 2114 1321 2155 quod
1335 2113 1462 2154 respicit
1476 2112 1655 2144 affectivam
1665 2135 1673 2149 ,
1691 2119 1778 2151 prae-

1003 2169 1088 2199 misit
1102 2169 1129 2199 ei
1145 2168 1229 2208 quod
1249 2167 1376 2208 respicit
1392 2166 1600 2207 cognitivum.

1043 2225 1059 2253 7
1077 2224 1108 2253 et
1122 2224 1150 2253 8.
1170 2221 1217 2252 Ad
1239 2221 1317 2252 illud
1332 2221 1417 2261 quod
1434 2219 1584 2260 objicitur
1604 2219 1642 2250 de
1657 2219 1779 2250 defectu

1003 2276 1201 2308 sufficientIae
1215 2300 1222 2314 ,
1240 2276 1316 2316 quia
1339 2275 1466 2306 deberet
1489 2273 1618 2305 diffiniri
1640 2281 1695 2313 per
1709 2272 1778 2302 dili·
1825 2298 1833 2305 ‚

1004 2330 1120 2370 genda,
1135 2330 1217 2361 sicut
1231 2338 1288 2370 per
1303 2328 1475 2369 speranda,
1491 2330 1522 2358 et
1538 2327 1575 2366 (b)
1592 2335 1649 2366 per
1664 2327 1778 2366 praete-

1004 2384 1066 2414 rita
1076 2408 1085 2422 ,
1103 2384 1183 2414 sicut
1197 2393 1253 2424 per
1267 2383 1376 2414 futura
1388 2406 1395 2420 ,
1409 2383 1477 2422 ¹iam
1493 2382 1578 2421 patet
1590 2379 1755 2419 responsio
1770 2388 1777 2409 z

1005 2438 1081 2478 quia
1100 2437 1249 2477 quamvis
1270 2437 1348 2467 fides
1361 2437 1402 2467 sit
1416 2436 1455 2467 de
1471 2433 1638 2475 praeteritis
1649 2436 1681 2464 et
1691 2433 1779 2464 futu-

1005 2492 1068 2530 ris,
1086 2491 1151 2523 sive
1170 2492 1266 2522 etiam
1285 2491 1324 2522 de
1347 2489 1510 2531 sperandis
1524 2490 1554 2519 et
1569 2487 1725 2526 amandis
1742 2487 1780 2518 de

1005 2545 1079 2577 solis
1091 2545 1254 2585 sperandis
1266 2546 1311 2575 est
1325 2546 1478 2584 tanquam
1491 2542 1530 2573 de
1540 2542 1615 2580 fine,
1627 2541 1666 2572 ad
1683 2550 1779 2581 quem

1005 2598 1107 2629 tendit
1124 2609 1130 2628 :
1148 2601 1177 2629 et
1191 2607 1248 2638 per
1265 2598 1335 2636 hoc,
1354 2597 1438 2637 quod
1463 2595 1617 2626 diffinitur
1636 2594 1689 2625 hic
1703 2594 1781 2627 fides

1007 2662 1061 2693 per
1075 2651 1343 2692 comparationem
1358 2651 1396 2682 ad
1412 2651 1510 2681 tinem
1524 2652 1554 2680 et
1568 2648 1781 2689 complemen-

1604 2703 1641 2735 32
