2017 2960
50 1449 144 1475 Alnifu.

628 191 726 223 DIST.
750 189 856 222 XXIII.
880 189 970 220 ART.
997 189 1034 220 II.
1056 189 1207 227 QUAEST.
1232 189 1282 220 IV.

157 257 302 290 informis
325 260 370 289 est
391 258 509 295 virtus,
533 259 608 299 quia
637 267 700 289 non
723 257 930 288 adhaerebant

157 312 216 351 ipsi
230 312 343 352 prImae
355 311 479 342 veritati
493 315 621 352 propter
635 321 678 343 se.

197 367 225 395 4.
248 365 295 395 Ad
316 364 392 395 illud
408 365 492 404 quod
513 365 673 405 objicitur,
690 364 775 405 quod
791 371 930 402 cognos-

157 418 269 448 cebant
292 417 392 448 Deum
417 427 484 449 esse
505 419 628 449 trinum
644 420 674 449 et
689 427 804 453 uuum,
820 416 929 447 dicen-

156 471 233 501 dum
252 471 335 510 quod
358 471 411 502 illa
426 472 565 511 cognitio
585 472 619 502 in
640 471 839 502 daemonibus
863 471 929 499 erat

156 524 303 555 derelicta
318 534 357 555 ex
373 526 566 565 cognitione,
579 535 676 565 quam
691 525 875 555 habuerunt
888 532 927 553 ex

156 578 259 617 prima
273 578 322 608 sui
338 579 527 610 conditione.
546 579 730 610 Secundum
743 577 828 608 enlm
844 575 929 616 quod

155 631 229 662 dicit
244 631 411 672 Dionysius
426 633 457 663 in
473 633 553 663 libro
569 633 607 664 de
628 633 760 663 Divinis
775 630 926 662 Nomini-

156 684 223 723 bus,
251 686 351 725 capite
377 689 510 726 quarto,
528 687 599 717 data
623 685 823 716 daemonibus
846 683 929 713 dona

156 747 359 778 nequaquam
381 739 449 779 ipsa
470 742 592 770 mutata
616 749 682 769 esse
701 738 853 774 dicimus3
874 736 928 766 sed

155 794 230 822 sunt
246 792 371 831 integra
384 795 415 823 et
430 792 696 832 splendidissima,
707 791 856 831 quamvis
869 789 929 830 ipsi

155 853 220 875 non
245 845 373 876 videant
392 845 574 876 claudentes
588 845 620 875 in
634 845 744 885 seipsis
759 844 928 884 speculati-

155 907 211 928 vas
233 898 381 929 veritates
397 909 403 929 ε
421 901 451 929 et
475 899 519 929 sie
543 908 608 929 non
627 900 751 938 oportet
766 906 882 938 ponere
897 897 930 927 in

155 951 358 983 daemonibus
379 952 528 983 habitum
551 952 624 983 fidei
644 952 775 989 infusae,
792 960 867 982 cum
883 954 930 981 ta-

155 1006 219 1036 lem
245 1006 390 1037 notitiam
415 1007 588 1037 habuerint
615 1016 633 1037 a
661 1007 765 1046 prima
794 1005 931 1036 naturali

156 1069 214 1090 sua
239 1060 419 1091 conditione
432 1084 439 1096 ,
463 1060 535 1091 lleet
554 1070 624 1091 eam
639 1061 776 1091 habeant
791 1059 930 1099 quodam

157 1113 252 1144 modo
275 1114 382 1144 minus
401 1114 535 1154 perfecte
550 1116 678 1154 propter
693 1123 824 1145 suarum
841 1122 930 1143 men-

156 1167 238 1198 tium
253 1167 508 1198 obcaecationem.

400 1273 578 1312 QUAESTIO
602 1272 653 1304 IV.

159 1356 204 1382 An
214 1355 277 1390 fides
287 1356 413 1389 informis
423 1356 575 1390 expellatur
587 1363 636 1390 per
650 1355 795 1381 adventum
809 1352 932 1388 yratz‘oe¹.

200 1436 242 1467 De
258 1436 357 1475 ipsius
373 1436 446 1466 fidei
470 1435 613 1467 informis
636 1435 818 1472 duratione,
838 1438 869 1465 et
885 1436 931 1464 est

160 1490 296 1530 quaestio
313 1500 320 1520 :
338 1492 449 1520 utrum
465 1489 542 1520 fides
564 1489 709 1520 informis
731 1489 862 1518 omnino
877 1497 932 1518 ex-

161 1545 297 1585 pellatur
312 1554 368 1584 per
383 1544 557 1575 adventum
576 1543 700 1583 gratiae.
717 1543 755 1574 Et
770 1543 855 1582 quod
870 1543 914 1572 sic
926 1566 933 1579 ‚

161 1599 296 1630 videtur.
316 1598 416 1637 Major
434 1601 479 1628 est
496 1598 717 1628 convenientia
730 1597 803 1627 fidei
818 1597 935 1627 sorma-

162 1655 203 1684 tae
218 1653 257 1683 ad
269 1652 421 1691 gloriam,
434 1660 532 1691 quam
547 1651 620 1681 fidei
633 1651 778 1681 formatae
791 1651 829 1681 ad
842 1651 937 1681 fidem

163 1706 344 1743 informem,
358 1714 415 1745 pro
429 1714 466 1735 eo
481 1705 567 1744 quod
582 1705 686 1744 glorIa
696 1714 760 1734 non
776 1707 822 1735 est
837 1704 936 1741 aliud,

163 1768 261 1798 quam
274 1759 377 1798 gratia
391 1760 613 1789 consummata
626 1757 698 1788 :sed
713 1757 815 1796 gloria
830 1766 940 1797 super-

164 1813 295 1843 veniens
310 1815 443 1844 evacuat
457 1812 603 1842 habitum
624 1811 698 1842 fidei
714 1812 858 1842 formatae
868 1835 875 1849 ‚
896 1811 938 1841 si-

166 1869 219 1897 cut
242 1866 312 1897 vult
336 1865 506 1906 Apostolus
520 1865 531 1882 ²
554 1876 560 1896 :
579 1874 658 1904 ergo
672 1889 680 1901 ‚
695 1865 940 1905 superveniente

166 1919 227 1950 fide
240 1919 390 1955 formata,
406 1918 527 1949 tollitur
547 1917 624 1948 fides
643 1918 806 1955 informis,
823 1921 853 1949 et
868 1928 940 1949 eva-

167 1975 290 2004 cuatur.

207 2029 238 2058 2.
253 2025 330 2056 Item
348 2026 454 2065 majus
468 2025 578 2056 lumen
599 2025 746 2056 absorbet
765 2025 874 2056 minus
887 2026 940 2056 lu-

169 2089 242 2111 men
258 2091 264 2111 :
283 2089 361 2119 ergo
376 2080 402 2110 si
418 2079 529 2110 lumen
551 2079 664 2118 gratiae
679 2081 809 2118 gratum
823 2079 942 2109 facien-

168 2135 208 2165 tIs
217 2133 439 2175 superexcellit
448 2132 738 2172 incomparabiliter
748 2132 858 2163 lumen
872 2142 944 2172 gra-

169 2188 222 2219 tiae
239 2187 339 2227 gratis
353 2187 450 2224 datae,
464 2185 592 2216 videtur
607 2185 691 2224 quod
706 2185 784 2216 fides
798 2185 943 2216 informis

169 2251 226 2283 per
239 2241 376 2281 gratiam
392 2239 670 2280 supervenientem
685 2239 800 2269 habeat
814 2239 942 2279 expelli.

211 2299 239 2327 3.
256 2295 335 2326 Item
357 2293 435 2324 fides
459 2292 604 2323 informis
625 2301 793 2332 nunquam
815 2295 862 2323 est
883 2293 944 2323 nisi

171 2350 205 2379 in
229 2350 405 2389 peccatore,
431 2355 506 2378 nam
525 2346 559 2376 in
582 2346 669 2376 omni
687 2347 774 2385 justo
795 2348 842 2377 est
868 2346 945 2377 fides

172 2403 305 2433 formata
322 2413 329 2432 :
356 2401 409 2431 sed
435 2400 539 2439 gratia
564 2401 693 2438 gratum
718 2399 834 2430 faciens
858 2409 946 2431 nun-

173 2464 271 2496 quam
289 2457 390 2495 potest
411 2463 478 2485 esse
503 2463 576 2484 cum
598 2455 724 2492 peccato
742 2464 748 2483 :
766 2461 843 2492 ergo
860 2462 947 2484 nuu-

174 2517 270 2549 quam
294 2510 393 2548 potest
417 2517 485 2539 esse
509 2516 584 2538 cum
608 2506 669 2536 fide
693 2506 846 2537 informi:
866 2516 946 2546 ergo

173 2562 348 2594 necessario
364 2570 435 2591 eam
448 2561 483 2591 in
497 2560 637 2591 adventu
652 2569 711 2590 suo
725 2559 865 2600 expellit.

213 2615 244 2647 Ιι.
261 2615 339 2646 Item
361 2622 472 2644 omnes
493 2613 630 2645 virtutes
653 2613 750 2644 simul
769 2613 947 2644 infundun-

208 2681 214 2697 ⁸
226 2679 288 2704 Alex
305 2677 412 2706 Mensis,
421 2683 444 2707 p.
455 2676 498 2705 111,
508 2675 762 2706 collat,xxxv111,art.
771 2677 798 2707 33
809 2677 834 2701 S.
846 2676 947 2707 Thom,

1702 195 1760 223 505

987 259 1040 288 tur
1056 268 1062 288 t
1080 267 1158 297 ergo
1180 266 1255 288 eum
1276 256 1456 287 infunditur
1480 257 1633 295 charitas,
1651 259 1760 289 Infun-

987 310 1072 340 ditur
1091 311 1167 341 fides
1181 312 1316 341 formata
1334 321 1341 341 ε
1358 310 1411 341 sed
1431 310 1624 350 impossibIIe
1638 314 1685 342 est
1697 312 1760 342 duo

987 364 1159 394 accidentia
1188 363 1332 403 ejusdem
1363 363 1475 403 speciei
1499 373 1567 394 esse
1591 364 1625 394 in
1648 364 1759 395 eodem

987 417 1130 456 subjecto
1154 427 1161 447 z
1186 427 1264 457 ergo
1290 417 1483 457 impossibile
1511 419 1558 447 est
1583 417 1662 447 duas
1684 418 1761 449 fides

987 479 1054 500 esse
1073 471 1105 500 in
1127 471 1236 501 eadem
1260 472 1369 502 anima
1387 483 1392 502 :
1410 481 1490 510 ergo
1512 480 1637 502 neeesse
1661 473 1707 501 est
1722 471 1761 501 fi-

987 523 1059 554 dem
1075 524 1244 555 iuformem
1258 525 1372 564 expelli
1388 525 1427 554 ad
1443 525 1617 555 adventum
1634 524 1759 564 gratiae.

1029 578 1057 607 5.
1075 577 1153 608 Item
1169 580 1224 607 aut
1240 578 1349 608 lumen
1365 578 1476 617 gratiae
1498 581 1628 617 gratum
1644 578 1763 608 facien-

989 630 1028 660 tis
1044 631 1159 661 sufficit
1175 631 1213 661 ad
1233 631 1445 667 credendum,
1461 634 1514 662 aut
1531 641 1595 662 non
1609 642 1615 661 :
1634 632 1659 661 si
1674 641 1738 662 non
1750 655 1760 669 ,

987 693 1065 723 ergo
1081 685 1184 723 gratia
1209 686 1339 724 gratum
1365 685 1481 715 faciens
1504 694 1568 716 non
1591 685 1706 715 sufficit
1721 685 1760 715 ad

989 738 1232 777 promerendam
1263 738 1419 775 salutem;
1440 738 1467 768 si
1497 738 1631 775 suflicit,
1653 747 1762 777 super-

988 791 1091 822 ssuum
1104 794 1149 822 est
1164 792 1264 822 facere
1278 801 1334 831 per
1350 791 1442 832 plura
1452 816 1459 828 ,
1476 791 1562 831 quod
1576 793 1678 831 potest
1691 792 1760 822 fieri

988 853 1044 884 per
1068 845 1217 884 pauciora
1236 856 1241 875 :
1264 854 1341 883 ergo
1358 844 1483 875 videtur
1507 844 1594 884 quod
1609 853 1764 884 superve-

988 898 1095 928 niente
1118 898 1222 937 gratia
1246 901 1376 937 gratum
1405 898 1537 928 faciente
1557 921 1566 935 ‚
1589 898 1765 938 superfluat

988 951 1104 982 habere
1118 952 1215 982 fidem
1230 952 1410 983 informem.

1030 1005 1089 1036 Sed
1105 1008 1214 1037 contra
1231 1016 1238 1036 :
1256 1006 1363 1037 Gratia
1385 1014 1450 1036 non
1473 1004 1602 1044 expellit
1617 1004 1679 1034 nisi
1694 1004 1764 1035 cul-

989 1068 1081 1099 pam,
1099 1060 1148 1090 vel
1167 1069 1364 1099 consequens
1379 1059 1418 1089 ad
1441 1059 1569 1099 culpam
1588 1069 1593 1089 :
1611 1058 1664 1089 sed
1685 1058 1765 1088 fides

989 1113 1133 1144 informis
1155 1123 1213 1144 uec
1235 1116 1281 1144 est
1302 1114 1411 1153 culpa,
1427 1123 1486 1144 nec
1505 1122 1702 1152 consequens
1726 1113 1765 1144 ad

991 1165 1117 1205 culpam
1136 1177 1142 1196 :
1160 1175 1238 1205 ergo
1260 1166 1337 1196 fides
1356 1166 1501 1196 informis
1516 1174 1582 1195 non
1597 1165 1765 1204 expellitur

991 1227 1009 1248 a
1024 1219 1129 1257 gratia
1143 1219 1398 1259 superveniente.

1033 1271 1122 1310 Item,
1136 1273 1216 1303 sicut
1229 1282 1262 1303 se
1276 1272 1372 1303 habet
1388 1275 1476 1303 actus
1490 1273 1529 1303 ad
1543 1275 1661 1310 actum,
1674 1273 1716 1302 ita
1732 1279 1764 1301 se

992 1325 1088 1356 habet
1102 1326 1229 1356 babitus
1249 1326 1286 1356 ad
1311 1326 1458 1357 habitum
1475 1337 1481 1356 z
1499 1326 1553 1357 sed
1573 1326 1676 1365 gratia
1691 1334 1768 1365 gra-

992 1383 1060 1411 tum
1077 1381 1193 1411 faciens
1208 1381 1280 1411 facit
1296 1382 1422 1412 credere
1437 1382 1471 1412 in
1485 1381 1584 1412 Deum
1597 1406 1605 1420 ‚
1619 1384 1650 1412 et
1664 1380 1769 1420 gratia

993 1434 1094 1472 gratis
1115 1434 1187 1464 data
1209 1434 1284 1464 facit
1306 1434 1369 1465 Deo
1385 1435 1511 1465 credere
1531 1435 1578 1465 :si
1598 1443 1676 1473 ergo
1697 1443 1768 1464 cre-

994 1487 1069 1517 dere
1083 1487 1115 1517 in
1131 1487 1231 1518 Deum
1248 1496 1312 1518 non
1326 1487 1456 1527 expellit
1471 1488 1598 1519 credere
1615 1487 1678 1518 Deo
1690 1511 1698 1524 ‚
1715 1486 1769 1517 sed

994 1541 1101 1580 potius
1126 1541 1345 1581 praesupponit
1359 1565 1368 1579 ,
1394 1541 1522 1572 videtur
1551 1541 1637 1581 quod
1666 1540 1770 1579 gratia

996 1597 1126 1634 gratum
1155 1595 1272 1626 faciens
1300 1604 1365 1626 non
1388 1595 1525 1635 expellat
1549 1595 1645 1626 fidem
1669 1594 1768 1624 infor-

995 1657 1091 1679 mem.

1037 1703 1114 1734 Item
1132 1704 1236 1743 magis
1258 1703 1453 1735 convemunt
1475 1704 1558 1734 dona
1576 1703 1682 1733 intusa
1696 1710 1772 1733 cum

997 1757 1126 1795 infusis,
1152 1767 1248 1798 quam
1275 1758 1380 1788 infusa
1406 1766 1479 1788 cum
1508 1756 1694 1796 acquisitis:
1717 1755 1772 1786 sed

998 1812 1102 1851 gratia
1118 1814 1249 1851 gratum
1264 1811 1393 1849 faciens,
1410 1820 1485 1841 cum
1500 1810 1690 1847 intunditur,
1706 1818 1771 1839 non

999 1865 1127 1905 expellit
1141 1864 1268 1894 habitus
1285 1864 1458 1904 acquisitos
1475 1873 1482 1894 :
1499 1873 1579 1903 ergo
1597 1862 1698 1894 multo
1714 1863 1774 1893 sor-

998 1919 1062 1949 tius
1074 1927 1139 1949 non
1155 1917 1283 1957 expellit
1297 1917 1443 1948 habitum
1456 1917 1528 1948 fidei
1544 1916 1701 1955 informis,
1718 1915 1774 1956 qui

999 1975 1046 2002 est
1060 1972 1194 2003 infusus.

1042 2027 1131 2065 Item,
1144 2028 1225 2058 sicut
1237 2036 1270 2057 se
1280 2027 1374 2057 habet
1386 2025 1479 2065 culpa
1493 2025 1532 2055 ad
1544 2024 1641 2055 fidem
1653 2024 1775 2054 forma-

1001 2083 1077 2117 tam,
1093 2080 1137 2111 ita
1151 2090 1183 2111 se
1199 2081 1294 2111 habet
1308 2080 1412 2119 gratia
1422 2079 1461 2109 ad
1476 2078 1572 2109 fidem
1586 2077 1750 2108 informem
1765 2085 1773 2106 :

1002 2135 1056 2165 sed
1071 2135 1163 2174 culpa
1182 2143 1255 2165 cum
1271 2132 1542 2174 superinducitur,
1562 2131 1620 2162 etsi
1639 2129 1776 2170 expellat

1001 2189 1137 2219 formam
1150 2188 1240 2226 fidei,
1257 2196 1323 2218 non
1344 2189 1452 2217 tamen
1471 2185 1600 2225 expellit
1620 2185 1721 2224 ipsam
1736 2183 1774 2213 fi-

1002 2242 1086 2277 dem,
1102 2242 1179 2281 quia
1190 2242 1258 2281 jam
1279 2241 1395 2271 faceret
1410 2239 1577 2270 hominem
1593 2238 1774 2269 infidelem:

1002 2305 1081 2336 ergo
1094 2295 1163 2336 pari
1177 2295 1299 2325 ratione
1310 2294 1414 2333 gratia
1427 2296 1559 2332 gratum
1573 2292 1690 2323 faciens
1701 2299 1777 2321 cum

1003 2349 1282 2389 superinducitur,
1301 2347 1360 2378 etsi
1381 2347 1468 2378 tollat
1488 2345 1715 2377 informitatem
1737 2345 1776 2374 fi-

1003 2402 1073 2440 dei,
1092 2411 1157 2432 non
1180 2404 1287 2431 tamen
1302 2400 1383 2431 tollit
1405 2399 1615 2430 substantiam
1636 2398 1775 2428 habitus.

1046 2454 1122 2484 ltem
1133 2477 1142 2491 ,
1159 2453 1186 2483 si
1202 2453 1331 2483 habitus
1348 2452 1422 2482 fidei
1441 2451 1586 2482 informis
1610 2450 1730 2480 tollitur
1744 2449 1778 2479 in

1001 2507 1230 2548 justificatione
1249 2506 1358 2546 impii,
1375 2514 1452 2544 ergo
1475 2514 1547 2534 cum
1568 2503 1682 2543 aliquis
1696 2503 1776 2534 reci-

1005 2560 1093 2590 divat
1115 2559 1150 2589 in
1173 2560 1337 2598 peccatum
1352 2581 1360 2593 ‚
1384 2558 1441 2586 aut
1464 2555 1600 2585 eflicitur
1622 2554 1778 2593 infidelis,

1007 2641 1038 2664 Ill
1056 2640 1135 2668 Sem„
1150 2639 1208 2663 dist.
1221 2644 1296 2668 xxm,
1312 2644 1337 2668 q.
1356 2642 1394 2667 111,
1410 2637 1457 2660 art.
1471 2636 1499 2665 4;
1520 2635 1661 2666 Stephanus
1676 2635 1780 2664 Brules.,

1007 2677 1038 2700 m
1050 2676 1129 2705 Sent.,
1143 2675 1201 2699 dist.
1213 2680 1289 2704 xx111,
1302 2680 1326 2704 q.
1343 2678 1382 2696 111.
1392 2685 1421 2689 —
1435 2672 1445 2686 ἓ
1458 2672 1466 2695 1
1479 2672 1546 2701 cor„
1559 2677 1618 2698 xm.
1637 2673 1673 2695 lo.

1780 1025 1883 1046 Fundam.
