2017 2960
850 136 1037 169 DISTINCT.
1062 136 1140 168 XVI.
1740 140 1798 168 345

195 208 319 241 habens
333 208 374 241 ad
388 206 580 252 patiendum
604 217 734 251 corpus,
755 209 787 239 et
809 216 922 250 passus
946 209 1005 246 est,
1031 204 1086 237 scd
1110 208 1262 237 naturam
1285 215 1352 236 non
1376 203 1500 236 habens
1515 203 1556 236 ad
1571 203 1794 237 dolendum.»

194 266 284 300 Idem
300 266 335 298 in
355 265 469 298 eodem
483 271 491 287 ¹
510 276 517 297 :
537 277 553 295 α
580 264 763 297 Videamus
787 275 830 296 an
849 263 905 296 ille
927 262 1086 307 passionis
1106 262 1185 296 ordo
1207 261 1433 295 infirmitatem
1458 262 1493 294 in
1517 261 1657 294 Domino
1677 262 1799 294 doloris

193 324 359 369 permittat
374 322 527 366 intelligi.
544 322 662 355 Dilatis
676 322 764 355 enim
779 321 896 363 causis,
923 333 963 354 ex
986 321 1107 365 quibus
1130 325 1255 354 metum
1282 321 1422 353 Domino
1439 320 1570 353 haeresis
1586 320 1730 362 ascribit,
1749 331 1800 353 res

192 382 290 426 ipsas,
308 384 344 414 ut
358 385 454 424 gestae
478 384 567 421 sunt,
593 379 811 412 conferamus.
838 379 903 412 Nec
924 379 1012 412 enim
1032 379 1102 411 fieri
1133 383 1248 423 potest,
1278 383 1313 412 ut
1341 378 1440 411 timor
1460 378 1530 423 ejus
1545 378 1749 421 significetur
1764 378 1799 410 in

195 439 313 480 verbis,
330 439 424 483 cujus
439 438 562 471 fiducia
579 438 792 470 continuatur
811 438 846 470 in
869 437 991 470 factis’.
1007 436 1170 469 Timuisse
1186 448 1263 479 ergo
1284 436 1438 469 haeretico
1453 436 1638 481 passionem
1653 436 1795 469 videtur.

192 497 256 530 Sed
268 497 308 530 ob
324 496 519 540 ignorantiae
543 496 644 540 hujus
669 507 812 528 errorem
836 496 954 528 Petrus
978 499 1009 527 et
1032 498 1042 514 ⁸
1063 499 1202 527 satanas
1227 498 1258 526 et
1277 494 1474 527 scandalum
1495 498 1554 527 est.
1575 494 1671 526 Anne
1689 493 1800 526 timuit

191 555 288 596 mori,
305 555 364 600 qui
377 557 387 573 ¹¹
403 554 537 587 armatis
557 553 675 588 obvius
690 553 831 598 prodiit?
846 554 886 586 Et
901 554 935 586 in
947 563 1081 597 corpore
1096 552 1166 596 ejus
1180 552 1356 585 infirmitas
1370 552 1444 591 fuit,
1462 552 1502 585 ad
1517 552 1612 596 cujus
1627 562 1798 585 occursum

190 614 396 643 consternata
424 610 692 655 persequentium
723 609 856 652 agmina
884 608 1045 653 supinatis
1082 607 1275 652 corporibus
1310 607 1523 640 conciderunt
1541 610 1555 640 ⁶?
1585 608 1692 646 Quam
1722 618 1799 650 ergo

192 669 419 702 infirmitatem
434 668 635 701 dominatam
654 667 754 712 hujus
775 667 919 711 eorporis
941 666 1057 708 credis,
1080 666 1174 710 cujus
1189 669 1313 698 tantam
1329 665 1445 698 habuit
1460 669 1579 697 natura
1594 665 1751 698 virtutem
1763 667 1797 697 ⁵7

190 727 254 760 Sed
274 727 356 760 forte
376 726 521 759 dolorem
539 725 715 758 vulnerum
732 725 867 758 timuit?
883 725 1001 766 Quem,
1019 735 1099 767 rogo
1111 750 1118 764 ‚
1140 735 1159 756 o
1179 727 1214 756 tu
1237 723 1407 756 dominicae
1431 722 1632 755 infirmitatis
1646 727 1797 764 assertor,

190 784 392 829 penetrantis
414 795 546 817 carnem
567 783 650 817 clavi
676 783 790 816 habuit
815 787 984 825 terrorem,
1010 782 1068 828 qui
1095 782 1236 815 excisam
1260 792 1373 814 aurem
1397 781 1467 814 solo
1489 780 1632 813 restituit
1651 783 1797 813 attactu?

190 842 379 876 Producens
393 842 462 876 haec
476 853 589 875 aurem
606 853 724 874 manus
737 841 869 874 clavum
886 841 986 883 dolet,
1008 845 1039 874 et
1054 840 1153 873 sentit
1167 839 1291 873 vulnus
1306 840 1362 885 qui
1379 839 1473 872 alteri
1488 839 1634 872 dolorem
1652 839 1799 872 vulneris

190 911 257 933 non
272 901 428 946 reliquit?
459 900 650 944 Pungendae
677 899 786 933 carnis
812 903 903 932 metu
932 899 1032 932 tristis
1061 903 1120 940 est,
1147 898 1241 942 cujus
1270 898 1304 930 in
1333 901 1455 930 attactu
1483 908 1557 930 caro
1584 901 1657 942 post
1676 896 1797 930 caedem

190 961 374 992 sanatur‘?»
393 958 482 992 Idem
499 958 509 973 ‘⁵
525 971 531 992 :
550 972 566 990 «
580 958 715 992 Collatis
739 969 816 1002 ergo
841 958 1004 991 dictorum
1023 961 1258 1001 gestorumque
1282 956 1474 997 virtutibus,
1500 955 1716 988 demonstrari
1732 966 1796 988 non

190 1021 238 1050 est
260 1017 469 1061 ambiguum,
492 1018 527 1050 in
550 1004 669 1050 natura
690 1017 834 1061 corporis
860 1016 931 1061 ejus
958 1015 1186 1048 infirmitatem
1214 1025 1377 1060 corporeae
1405 1019 1531 1047 naturae
1550 1025 1617 1047 non
1633 1013 1745 1055 fuisse,
1768 1017 1800 1046 et

190 1075 374 1119 passionem
390 1075 496 1117 illam,
512 1075 587 1108 licet
601 1075 729 1119 corpori
745 1075 837 1108 illata
857 1075 910 1116 sit,
936 1085 1003 1107 non
1028 1078 1136 1107 tamen
1162 1077 1316 1106 naturam
1338 1072 1470 1105 dolendi
1485 1072 1613 1117 corpori
1627 1071 1795 1104 intulisse:

190 1133 270 1178 quia
296 1133 370 1166 licet
397 1133 503 1166 forma
536 1133 681 1177 corporis
711 1133 814 1165 nostri
841 1137 924 1165 esset
952 1132 987 1164 in
1015 1132 1176 1173 Domino,
1207 1142 1274 1164 non
1303 1136 1413 1163 tamen
1444 1130 1570 1163 vitiosae
1597 1129 1800 1162 infirmitatis

190 1195 310 1224 nostrae
336 1191 442 1224 forma
470 1195 540 1224 erat
562 1191 597 1223 in
620 1202 766 1235 corpore,
794 1190 883 1235 quod
906 1201 947 1223 ex
968 1193 1125 1233 conceptu
1150 1189 1294 1233 Spiritus
1319 1189 1422 1221 sancti
1444 1187 1549 1231 Virgo
1573 1187 1760 1231 progenuit.
1779 1200 1794 1218 »

190 1249 334 1291 Audisti,
351 1250 464 1291 lector,
481 1249 582 1282 verba
596 1248 728 1289 Hilarii,
745 1249 867 1293 quibus
882 1248 1029 1281 dolorem
1052 1247 1226 1280 excludere
1246 1247 1389 1279 videtur.
1414 1246 1479 1279 Sed
1493 1246 1520 1278 si
1536 1257 1671 1278 excussa
1685 1257 1800 1278 sensus

190 1312 221 1342 et
236 1308 414 1352 impietatis
429 1307 641 1348 hebetudine,
659 1306 835 1351 praemissis
849 1306 1026 1350 diligenter
1048 1306 1212 1347 intendas,
1236 1309 1334 1350 atque
1350 1304 1453 1349 ipsius
1468 1304 1648 1348 Scripturae
1658 1303 1799 1336 circum-

190 1366 344 1398 stantiam
360 1365 527 1410 inspicias,
552 1365 715 1398 dictorum
738 1365 897 1398 rationem
923 1368 1022 1409 atque
1044 1364 1201 1397 virtutem
1222 1363 1387 1408 percipere
1411 1367 1593 1406 utcumque
1617 1362 1751 1406 poteris,
1768 1365 1797 1394 et

192 1423 444 1466 intelligentiam
470 1434 607 1466 arguere
631 1434 697 1455 non
725 1422 910 1455 attentabis
943 1422 1145 1465 Intelligitur
1168 1422 1256 1455 enim
1282 1433 1319 1454 ea
1348 1422 1474 1454 ratione
1503 1420 1622 1453 dixisse
1651 1420 1798 1452 dolorem

190 1481 350 1526 passionis
373 1481 408 1513 in
427 1481 593 1514 Christum
620 1492 687 1514 non
713 1481 884 1522 incidisse,
911 1484 941 1513 et
965 1481 1122 1513 virtutem
1147 1480 1291 1525 corporis
1315 1479 1437 1512 Christi
1460 1478 1522 1511 sibi
1547 1478 1708 1523 excepisse
1730 1478 1798 1510 vim

191 1551 293 1585 poenae
304 1540 374 1572 sine
389 1551 485 1573 sensu
502 1551 619 1584 poenae,
636 1540 715 1584 quia
730 1539 852 1572 doloris
864 1551 996 1572 causam
1012 1543 1043 1572 et
1059 1539 1213 1571 meritum
1229 1538 1263 1570 in
1279 1549 1311 1570 se
1328 1549 1394 1570 non
1410 1536 1538 1569 habuit.
1557 1536 1651 1575 Quod
1667 1535 1799 1568 videtur

189 1602 329 1639 notasse,
349 1598 404 1631 ubi
420 1600 465 1631 ait
482 1610 489 1630 :
515 1610 530 1629 ‹<
546 1597 618 1631 Non
634 1598 758 1631 habens
773 1602 925 1630 naturam
953 1598 993 1630 ad
1008 1597 1201 1630 dolendum.
1216 1610 1232 1628 >w
1257 1596 1297 1629 Et
1308 1595 1381 1629 ideo
1397 1606 1463 1628 non
1471 1594 1650 1639 judicanda
1665 1597 1711 1626 est
1724 1604 1799 1626 caro

189 1656 281 1689 illius
294 1656 475 1689 secundum
505 1660 659 1688 naturam
688 1655 790 1688 nostri
815 1656 972 1701 corporis.
996 1656 1061 1688 Nec
1080 1656 1115 1688 in
1141 1667 1178 1688 eo
1202 1655 1300 1688 etiam
1323 1654 1509 1687 dominium
1535 1652 1651 1685 habuit
1666 1652 1796 1697 passio:

187 1714 233 1747 ita
253 1714 351 1747 etiam
375 1725 441 1747 non
466 1714 583 1746 habuit
606 1717 760 1746 naturam
786 1713 825 1746 ad
852 1714 1035 1747 timendum
1059 1714 1112 1747 vel
1136 1713 1347 1754 tristandum,
1372 1711 1452 1756 quia
1470 1722 1538 1744 non
1561 1710 1678 1743 habuit
1702 1710 1797 1743 talem

188 1777 355 1814 naturam,
372 1772 407 1804 in
423 1784 489 1816 qua
514 1776 595 1804 essct
618 1783 715 1805 causa
741 1772 880 1814 timoris,
901 1772 953 1804 vel
979 1772 1129 1805 tristitiae.
1154 1772 1269 1816 Itaque
1293 1770 1465 1803 necessitas
1490 1769 1628 1802 timendi
1654 1768 1800 1801 nonfuit

188 1831 223 1863 in
238 1842 288 1871 eo,
304 1830 388 1863 sicut
402 1835 449 1863 est
474 1830 507 1862 in
523 1830 639 1871 nobis;
662 1842 720 1863 nec
748 1834 867 1863 natura
887 1830 1010 1863 doloris
1030 1830 1095 1863 fuit
1118 1830 1152 1862 iu
1174 1841 1224 1871 eo,
1250 1829 1334 1862 sicut
1356 1832 1403 1861 est
1425 1828 1460 1860 in
1481 1827 1588 1860 nobis.
1617 1826 1799 1859 Tristitiam

188 1888 347 1921 tamenin
362 1899 399 1921 eo
413 1888 513 1921 fuisse
528 1893 766 1933 consequenter
790 1889 917 1930 asserit,
945 1888 1001 1921 sed
1025 1900 1157 1921 causam
1182 1888 1253 1932 ejus
1277 1887 1420 1920 extitisse
1435 1897 1502 1919 non
1532 1897 1626 1918 suam
1642 1889 1794 1926 mortem,

188 1946 244 1979 sed
259 1946 422 1978 defectum
437 1946 526 1978 Petri
541 1950 572 1979 et
592 1946 735 1979 aliorum
760 1947 997 1991 apostolorum.
1021 1946 1106 1979 Dicit
1125 1946 1213 1979 enim
1234 1945 1403 1979 Christum
1416 1956 1483 1977 non
1498 1948 1631 1989 propter
1645 1947 1797 1985 mortem,

188 2004 243 2037 sed
270 2015 374 2048 usque
402 2004 442 2037 ad
471 2009 610 2037 mortem
639 2004 764 2037 tristem
793 2004 906 2046 fuisse,
933 2004 983 2037 his
1010 2004 1169 2037 verbis⁷:
1204 2016 1222 2036 ‹<
1249 2004 1420 2046 Interrogo
1451 2002 1534 2047 quid
1562 2002 1603 2034 sit
1631 2001 1799 2034 Christum

187 2062 313 2095 tristem
325 2073 392 2095 esse
408 2074 512 2107 usque
527 2062 566 2095 ad
578 2066 730 2095 mortem.
747 2062 821 2095 Non
835 2063 922 2096 enim
938 2062 1084 2107 ejusdem
1099 2061 1351 2105 significationis
1366 2065 1427 2102 est,
1444 2061 1571 2093 tristem
1586 2071 1654 2092 esse
1667 2063 1800 2104 propter

187 2127 339 2162 mortem,
356 2125 388 2153 et
398 2132 503 2165 usque
518 2121 555 2154 ad
574 2125 712 2154 mortem
727 2133 733 2153 ε
751 2121 831 2166 quia
845 2121 902 2153 ubi
917 2125 1049 2165 propter
1062 2124 1200 2153 mortem
1217 2119 1349 2152 tristitia
1364 2123 1423 2160 est,
1436 2118 1505 2151 illic
1519 2129 1607 2151 mors
1622 2129 1719 2151 causa
1731 2117 1800 2150 tris-

188 2178 265 2211 titiae
281 2182 327 2211 est
340 2191 349 2220 3
367 2178 425 2211 ubi
449 2190 527 2212 vero
542 2179 673 2212 tristitia
688 2190 793 2224 usque
808 2179 846 2212 ad
866 2183 1003 2212 mortem
1020 2182 1079 2221 est,
1096 2189 1183 2211 mors
1196 2189 1263 2211 non
1288 2177 1427 2211 tristitiae
1448 2181 1495 2210 est
1511 2188 1620 2218 causa,
1638 2176 1693 2209 sed
1708 2175 1796 2208 finis.

186 2235 277 2269 Adeo
298 2240 408 2269 autem
430 2248 496 2270 non
516 2241 649 2282 propter
671 2241 809 2271 mortem
827 2241 975 2282 suscepta
998 2240 1044 2270 est
1060 2237 1204 2279 tristitia,
1225 2240 1262 2270 ut
1281 2236 1322 2269 sit
1341 2235 1496 2269 destituta
1512 2246 1568 2280 per
1588 2237 1759 2267 mortemss.
1778 2246 1794 2264 »

186 2293 259 2327 Non
272 2305 349 2338 ergo
357 2295 419 2327 sibi
435 2295 535 2328 tristis
550 2299 609 2338 est,
620 2295 674 2328 sed
686 2296 752 2329 illis
765 2296 823 2341 qui
837 2295 870 2328 in
882 2295 1034 2328 scandalo
1045 2306 1103 2340 per
1117 2295 1345 2328 infirmitatem
1358 2293 1466 2327 carnis
1481 2297 1573 2326 erant
1584 2293 1702 2333 futuri,
1715 2302 1798 2336 quos

187 2356 298 2385 monet
312 2364 417 2395 orare,
428 2366 444 2385 >>
460 2365 501 2386 ne
516 2353 716 2386 inducantur
728 2354 762 2387 in
775 2354 1003 2396 tentationem,
1017 2353 1161 2399 quiante
1177 2353 1314 2398 polliciti
1329 2356 1423 2386 erant
1435 2363 1468 2385 se
1484 2363 1551 2385 non
1566 2350 1794 2384 scandalizari.

232 2410 392 2453 Hilarius,
408 2412 443 2444 in
457 2412 542 2445 libro
558 2411 598 2445 de
610 2411 754 2457 Synodis
769 2419 796 2445 ⁹:
812 2425 828 2444 ((
843 2413 925 2446 Cum
942 2412 1010 2446 haec
1024 2412 1213 2457 passionum
1229 2422 1350 2455 genera
1365 2410 1593 2444 infirmitatem
1605 2409 1711 2442 carnis
1723 2408 1797 2441 affi-

187 2467 286 2509 ciant,
312 2468 399 2502 Deus
422 2474 531 2503 tamen
546 2470 696 2504 Verbum
712 2481 786 2504 caro
800 2471 924 2504 factum
940 2482 1007 2503 non
1027 2470 1136 2515 potuit
1150 2470 1190 2503 ad
1210 2469 1251 2514 (α)
1269 2481 1303 2502 se
1317 2468 1528 2502 demutabilis
1543 2478 1611 2500 esse
1624 2466 1791 2511 patiendo.
1821 2458 1841 2506 [⁴
1866 2462 1867 2466 ¹
1894 2464 1907 2503 ,’

190 2524 336 2558 Verbum
352 2527 453 2569 enim,
470 2528 550 2572 quia
563 2539 638 2561 caro
653 2528 776 2562 factum
793 2533 852 2572 est,
870 2529 946 2562 licet
959 2540 992 2562 se
1007 2528 1151 2573 passioni
1167 2527 1362 2570 subdiderit,
1379 2537 1446 2560 non
1462 2530 1573 2558 tamen
1587 2525 1794 2558 demutatum

219 2631 225 2646 ¹
240 2630 329 2661 Hilar.‚
341 2631 371 2655 de
385 2632 485 2663 Trina„
501 2632 544 2656 lib.
560 2634 590 2664 X,
602 2641 627 2658 n.
641 2635 680 2658 22¹1.
696 2648 727 2652 —
737 2635 833 2665 ¹Ibz'd„
848 2642 875 2658 n.
889 2636 928 2658 27.
940 2648 965 2651 -
979 2635 990 2651 ³
1004 2634 1107 2663 Mamm,
1122 2640 1175 2665 Χνι,
1190 2635 1230 2659 23.
1243 2647 1269 2651 —
1286 2634 1295 2649 ⁵
1306 2634 1388 2663 Jocm„
1404 2637 1485 2662 xvm,
1502 2633 1514 2655 4
1528 2632 1618 2662 etseq.
1635 2643 1664 2648 —
1679 2631 1688 2647 ⁵
1703 2630 1792 2661 flilur„

186 2666 230 2691 lib.
241 2666 293 2696 cit„
306 2674 331 2690 n.
342 2668 380 2691 28Δ
395 2681 421 2685 -
433 2668 442 2684 ⁶
452 2667 562 2697 1b1·‹l.,n.
578 2670 615 2694 35.
631 2683 661 2687 —
675 2669 686 2687 7
698 2669 773 2699 llud„
784 2677 810 2693 n.
826 2672 863 2694 36.
876 2684 906 2688 —
916 2670 926 2686 ⁸
941 2669 1018 2701 limi„
1033 2676 1059 2693 n.
1072 2670 1110 2693 37.
1125 2682 1153 2687 —
1168 2670 1179 2685 ⁰
1195 2669 1241 2700 lb„
1255 2669 1284 2692 (le
1297 2668 1400 2699 Syzzocl„
1414 2674 1440 2690 n.
1458 2668 1494 2690 49.
1507 2666 1579 2697 -(α)
1591 2665 1628 2693 Al,
1643 2673 1666 2691 a.
