2017 2960
57 1370 113 1397 Opin
133 1373 151 1390 1.

56 1694 119 1720 opin.
133 1695 152 1714 2.

60 2296 156 2322 Improb.

683 160 777 192 lllST.
802 160 837 190 V.
861 160 950 191 ART.
979 161 1014 192 ll.
1037 162 1186 199 QUAES'l‘.
1211 163 1261 194 lV.

173 231 221 261 sto
234 231 308 260 sunt
321 229 393 260 duae
408 237 561 269 personae,
577 228 627 258 vel
643 228 715 258 duae
738 228 921 268 hypostases
939 240 945 259 :

173 283 225 313 sed
252 283 312 313 hoc
335 284 381 312 est
404 282 540 318 falsum,
565 284 595 312 et
619 282 691 312 fidei
716 281 910 312 contrarium
940 291 946 311 :

173 344 263 374 ergo,
279 336 337 365 etc.

215 389 292 419 Item
317 389 491 428 assumptio
519 388 592 418 dicit
619 397 715 418 usum
740 387 880 427 aliquem
903 387 949 417 rei

173 443 345 481 assumptae
363 453 369 472 τ
387 442 440 472 sed
457 451 534 472 usus
548 442 593 472 rei
609 444 751 480 tempore
771 441 821 471 vel
836 443 950 470 natura

174 496 377 535 consequitur
399 495 499 534 ipsam
518 504 586 525 rem
604 505 610 524 ε
635 503 713 532 crgo
729 494 816 533 prius
836 496 882 523 est
903 502 950 523 as-

173 552 340 589 sumptum
362 549 564 586 naturaliter,
588 557 683 587 quam
708 548 748 577 sit
771 547 878 586 ipsum
903 556 951 576 as-

174 604 258 634 sumi
278 603 325 633 :si
344 612 421 642 ergo
442 602 538 632 honio
560 601 637 631 dicit
656 601 832 631 humanam
855 602 949 630 natu-

175 659 240 687 tam
269 657 303 687 in
331 655 566 695 comparatione
594 654 633 684 ad
659 654 854 694 hypostasim
883 655 950 683 sive

174 719 358 750 personam,
384 718 509 739 necesse
532 710 579 738 est
602 708 686 747 quod
710 708 742 737 in
767 707 889 737 Christo
912 707 951 737 sit

173 763 235 793 alia
255 771 399 802 persona,
425 771 522 801 quam
548 771 682 801 persona
706 770 882 798 assumenS,
912 761 949 790 ad

174 824 271 855 quam
291 818 495 854 comparetur
516 815 699 845 humanitas
716 817 789 845 ante
804 823 951 854 assump-

173 869 292 899 tionem
310 879 316 899 z
333 869 417 908 quod
435 868 461 898 si
476 868 536 898 hoc
551 868 734 908 simpliciter
755 870 800 898 est
816 868 948 905 falsum,

172 924 269 952 restat
285 922 369 961 quod
386 925 416 952 et
431 921 508 952 illud
523 924 570 952 est
585 922 701 952 falsum
718 933 723 952 :
747 933 761 951 «
777 921 875 952 Filius
897 922 950 952 Dei

173 976 345 1015 assumpsit
360 976 535 1007 homiuem.
552 986 566 1003 »

444 1091 670 1123 CONCLUSIO.

175 1183 342 1218 Improprius
355 1184 393 1210 est
407 1190 490 1210 sermo
505 1183 610 1209 dicens:
624 1191 637 1206 «
647 1182 735 1208 Filius
746 1182 795 1208 Dei
805 1183 952 1216 assumpsit

211 1229 358 1261 hominem;
371 1238 384 1253 n
402 1236 461 1255 cum
474 1229 545 1255 homo
560 1229 647 1261 siqnet
660 1228 777 1260 formam
788 1228 817 1253 in
834 1229 952 1254 concreto

212 1274 249 1301 ad
256 1275 433 1309 suppositum.

219 1355 310 1394 Resp.
331 1355 371 1385 ad
389 1363 460 1394 arg.
484 1353 656 1384 Dicendum
677 1354 760 1393 quod
776 1354 875 1393 aliqui
895 1363 951 1384 vo-

176 1408 306 1439 luerunt
334 1408 488 1438 sustinere
513 1407 705 1437 locutionem
733 1408 825 1437 istam
837 1431 845 1444 ,
872 1407 953 1437 sicut

175 1462 221 1492 illi
237 1461 291 1502 qui
305 1462 435 1492 fuerunt
450 1461 487 1491 de
502 1460 605 1500 prima
621 1460 769 1500 opinione
781 1460 800 1497 ¹,
815 1460 953 1490 dicentes

175 1515 260 1554 quod
275 1515 417 1545 Christus
431 1516 477 1545 est
492 1514 566 1551 duo,
579 1514 693 1544 seilicet
709 1513 781 1544 duae
795 1522 845 1543 res
860 1515 954 1544 natu-

176 1577 220 1599 rae
231 1593 239 1606 ‚
255 1569 352 1599 homo
367 1568 531 1605 videlicet,
555 1569 585 1597 et
601 1567 692 1597 Deus
711 1566 768 1597 Sed
786 1567 860 1606 quia
874 1567 952 1597 illud

177 1631 241 1652 non
255 1624 357 1661 potest
371 1621 599 1651 rationabiliter
617 1621 782 1658 sustineri,
801 1621 882 1651 sicut
902 1621 952 1651 in-

177 1675 241 1706 fra²
257 1676 432 1711 videbitur,
460 1675 530 1705 ideo
551 1674 604 1705 alii
628 1674 826 1713 distinguere
846 1675 954 1705 volue-

176 1732 272 1768 runt,
298 1729 383 1769 quod
413 1730 459 1759 est
485 1728 572 1768 loqui
599 1728 637 1758 de
660 1729 879 1767 assumptione
902 1728 952 1758 vel

177 1787 334 1824 quantum
356 1783 393 1814 ad
414 1783 500 1819 fieri,
518 1782 567 1812 vel
591 1784 749 1822 quantum
773 1782 812 1812 ad
834 1782 952 1812 factum

177 1846 255 1868 esse.
271 1837 302 1868 Si
318 1837 491 1877 loquamur
505 1836 543 1866 de
558 1836 776 1876 assumptione
796 1839 952 1876 quantum

177 1892 216 1922 ad
231 1892 311 1928 fieri,
328 1892 372 1922 sic
383 1891 498 1922 falsum
513 1892 558 1920 est
573 1890 658 1930 quod
673 1890 880 1930 assumpserit
893 1890 953 1920 110-

178 1945 309 1982 minem,
332 1945 398 1975 imo
418 1944 560 1974 animam
583 1945 613 1974 et
636 1952 775 1973 carnem.
793 1942 825 1974 Si
844 1946 950 1973 autem

178 1999 349 2039 loquamur
363 1999 401 2028 de
416 1997 634 2037 assumptione
649 1999 807 2036 quantum
829 1997 868 2027 ad
890 2000 954 2027 ter-

178 2053 304 2083 minum
315 2077 322 2091 ,
338 2052 388 2083 vel
403 2053 605 2091 assumptum
619 2060 700 2088 esse,
716 2051 885 2081 concedere
900 2061 955 2081 vo-

179 2107 308 2137 luerunt
334 2114 502 2146 personam
533 2104 586 2135 Dei
612 2104 820 2144 assumpsisse
847 2105 954 2134 homi-

179 2169 253 2191 nem
266 2171 272 2190 :
286 2162 364 2190 tunc
377 2159 463 2190 enim
474 2168 539 2189 non
552 2158 678 2189 videtur
694 2158 778 2198 quod
793 2158 889 2188 homo
904 2158 955 2189 ille

179 2214 273 2245 fuerit
286 2216 358 2244 ante
373 2213 639 2253 assumptionem,
657 2212 709 2242 sed
727 2212 813 2252 quod
829 2221 867 2242 ex
887 2212 955 2251 ipsa

179 2267 396 2307 assumptione
423 2266 539 2306 aliquis
561 2266 663 2296 factus
687 2267 734 2296 est
759 2265 867 2295 homo.
895 2265 955 2295 Sed

180 2321 284 2352 adhuc
298 2320 375 2351 illud
390 2330 454 2351 non
475 2320 600 2350 videtur
625 2318 763 2349 multum
781 2318 956 2349 rationabi-

179 2374 250 2405 liter
267 2375 398 2405 dictum.
414 2374 493 2405 Nam
513 2373 540 2404 si
562 2382 601 2403 ex
625 2372 843 2412 assumptione
866 2372 958 2402 vesti-

181 2427 280 2458 menti
294 2436 369 2458 vere
389 2427 486 2467 possit
505 2426 618 2466 aliquis
639 2425 699 2456 dici
721 2426 855 2457 vestitus
873 2434 956 2462 esse,

184 2480 252 2510 haec
265 2480 494 2511 rationabiliter
508 2480 691 2510 conceditur
707 2490 714 2511 :
729 2490 743 2508 (ι
756 2479 813 2509 Hic
826 2479 957 2510 assumit

185 2533 431 2572 vestimentum;
459 2545 473 2563 ι)
499 2535 530 2565 et
557 2533 628 2564 haec
651 2542 716 2564 non
746 2533 925 2564 admittitur
951 2542 957 2563 :

190 2598 205 2616 «
221 2586 275 2617 Ille
289 2589 424 2618 assumit
438 2597 470 2619 se
484 2587 648 2625 vestitum,
663 2587 715 2618 vel
729 2587 923 2624 calceatum;
942 2598 956 2615 >³

220 2649 227 2666 ¹
242 2649 305 2674 Dist.
322 2655 339 2678 1,
354 2652 402 2674 art.
416 2652 439 2679 1.
452 2657 477 2681 q.
495 2656 512 2674 1.
528 2663 554 2667 -
570 2651 581 2666 ¹
596 2649 660 2674 Dist.
674 2655 709 2680 vl,
727 2651 774 2673 art.
793 2652 815 2679 1,
827 2656 853 2680 q.
866 2656 882 2674 1,

1726 167 1783 196 135

1008 239 1064 269 per
1086 230 1171 260 hunc
1186 230 1319 261 modum
1337 239 1395 260 nec
1417 230 1476 260 ista
1490 230 1616 261 videtur
1639 240 1706 262 esse
1727 232 1783 262 ad-

1007 283 1161 314 mittenda
1187 295 1192 314 :
1224 296 1239 313 «
1261 282 1360 314 Filius
1390 283 1444 313 Dei
1474 283 1645 323 assumpsit
1677 284 1782 314 homi-

1008 345 1096 373 nem;
1112 348 1125 363 »
1145 337 1293 376 quamvis
1307 346 1346 367 ex
1368 337 1436 376 ipsa
1453 337 1670 376 assumptione
1685 337 1784 367 sactus

1007 390 1047 419 sit
1062 390 1168 420 homo.
1186 390 1224 421 Et
1238 392 1403 430 propterea
1421 392 1466 420 est
1484 390 1595 420 tertius
1612 390 1726 421 modus
1741 390 1784 421 di-

1007 443 1096 473 cendi
1116 445 1320 474 communior
1342 447 1372 474 et
1397 445 1511 482 verior,
1538 444 1622 483 quod
1646 444 1715 474 haec
1740 447 1786 474 est

1007 497 1183 536 impropria
1212 509 1217 528 :
1248 510 1261 526 t(
1283 498 1382 529 Filius
1411 498 1462 528 [lei
1489 497 1661 537 assumpsit
1686 497 1787 527 homi-

1008 558 1093 579 nem.
1109 561 1123 577 »
1144 550 1181 580 Et
1195 551 1275 581 ratio
1289 551 1387 590 hujus
1402 554 1459 589 est,
1476 551 1551 591 quia
1567 551 1664 581 homo
1679 551 1787 589 signat

1008 602 1184 633 humanam
1207 603 1355 641 formam,
1380 604 1446 634 sive
1469 606 1629 640 naturam,
1655 603 1687 633 in
1709 612 1785 633 con<

1008 657 1148 687 cretione
1161 657 1199 687 ad
1215 657 1415 697 suppositum
1425 682 1432 693 ,
1450 657 1488 687 de
1503 666 1565 697 quo
1582 666 1656 687 vere
1671 657 1787 696 111·εοόί-

1008 712 1098 740 catur
1122 711 1299 741 secundum
1324 710 1497 750 quamdam
1521 710 1729 740 identitatem.
1753 710 1788 740 Et

1007 763 1078 793 ideo
1101 763 1138 793 (le
1160 763 1218 793 isto
1240 763 1402 803 supposito
1425 772 1499 793 vere
1523 763 1729 802 praedicatur,
1752 766 1789 794 ut

1008 816 1152 847 dicatur:
1176 828 1189 845 ((
1205 816 1264 847 Iste
1288 819 1334 847 est
1356 817 1464 847 homo.
1483 828 1496 843 »
1518 816 1658 847 Verbum
1680 819 1787 847 autem

1008 870 1189 900 assumendi
1205 870 1243 900 (10
1258 879 1316 900 sua
1330 870 1452 900 ratione
1467 870 1538 910 plus
1556 871 1721 910 importat,
1738 871 1786 900 vi-

1008 924 1119 954 delicet
1133 923 1368 954 distinctionem
1386 924 1576 954 assumentis
1591 924 1629 954 ad
1646 933 1788 964 assump-

1007 979 1091 1013 tum,
1116 977 1149 1007 in
1172 977 1232 1007 hoc
1256 977 1340 1017 quod
1363 978 1514 1017 importat
1537 977 1733 1015 relationem,
1757 979 1788 1008 et

1009 1031 1153 1061 ordinem
1168 1031 1263 1061 etiam
1286 1031 1459 1070 quemdam
1474 1031 1625 1071 importat
1642 1034 1788 1071 respectu

1008 1085 1078 1123 ejus
1105 1084 1189 1123 quod
1214 1084 1399 1114 naturaliter
1427 1084 1582 1114 antecedit
1608 1084 1710 1124 ipsam
1735 1093 1788 1114 as-

1009 1138 1236 1177 sumptionem,
1262 1140 1294 1168 et
1315 1139 1461 1176 respectu
1482 1138 1551 1177 ejus
1573 1137 1657 1176 quod
1681 1138 1789 1176 sequi-

1009 1193 1071 1221 tur.
1097 1190 1177 1221 Nam
1206 1201 1256 1222 res
1281 1193 1445 1230 assumpta
1472 1190 1659 1221 naturaliter
1687 1190 1787 1230 ipsam

1009 1244 1260 1284 assumptionem
1297 1244 1471 1280 antecedit,
1511 1244 1659 1283 quamvis
1693 1244 1789 1283 possit

1009 1298 1070 1328 dici
1087 1300 1229 1338 tempore
1247 1297 1353 1328 simul.
1371 1297 1534 1328 Concretio
1556 1306 1633 1327 vero
1657 1299 1688 1327 et
1711 1297 1788 1327 unio

1009 1352 1199 1382 assumentis
1210 1352 1248 1382 ad
1257 1353 1458 1391 assumptum
1469 1351 1675 1390 consequitur
1686 1351 1788 1391 ipsam

1009 1406 1270 1445 assumptionem.
1298 1405 1334 1435 Et
1360 1405 1431 1435 ideo
1458 1404 1626 1444 dupliciter
1650 1404 1718 1436 haec
1741 1407 1787 1436 est

1008 1460 1085 1490 falsa
1102 1471 1108 1491 ς
1130 1472 1144 1488 «
1167 1459 1266 1490 Filius
1290 1459 1344 1489 Dei
1369 1459 1541 1498 assumpsit
1561 1459 1726 1489 hominem
1744 1468 1751 1490 :
1769 1470 1782 1487 u

1008 1516 1079 1544 tum
1108 1516 1236 1553 propter
1265 1514 1422 1543 defectum
1454 1513 1684 1550 distinctionis,
1712 1513 1787 1553 quia

1009 1567 1106 1598 homo
1121 1567 1311 1606 praedicatur
1330 1567 1367 1597 de
1382 1566 1462 1597 Filio
1478 1566 1529 1596 Dei
1545 1575 1552 1603 3
1570 1568 1640 1596 tum
1659 1567 1787 1605 propter

1009 1619 1166 1649 defectum
1181 1618 1315 1655 ordinis,
1335 1618 1411 1657 quia
1429 1617 1585 1647 concretio
1601 1617 1788 1648 humanita-

1008 1673 1048 1702 tis
1062 1673 1100 1703 ad
1117 1682 1296 1712 personam,
1316 1672 1366 1702 vel
1381 1671 1576 1711 hypostasim
1587 1695 1594 1709 ,
1617 1671 1787 1711 consequi-

1009 1728 1062 1757 tur
1076 1726 1178 1766 ipsam
1193 1726 1460 1765 assumptionem,
1478 1727 1508 1755 et
1525 1734 1588 1755 non
1603 1725 1760 1755 antecedit
1777 1734 1783 1755 :

1009 1789 1059 1810 res
1081 1782 1189 1810 autem
1206 1782 1370 1819 assumpta
1384 1778 1550 1810 antecedit.
1569 1778 1605 1808 Et
1619 1778 1688 1808 ideo
1704 1787 1787 1817 prae-

1011 1833 1113 1863 dictus
1129 1842 1234 1863 sermo
1249 1833 1347 1862 falsus
1362 1835 1408 1863 est
1428 1842 1466 1862 ex
1489 1831 1607 1871 duplici
1627 1840 1738 1869 causa,
1757 1833 1786 1861 ct

1009 1887 1146 1917 rationes
1161 1887 1369 1917 concedendae
1384 1889 1458 1917 sunt
1473 1895 1514 1916 ex
1532 1886 1590 1916 ista
1606 1888 1703 1926 parte.

1050 1944 1078 1976 1,
1096 1943 1114 1970 Ξ
1128 1942 1159 1971 et
1174 1942 1202 1971 3.
1221 1940 1268 1970 Ad
1280 1940 1350 1970 illas
1365 1949 1441 1970 vero
1451 1940 1652 1970 auctoritates
1665 1939 1698 1969 in
1714 1949 1785 1970 con-

1008 1994 1142 2024 trarium
1169 1993 1336 2030 adductas,
1363 1993 1533 2023 dicendum
1557 1992 1641 2032 quod
1666 1993 1785 2032 aliquid

1009 2047 1127 2078 habent
1142 2047 1402 2087 improprietatis,
1423 2049 1453 2076 et
1467 2048 1542 2076 sunt
1560 2047 1758 2086 exponendae
1775 2057 1782 2078 :

1010 2101 1117 2132 Sancti
1145 2101 1230 2130 enirn
1253 2101 1431 2140 loquuntur
1453 2100 1624 2140 aliquando
1647 2101 1785 2132 multum

1010 2164 1169 2195 expresse.
1190 2154 1279 2185 Unde
1294 2154 1354 2185 hoc
1369 2163 1505 2192 nomen,
1523 2154 1629 2192 horno,
1646 2154 1678 2184 in
1702 2164 1784 2195 prae-

1009 2209 1099 2240 dictis
1114 2208 1354 2239 auctoritatibus
1366 2208 1470 2247 magis
1485 2208 1638 2248 accipitur
1651 2208 1786 2238 abstrac-

1009 2263 1091 2300 tive,
1107 2271 1204 2301 quam
1227 2261 1419 2298 concretive,
1437 2261 1542 2300 magis
1562 2270 1620 2301 pro
1644 2261 1787 2291 humana

1010 2319 1142 2353 natura,
1160 2324 1257 2356 quam
1280 2324 1337 2355 pro
1359 2324 1393 2345 re
1412 2317 1538 2346 naturae
1556 2323 1563 2345 :
1585 2317 1615 2345 et
1630 2324 1686 2354 per
1702 2314 1788 2345 hunc

1013 2369 1143 2400 modum
1160 2369 1198 2399 ad
1214 2368 1392 2399 consimiles
1405 2368 1606 2398 auctoritates
1617 2369 1718 2407 potest
1727 2376 1790 2398 res-

1014 2423 1146 2463 ponderi
1171 2423 1267 2453 unica
1294 2422 1520 2462 responsione,
1547 2421 1622 2461 quia
1651 2421 1790 2451 hominis

1015 2477 1145 2508 nomine
1174 2477 1318 2508 humana
1344 2477 1459 2506 natura
1486 2475 1582 2506 habet
1611 2474 1748 2514 intelligi
1783 2486 1790 2506 ε

1016 2531 1179 2571 quamvis,
1206 2530 1382 2561 secundum
1404 2537 1609 2560 communem
1631 2537 1738 2565 usum,
1764 2530 1796 2559 et

1017 2585 1194 2616 secundum
1217 2584 1370 2615 virtutem
1394 2582 1557 2620 vocabuli,
1573 2581 1635 2613 hoc
1658 2591 1794 2620 nomen,

1019 2638 1121 2677 homo,
1137 2647 1203 2670 non
1217 2639 1259 2669 ita
1274 2639 1461 2668 consuetum
1478 2636 1517 2666 sit
1532 2636 1643 2676 accipi.

1801 400 1856 426 (11ιῖ11
1876 401 1896 419 3-
