2017 2960
256 179 310 207 126

254 243 387 282 lectum,
410 253 547 283 quornm
574 253 659 274 unus
679 246 725 274 est
746 252 842 274 verus
864 245 893 272 et
914 242 1022 272 catho-

253 297 350 334 licus,
365 298 433 328 licet
457 298 537 328 alins
557 298 594 327 sit
617 298 798 335 ambiguus.
826 296 931 334 Unus,
949 304 1022 325 cum

254 351 386 381 dicitur:
409 365 421 379 (ι
443 351 555 381 Divina
570 353 682 380 natura
697 353 741 380 est
763 350 942 385 incarnata,
959 360 972 375 υ
993 348 1023 378 id

254 408 309 440 cst,
328 405 413 435 carni
432 405 529 441 nnita,
549 407 576 434 et
591 404 648 434 hoc
665 404 782 442 alisque
798 402 893 432 dnbio
909 410 1024 432 verum

254 460 318 488 est:
337 467 408 487 cum
425 457 509 487 enim
523 457 599 486 unio
619 456 699 486 dicat
714 456 914 492 relationem,
929 454 1024 485 simul

255 520 328 541 cnm
343 510 402 540 hoc
418 513 502 539 notat
525 512 710 539 naturarum
728 509 958 539 distinctionem
971 531 978 544 ,
995 510 1024 537 et

255 563 392 593 excludit
414 562 629 592 contusionem
645 573 651 592 ι
672 564 702 592 et
721 562 790 592 ideo
805 562 926 592 ratione
942 561 1026 591 iltius

255 616 430 646 intellectus
451 618 549 654 potest
566 615 714 645 concedi:
743 626 756 642 (ι
779 614 887 644 Divina
911 617 1026 644 natura

255 672 298 699 cst
317 669 486 699 incarnata.
508 680 521 695 »ν
542 668 643 698 Potest
659 668 753 698 etiam
769 668 850 698 atius
869 678 934 697 esse
951 676 1026 697 sen-

256 731 326 752 sus:
346 734 359 749 α
374 721 486 751 Divina
503 723 615 751 natura
629 723 675 751 est
691 721 868 758 incarnata,
885 731 899 748 »
918 721 947 751 id
962 723 1024 758 θεῖ,

256 784 327 805 caro
347 776 445 811 taeta3
462 777 491 804 ct
513 775 632 804 ratione
654 774 748 804 istius
767 784 830 804 nou
850 774 1027 804 admittitur

255 828 468 857 communiter
492 837 510 857 a
532 828 722 857 doebJrihus.
750 827 823 857 lisec
847 827 931 856 enlm
962 835 1027 856 non

257 881 425 920 recipitur:
450 894 462 909 u
481 880 591 910 Divina
613 883 726 910 natura
740 883 783 910 est
807 889 879 910 caro
894 880 993 910 facta:
1009 890 1023 907 n

259 934 349 963 hahet
366 933 450 963 enim
467 933 624 972 dupiiccm
640 933 853 968 intellectum,
871 936 899 962 et
916 933 948 962 in
964 942 1028 962 uno

258 986 419 1016 intellectu
441 989 482 1015 cst
509 986 598 1023 falsa,
623 989 653 1016 ct
674 986 705 1015 in
726 986 786 1016 alio
810 986 969 1015 intellectu
983 988 1028 1016 est

257 1040 334 1069 adeo
358 1039 554 1079 expressiva,
580 1039 662 1078 qnod
690 1041 788 1078 potest
815 1039 968 1069 deducere
995 1039 1029 1069 in

259 1102 418 1122 errorem:
443 1095 471 1122 ct
488 1092 557 1122 ideo
573 1092 660 1122 nullo
677 1092 770 1122 modo
784 1092 945 1131 recipitur.
963 1092 1029 1122 Du-

260 1147 372 1186 pliecm
401 1149 507 1177 autem
534 1147 627 1177 habet
656 1146 851 1177 intellectum
881 1146 1030 1185 praedicta

260 1200 392 1238 locutio,
418 1210 456 1230 ex
478 1210 515 1230 eo
539 1200 621 1239 quod
648 1199 725 1236 hoc‚
749 1199 832 1238 quod
854 1203 899 1230 est
924 1200 1027 1237 facta,

260 1256 361 1293 potest
384 1253 494 1283 cadere
516 1253 596 1282 inter
620 1252 799 1291 subjectum
822 1254 853 1282 et
878 1252 1028 1291 praedica-

260 1310 348 1344 tum,
374 1309 402 1336 et
426 1308 526 1346 potest
544 1306 639 1336 etiam
661 1305 769 1335 referri
793 1305 830 1335 ad
856 1307 970 1336 totum.
996 1306 1029 1336 Si

260 1361 347 1390 eadat
363 1360 444 1390 inter
463 1360 640 1398 subjectum
660 1361 690 1388 et
710 1359 930 1398 przedicatum,
956 1361 1030 1389 tunc

261 1417 347 1444 notat
363 1414 527 1443 factionem
552 1413 633 1442 circa
655 1412 795 1442 divinam
817 1414 964 1442 naturam
981 1422 1031 1442 re-

260 1471 367 1508 spectu
392 1468 503 1498 formae
527 1467 640 1496 carnis.
671 1466 708 1496 Et
729 1466 799 1495 idco
825 1474 934 1495 sensus
961 1469 1028 1496 est:

265 1535 278 1550 «
293 1522 404 1552 Divina
419 1524 533 1551 natura
546 1523 592 1550 est
607 1529 680 1550 caro
692 1520 787 1557 sacta,
801 1530 815 1547 n
833 1519 862 1549 id
877 1522 938 1555 est,
955 1529 1029 1550 con-

262 1584 353 1606 versa
366 1574 397 1604 in
409 1582 534 1604 carnem
550 1582 557 1602 :
570 1575 599 1603 et
610 1573 677 1603 lifec
688 1573 871 1612 simpliciter
882 1574 929 1602 est
943 1572 1029 1603 falsa.

262 1629 295 1659 si
320 1630 427 1658 autem
452 1626 598 1666 respiciat
622 1628 740 1663 totum,
764 1625 807 1655 sic
830 1634 941 1655 sensus
964 1627 1028 1656 est:

267 1693 280 1709 a
298 1681 410 1711 Divina
425 1682 540 1710 natura
556 1681 601 1709 est
616 1688 688 1709 caro
702 1679 797 1714 facta,
813 1689 827 1706 n
849 1678 880 1708 id
895 1680 951 1714 est,
968 1678 1032 1708 sac-

263 1738 331 1765 tum
348 1737 393 1765 est
407 1736 442 1764 ut
456 1732 564 1763 divina
578 1734 691 1762 natura
706 1731 750 1761 sic
767 1740 838 1761 caro
852 1741 858 1761 :
878 1731 946 1761 haec
961 1731 1031 1770 qui-

263 1789 335 1819 dem
359 1786 485 1827 proffrie
507 1784 665 1824 loquendo
687 1786 732 1814 est
753 1784 845 1820 salsa,
867 1784 943 1823 quia
961 1792 1033 1814 caro

264 1851 328 1872 non
348 1840 537 1880 praedicatur
553 1838 591 1868 de
608 1837 715 1867 divina
729 1839 854 1867 natura.
878 1836 911 1867 Si
926 1838 1033 1867 autem

266 1893 462 1932 intelligatur
490 1890 733 1931 synecdochice,
762 1892 797 1919 ut
829 1889 867 1919 sit
895 1898 1030 1920 sensus:

269 1959 283 1976 u
297 1946 410 1977 Divina
424 1948 539 1975 natura
554 1946 600 1974 est
614 1952 697 1981 caro,
709 1954 723 1971 n
743 1943 841 1979 idest,
853 1943 961 1980 homo,
977 1943 1033 1974 etsi

264 1999 341 2029 illud
369 1998 476 2038 aliquo
500 1997 594 2027 modo
622 1998 725 2036 posset
751 1996 877 2026 concedi
908 1999 1035 2036 propter

264 2051 518 2083 convenientiam
534 2050 566 2080 in
581 2049 754 2089 hypostasi,
771 2059 844 2089 quae
864 2050 936 2080 facit
956 2050 1035 2080 idio-

264 2107 386 2136 matum
397 2102 731 2140 communicationem,
744 2105 872 2142 propter
882 2103 941 2133 hoc
950 2103 1034 2142 quod

264 2159 333 2189 haec
348 2160 394 2188 est
410 2164 505 2188 vera:
527 2168 540 2184 «
565 2155 666 2186 Homo
682 2158 728 2186 est
742 2156 849 2187 divina
865 2159 997 2194 natura,
1016 2168 1030 2184 »

265 2211 295 2242 id
318 2214 379 2249 est,
402 2210 452 2240 ille
477 2210 531 2249 qui
550 2211 594 2239 est
614 2209 728 2239 homo:
754 2211 881 2249 propter
903 2209 1035 2239 nimiam

265 2268 371 2295 tamen
386 2262 619 2303 expressionem
640 2260 769 2291 tacenda
784 2263 844 2299 est,
864 2271 903 2292 ne
924 2262 1036 2293 videa-

266 2320 318 2349 tur
338 2319 451 2347 natura
475 2314 638 2355 praedicari
657 2314 695 2344 de
717 2317 849 2353 natura,
872 2315 922 2345 vel
943 2317 1038 2346 natu-

266 2381 375 2403 rarum
400 2371 467 2401 fieri
496 2369 691 2400 identitatem
716 2371 770 2399 aut
799 2370 1036 2408 confusionem,

267 2434 339 2465 quae
353 2424 460 2455 omnia
478 2421 650 2461 releganda
671 2424 745 2451 sunt
759 2422 798 2452 ab
812 2422 865 2453 illa
878 2423 1038 2454 excellen-

268 2478 389 2508 tissima
403 2477 521 2507 unione
534 2477 564 2505 et
579 2474 804 2513 assumptione.
823 2476 1035 2507 Concedendae

267 2533 341 2561 sunt
364 2539 441 2569 ergo
468 2528 602 2559 rationes
625 2528 823 2559 ostendentes
846 2529 1038 2561 locutionem

269 2584 450 2624 praedictam
466 2591 531 2613 non
545 2590 611 2612 esse
627 2580 853 2613 admittendam
863 2607 871 2621 ‚
888 2583 959 2614 licet
973 2593 1038 2614 non

269 2637 408 2668 multum
421 2638 549 2676 cogant.

815 173 1127 208 SENTENTIARUM
1148 176 1221 208 LtB.
1246 177 1298 208 ΙΙΙ.

1118 246 1146 273 1.
1170 243 1218 273 Ad
1241 243 1317 274 illud
1335 245 1419 283 quod
1444 246 1607 286 objicitur,
1633 249 1717 287 qnod
1741 250 1849 282 divina

1078 298 1190 326 natura
1211 298 1257 326 est
1281 296 1459 336 incarnata,
1481 301 1557 337 etc„
1580 300 1749 332 dicendum
1765 303 1849 343 quod

1078 358 1141 378 non
1156 352 1201 378 est
1216 349 1335 387 simile,
1350 350 1430 380 sicut
1441 352 1510 390 jam
1526 353 1630 384 visum
1646 356 1702 385 est.

1118 404 1148 431 2.
1172 401 1216 431 Ad
1234 402 1309 433 illud
1331 403 1414 442 qnod
1437 404 1604 444 objicitur,
1622 407 1706 446 qnod
1723 410 1851 448 propter

1079 454 1230 484 humana}
1249 457 1372 486 naturae
1389 458 1637 497 assumptionem
1658 459 1717 490 ista
1738 469 1852 492 conce-

1078 508 1164 537 ditur
1181 519 1188 538 :
1214 509 1347 540 Verbum
1370 512 1416 541 esc
1434 510 1554 548 factum
1574 519 1658 550 caro,
1682 513 1851 544 dicendum

1080 561 1162 600 qnod
1182 570 1246 591 non
1262 564 1307 592 est
1322 563 1441 601 simile,
1465 564 1540 602 quia
1555 563 1694 595 Verbum
1710 566 1785 596 dicit
1803 567 1852 606 ip-

1079 623 1144 643 sam
1163 614 1356 654 hypostasim
1368 639 1375 653 ,
1399 616 1451 646 eui
1468 616 1614 647 innititur
1628 617 1695 657 ipsa
1709 618 1853 649 humana

1081 669 1206 704 natura,
1227 670 1256 697 et
1272 677 1368 707 quam
1382 668 1476 699 hahet
1496 669 1711 701 denominare.
1732 670 1770 701 Et
1784 671 1853 702 ideo

1080 729 1144 750 non
1160 720 1307 759 signatur
1321 730 1360 752 ex
1377 721 1435 752 hoc
1451 722 1559 762 aliqua
1575 725 1763 754 naturarum
1779 733 1851 755 mu-

1081 774 1167 808 tatio,
1181 774 1229 803 vel
1241 774 1392 812 confusio,
1405 775 1457 805 sed
1469 775 1572 806 solum
1581 775 1674 807 Verbi
1686 777 1724 807 ad
1738 777 1854 808 huma-

1081 835 1155 856 nam
1171 829 1319 857 naturam
1335 827 1564 865 denominatim
1580 831 1616 860 ut
1637 829 1760 861 dicatur
1774 830 1852 861 Ver-

1082 880 1158 909 bum
1181 890 1248 911 esse
1271 881 1377 911 homo.
1407 880 1477 912 Non
1502 882 1544 912 sic
1571 885 1680 913 autem
1705 885 1752 914 est
1778 893 1851 914 cum

1082 933 1217 963 dicitur:
1248 945 1262 962 α
1288 933 1398 964 Divina
1419 937 1533 964 natura
1555 938 1601 965 est
1623 936 1703 967 facta
1724 945 1813 973 caro,
1835 947 1850 965 »

1083 987 1157 1025 qnia
1178 995 1253 1016 cnm
1276 987 1343 1017 istae
1367 990 1490 1018 naturae
1515 988 1577 1018 sint
1600 989 1773 1027 distinctae,
1797 998 1855 1020 nec

1084 1048 1149 1069 una
1170 1039 1265 1069 habet
1283 1040 1321 1069 ah
1343 1039 1440 1070 altera
1461 1040 1679 1080 denominari,
1709 1042 1855 1082 quamvis

1083 1091 1198 1122 habeat
1217 1092 1305 1123 alteri
1332 1093 1432 1131 uniri,
1454 1094 1558 1133 magis
1577 1103 1595 1124 a
1615 1094 1804 1134 proprietate
1826 1097 1857 1125 et

1084 1146 1216 1176 veritate
1232 1146 1381 1185 praedicta
1396 1146 1512 1177 locutio
1528 1147 1655 1178 recedit.

1124 1201 1153 1228 3.
1172 1198 1217 1228 Ad
1235 1199 1310 1229 iltnd
1330 1199 1415 1238 quod
1432 1200 1597 1239 objicitur,
1615 1201 1699 1240 quod
1716 1200 1856 1232 Verbum
1874 1227 1878 1230 .

1085 1251 1151 1280 ficri
1171 1260 1299 1281 carnem
1319 1261 1385 1282 non
1408 1254 1454 1282 est
1474 1253 1577 1291 atiud,
1598 1262 1695 1292 quam
1715 1253 1855 1284 Verbum

1084 1304 1152 1334 fieri
1170 1305 1348 1342 hominem,
1369 1305 1537 1335 dicendum
1557 1306 1641 1346 quod
1663 1315 1778 1337 verum
1797 1309 1852 1338 est.

1084 1357 1122 1388 Et
1136 1358 1288 1397 quoniam
1306 1358 1364 1388 ista
1378 1360 1425 1388 est
1438 1367 1514 1389 vera
1530 1360 1561 1389 et
1577 1359 1720 1398 propria:
1745 1370 1759 1388 a
1774 1359 1854 1390 Ver-

1083 1411 1161 1441 bum
1175 1414 1221 1441 est
1234 1412 1352 1442 factum
1373 1412 1485 1449 homo;
1510 1422 1524 1440 »
1540 1412 1712 1450 figurativa
1726 1411 1854 1450 locutio,

1085 1473 1157 1503 quae
1178 1466 1211 1494 in
1229 1474 1297 1495 eam
1318 1465 1500 1495 immediate
1521 1464 1707 1503 resolvitur,
1724 1473 1790 1495 non
1811 1467 1857 1495 est

1086 1517 1137 1547 via
1152 1517 1283 1547 ducendi
1301 1517 1334 1547 in
1357 1527 1513 1555 errorem,
1533 1518 1598 1548 imo
1614 1517 1740 1548 concedi
1756 1519 1857 1557 potest

1085 1570 1159 1599 satis
1174 1570 1345 1601 catholice:
1365 1570 1434 1601 haec
1449 1573 1555 1601 autem
1568 1581 1575 1601 ε
1596 1582 1610 1599 α
1626 1569 1737 1601 Divina
1751 1579 1858 1601 essen<-

1086 1625 1129 1655 tia
1151 1625 1230 1654 facta
1247 1626 1293 1655 est
1311 1624 1426 1662 homo,
1449 1635 1462 1652 n
1482 1623 1629 1663 quamvis
1649 1633 1715 1655 non
1732 1624 1772 1654 sit
1789 1632 1859 1655 om-

1086 1677 1161 1708 nino
1186 1677 1278 1714 salsa,
1303 1677 1377 1716 quia
1402 1677 1579 1716 hypostasis
1604 1677 1796 1716 praedieatur
1819 1677 1858 1708 de

1086 1730 1195 1761 divma
1218 1732 1332 1760 natura
1353 1738 1409 1769 per
1429 1730 1624 1760 identitatem
1632 1741 1639 1767 ;
1665 1739 1730 1760 non
1751 1732 1858 1761 tamen

1087 1787 1132 1815 est
1147 1785 1223 1815 adeo
1237 1785 1373 1824 propria,
1389 1785 1471 1815 sicut
1488 1785 1564 1816 ista:
1585 1797 1598 1813 «
1613 1785 1710 1816 Filius
1726 1785 1780 1815 Dei
1794 1785 1858 1815 fac-

1087 1840 1138 1867 tus
1150 1841 1193 1868 est
1210 1838 1305 1868 homo
1319 1849 1324 1868 :
1342 1849 1355 1866 ›)
1371 1838 1435 1868 imo
1448 1838 1586 1868 nimium
1598 1840 1644 1868 est
1658 1837 1856 1878 expressiva:

1088 1893 1118 1921 et
1130 1893 1294 1931 propterea
1309 1891 1425 1921 locutio
1442 1891 1625 1930 figurativa,
1637 1891 1669 1921 in
1684 1900 1748 1930 qua
1762 1891 1859 1921 sumi-

1088 1948 1140 1975 tur
1161 1954 1216 1984 per
1230 1945 1447 1984 synecdochen
1463 1953 1536 1975 caro
1557 1953 1614 1984 pro
1635 1945 1700 1974 toto
1716 1943 1856 1983 homine,

1088 1998 1271 2037 simpliciter
1292 1998 1473 2038 respuitur,
1505 2007 1560 2037 pro
1583 2006 1620 2028 eo
1645 1997 1729 2037 quod
1754 1997 1860 2037 magis

1088 2051 1205 2081 recedit
1220 2060 1238 2081 a
1253 2051 1407 2082 sermonis
1420 2051 1621 2090 proprietate,
1634 2052 1664 2081 et
1679 2050 1717 2081 ah
1733 2059 1860 2090 expres-

1089 2105 1176 2135 sione
1209 2104 1369 2142 veritatis,
1398 2106 1429 2135 et
1461 2103 1662 2144 approximat
1687 2103 1859 2135 intellectui

1089 2157 1204 2188 erroris
1218 2168 1224 2187 ε
1238 2166 1302 2197 qua
1316 2157 1353 2187 de
1369 2166 1462 2187 causa
1476 2156 1586 2187 multae
1600 2158 1759 2196 negantur
1774 2156 1860 2188 locu-

1089 2212 1190 2242 tiones
1206 2220 1224 2241 a
1238 2210 1417 2241 doctoribus
1437 2209 1606 2249 theologiae
1617 2233 1625 2248 ,
1642 2218 1682 2240 ne
1701 2209 1860 2249 paralogi-

1090 2267 1200 2296 zentur
1212 2266 1243 2295 et
1257 2263 1454 2303 decipiantur
1465 2262 1634 2302 simplices,
1646 2262 1702 2302 qui
1716 2262 1860 2293 nesciunt

1092 2317 1321 2351 vocabulorum
1336 2317 1481 2348 virtutes.

1322 2435 1563 2471 ARTICULUS
1587 2435 1628 2468 H.

1134 2528 1367 2566 Consequenter
1381 2525 1537 2566 quaeritur
1553 2523 1592 2554 de
1613 2523 1752 2554 secundo
1770 2522 1863 2563 prin-

1094 2581 1204 2622 cipali,
1230 2580 1374 2612 videlicet
1399 2579 1437 2610 de
1464 2577 1679 2618 assumptione
1705 2585 1747 2608 ex
1773 2577 1862 2616 parte

1096 2633 1264 2674 assumpti;
1280 2636 1311 2664 et
1324 2633 1406 2664 circa
1418 2632 1479 2663 hoc
1492 2631 1683 2671 quaeruntur
1696 2628 1861 2670 quinque:
