2017 2960
257 157 315 186 650

299 222 373 252 ltem
400 223 458 253 hoc.
482 224 608 255 videtur
629 225 748 256 ratione
766 232 772 253 :
791 222 957 252 Cliaritatis
980 223 1026 251 est

257 275 428 306 rectificare
453 278 600 308 affectum
628 288 634 308 :
658 277 710 306 scil
736 276 866 305 affectus
890 283 955 304 non
981 275 1026 304 est

257 332 370 368 rectus,
389 332 450 361 nisi
471 334 631 372 prwpouat
656 332 759 370 maJ'us
774 331 893 359 honum
911 328 1025 358 minori

258 382 353 413 bono:
371 387 399 414 et
419 386 477 415 hoc
494 386 565 415 «licit
589 385 732 415 ordinem
750 395 756 413 :
775 392 853 421 ergo
871 382 904 412 in
920 381 1026 412 chari-

257 438 317 466 tate
334 438 496 475 ponendus
512 440 554 467 cst
571 438 658 468 ordo,

299 489 372 519 ltcm
388 491 522 520 charitas
540 491 643 529 diligit
658 490 748 529 plura
764 488 931 528 diligibilia
948 499 954 518 ς
972 492 1027 519 aut

256 551 334 579 ergo
359 552 449 582 mque
475 544 596 583 primo,
630 546 685 573 aut
718 552 783 572 non
809 554 816 573 ε
844 551 907 573 non
935 551 1026 581 :eque

255 594 374 633 primo,
401 599 538 632 constat,
567 606 639 626 cum
669 596 805 626 charitas
833 595 960 625 habitus
987 595 1026 624 sit

256 655 349 678 unns
373 650 401 677 et
416 658 500 678 unus
515 649 641 680 habitus
662 658 763 679 unum
779 648 950 689 principale
966 648 1025 678 ha-

256 699 307 729 het,
334 700 515 739 objectum;
546 703 570 732 si
597 712 661 732 non
688 711 780 742 reque
804 703 922 741 primo,
948 711 1025 740 ergo

256 762 357 783 unum
381 764 436 793 per
457 756 554 794 prius,
581 756 738 795 reliquum
765 765 819 795 per
845 756 1023 795 posterius:

254 815 331 845 ergo
348 807 388 837 ibi
404 810 449 838 est
463 809 656 839 necessarius
671 809 759 839 ordo.

295 858 371 888 ltem
396 860 500 898 magis
522 861 671 900 competit
692 860 768 890 ordo
791 860 891 890 amori
908 860 1025 890 delibe-

253 912 369 949 ratix'o,
396 922 491 951 quam
517 914 653 943 naturali
672 914 748 944 :sed
772 913 917 944 videmus
939 924 1025 945 amo-

253 975 320 995 rem
341 967 518 997 naturalem
534 968 716 998 ordinatum
732 977 798 998 csse
813 970 958 1007 respectu
982 968 1026 998 di-

253 1019 421 1057 ligibilium
440 1030 446 1050 :
470 1030 549 1059 crgo
573 1021 673 1051 multo
690 1022 801 1052 fortius
817 1021 1025 1051 videturesse

253 1072 334 1102 circa
355 1082 497 1104 amorem
520 1074 761 1105 deliberativum
784 1087 789 1105 ;
812 1074 864 1105 sed
891 1074 961 1105 talis
981 1076 1026 1105 est

254 1135 343 1156 amor
358 1127 517 1158 charitatis
536 1137 542 1158 :
560 1137 648 1167 ergo,
665 1131 723 1158 etc.
919 1123 925 1127 *

294 1180 406 1210 Contra
425 1191 430 1210 :
452 1183 477 1211 l.
504 1181 585 1211 Ordo
608 1181 825 1221 praesupponit
852 1181 1026 1212 distinctio-

255 1242 350 1263 nem:
371 1243 448 1272 ergo
472 1235 527 1264 ubi
550 1244 614 1265 non
636 1237 681 1265 est¹
704 1235 871 1271 distinctio,
894 1235 936 1265 ibi
961 1243 1025 1265 non

253 1289 298 1315 cst
314 1287 390 1317 ordo
407 1297 414 1317 ι
431 1287 483 1317 scd
503 1288 638 1317 charitas
659 1290 803 1327 respectu
826 1287 1025 1317 diversorum

254 1339 458 1378 diligibilium
478 1350 541 1370 uon
558 1343 601 1371 est
618 1341 776 1378 distincta,
798 1350 855 1371 nec
872 1341 1026 1380 multipli-

253 1395 319 1422 cata
356 1404 362 1422 2
392 1402 468 1432 crgo
495 1403 551 1423 nec
580 1395 725 1433 respectu
751 1394 937 1424 eorumdem
968 1394 1027 1424 erit

253 1445 406 1475 ordinata.

292 1499 320 1527 9..
339 1498 415 1529 Item
432 1499 624 1539 ubicumque
644 1502 689 1529 est
712 1500 804 1536 ordo,
823 1500 866 1530 ibi
890 1503 936 1530 est
952 1509 1027 1540 pro-

253 1553 377 1592 portio:
398 1553 450 1583 sed
473 1553 676 1592 [liligihilium
700 1564 739 1584 ex
763 1554 915 1584 charitate
939 1555 1026 1584 nulla

253 1608 298 1636 est
311 1607 489 1646 proporti03
510 1608 604 1637 creati
617 1607 703 1638 euim
719 1608 755 1638 ad
773 1608 947 1638 increatum
964 1617 1029 1639 mo-

252 1660 334 1697 dica,
358 1661 409 1690 vel
432 1661 521 1691 nulla
542 1663 587 1691 est
611 1661 788 1700 proportio,
806 1671 863 1691 nec
886 1661 1027 1701 corporis

252 1714 289 1743 ad
306 1715 452 1753 spiritum
473 1726 478 1745 :
496 1723 573 1753 ergo
589 1715 614 1744 si
630 1724 693 1745 non
710 1717 756 1745 est
771 1715 858 1752 ordo,
883 1715 933 1745 vel
950 1723 1025 1754 pro-

252 1769 364 1807 portio,
382 1768 464 1798 inter
479 1768 644 1807 diligibilia
656 1792 663 1806 ,
681 1768 807 1798 videtur
821 1768 906 1807 quod
922 1768 1025 1799 chari-

252 1825 299 1851 tas
311 1824 455 1862 respectu
469 1831 581 1852 eorum
600 1830 664 1852 non
680 1822 719 1851 sit
735 1822 889 1853 ordInata.

293 1878 321 1906 3.
340 1875 417 1906 Item
433 1876 510 1906 ordo
530 1875 670 1906 maxime
685 1877 803 1914 spectat
817 1876 854 1905 ad
870 1875 1027 1914 cognitio-

253 1938 344 1966 nem,
369 1929 445 1968 quia
469 1929 619 1968 sapientis
642 1931 687 1958 est
710 1929 878 1959 ordinare:
897 1937 974 1967 ergo
999 1928 1025 1958 si

253 1991 316 2012 non
351 1983 481 2022 ponitur
507 1983 584 2013 ordo
609 1982 642 2012 in
668 1982 850 2021 cognitione
881 1984 1025 2022 respectu

252 2037 555 2075 cognoscendorum,
584 2036 684 2066 multo
713 2036 820 2066 minus
848 2045 912 2066 non
935 2036 1026 2067 debet

252 2090 328 2121 ordo
352 2091 426 2130 poni
449 2089 480 2120 in
506 2090 657 2120 charitate
683 2092 828 2129 respectu
851 2089 1026 2128 diligendo-

252 2153 336 2174 rum.
355 2142 386 2173 Si
411 2145 446 2174 tu
462 2143 546 2173 dicas
560 2143 643 2182 quod
660 2143 736 2173 ordo
751 2145 797 2173 est
813 2143 844 2173 in
867 2143 1024 2180 scientiis,

252 2197 399 2237 objicitur
421 2197 458 2227 de
482 2197 554 2233 fide,
572 2205 644 2236 quae
669 2199 715 2227 cst
737 2197 865 2227 habitus
891 2197 1025 2235 cogniti-

252 2261 323 2289 vuS,
340 2260 403 2291 qua
420 2251 516 2281 etiam
531 2251 703 2280 creduntur
718 2251 843 2281 articuli
861 2250 978 2281 diversi
995 2258 1027 2280 se

252 2305 390 2336 invicem
417 2304 602 2334 excedentes
634 2304 810 2334 secundum
835 2304 971 2343 gradum
998 2305 1028 2334 et

251 2359 455 2398 dignitatem,
472 2357 552 2388 sicut
568 2357 611 2387 illi
631 2358 685 2396 qui
701 2360 776 2388 sunt
796 2358 833 2387 de
848 2357 1026 2394 divinitate,

251 2411 488 2442 excellentiores
516 2413 592 2441 sunt
615 2420 712 2450 quani
736 2411 781 2440 illi
809 2411 863 2450 qui
890 2413 964 2441 sunt
991 2411 1029 2442 de

252 2465 451 2496 humanitate
476 2473 483 2493 :
507 2465 533 2494 si
555 2473 634 2502 ergo
657 2473 721 2494 non
745 2465 875 2504 ponitur
899 2465 976 2495 ordo
997 2465 1029 2496 in

252 2519 313 2549 fide
340 2520 483 2558 respectu
508 2517 719 2555 credibilium,
745 2526 809 2547 non
834 2519 925 2549 debet
954 2519 1031 2558 poni

253 2572 328 2602 ordo
344 2572 376 2602 in
393 2571 462 2602 chal
470 2571 544 2602 itate
557 2572 702 2610 respectu
718 2570 934 2610 diligibilium.

287 2634 407 2664 iselam„
419 2639 458 2663 111,
471 2633 558 2657 t4.—²
571 2634 645 2657 Dion.
655 2633 796 2664 Areop.,de
806 2634 952 2664 Dzv.Nor›1.,
966 2641 988 2658 c.
998 2641 1030 2659 iv,

812 154 1122 187 SENTENTIARUM
1144 155 1217 186 LIB.
1241 155 1295 186 ΙΙΙ.

1121 223 1151 251 4.
1175 221 1264 259 Item,
1286 222 1366 252 sicut
1390 222 1422 252 in
1447 222 1508 253 fide
1526 232 1589 253 una
1604 224 1649 252 est
1675 223 1755 253 ratio
1781 232 1851 254 cre-

1082 273 1186 312 dendi,
1202 275 1318 305 scilicet
1340 284 1467 305 summa
1482 276 1608 313 veritas,
1634 275 1678 305 sic
1694 275 1727 305 in
1752 275 1852 306 chari-

1082 329 1144 357 tate
1160 337 1224 357 una
1239 330 1285 358 est
1300 329 1378 358 rat10
1394 328 1558 368 diligendi,
1571 329 1717 360 videlicet
1727 339 1853 360 summa

1082 381 1205 411 bonitas
1223 392 1229 411 z
1246 382 1298 411 sed
1321 384 1448 421 propter
1470 383 1597 413 unicam
1616 383 1768 414 rationem
1785 392 1853 414 cre-

1082 433 1175 464 dendi
1198 434 1275 464 fides
1290 435 1438 465 omuibus
1454 435 1593 465 articulis
1607 436 1735 466 assentit
1750 445 1855 476 aequa-

1082 486 1152 517 liter
1169 497 1176 518 2
1191 496 1269 526 ergo
1284 487 1351 527 pari
1367 488 1488 519 ratione
1504 488 1628 519 videtur
1640 489 1677 519 de
1690 488 1852 526 charitate,

1082 540 1166 579 quod
1191 542 1222 570 et
1245 541 1312 580 ipsa
1338 541 1445 571 omnia
1466 541 1629 580 diligenda
1650 541 1764 571 habeat
1786 540 1855 572 dili-

1082 602 1158 632 gere
1174 594 1348 633 aequaliter.

1122 649 1151 676 5.
1170 646 1247 677 Item
1266 647 1402 678 charitas
1418 647 1555 687 quadam
1570 647 1707 677 naturali
1722 647 1856 677 inclina-

1081 700 1166 730 tione
1192 700 1322 730 inclinat
1354 701 1393 730 ad
1424 700 1624 739 diligendum
1652 700 1772 730 bonum
1799 710 1806 730 ε
1829 699 1856 729 si

1081 761 1160 792 ergo
1177 753 1243 792 ipsa
1259 755 1305 783 est
1320 753 1447 784 habitus
1461 762 1545 784 unus
1567 755 1598 783 et
1612 753 1695 784 idem
1710 761 1853 789 manens,

1081 805 1164 836 idem
1186 815 1310 846 semper
1334 808 1380 837 est
1399 809 1511 837 natum
1531 807 1632 837 facere
1648 807 1731 837 idem
1749 807 1782 836 in
1805 806 1856 836 his

1081 868 1154 898 quae
1169 860 1355 890 naturaliter
1378 860 1532 890 inclinant
1551 860 1589 890 ad
1609 860 1728 900 aliquid
1746 870 1752 889 :
1770 859 1856 890 vide·

1081 913 1134 942 tur
1149 921 1228 951 ergo
1244 914 1328 952 quod
1345 913 1481 943 charitas
1504 913 1635 943 omniuo
1657 912 1857 942 uniformiter

1082 967 1111 995 et
1127 966 1291 1005 aequaliter
1309 968 1435 997 moveat
1452 966 1491 997 ad
1510 965 1683 996 amandum
1698 973 1793 995 omne
1807 964 1857 995 di-

1081 1019 1214 1058 ligibile.

1121 1075 1151 1103 6.
1177 1073 1255 1103 Item
1278 1073 1303 1103 si
1329 1073 1406 1104 ordo
1433 1072 1605 1103 attenditur
1629 1071 1663 1101 in
1683 1070 1855 1108 charitate,

1081 1128 1136 1156 aut
1160 1126 1332 1157 attenditur
1359 1128 1517 1166 quantum
1544 1125 1582 1156 ad
1610 1125 1776 1162 habitum,
1801 1125 1858 1154 aut

1081 1181 1239 1218 quantum
1258 1180 1297 1210 acl
1317 1182 1424 1210 actum
1446 1190 1452 1210 :
1469 1180 1627 1219 quantum
1650 1178 1688 1208 ad
1712 1177 1858 1207 habitum

1081 1244 1163 1272 non,
1180 1237 1317 1272 constat,
1335 1244 1408 1265 cum
1428 1235 1480 1265 ille
1504 1235 1544 1264 sit
1560 1242 1646 1264 unus
1667 1234 1697 1263 et
1711 1232 1815 1270 idem;
1832 1233 1859 1262 si

1082 1289 1238 1327 quantum
1263 1288 1299 1317 ad
1325 1290 1448 1325 actum,
1467 1296 1546 1327 ergo
1568 1287 1693 1318 videtur
1716 1286 1802 1325 quod
1825 1285 1858 1316 in

1081 1341 1258 1371 dormiente
1274 1350 1338 1370 non
1354 1341 1392 1370 sit
1409 1341 1548 1370 charitas
1562 1340 1717 1377 ordinata,
1736 1348 1810 1370 cum
1826 1339 1858 1370 in

1081 1402 1118 1423 eo
1147 1402 1211 1422 nou
1249 1395 1394 1423 exerceat
1417 1395 1522 1423 actum
1545 1401 1652 1422 suum.
1682 1391 1735 1422 Est
1759 1391 1859 1430 igitur

1082 1446 1216 1486 quaestio
1231 1455 1327 1485 penes
1347 1446 1423 1486 quid
1442 1445 1622 1476 attendatur
1637 1444 1714 1475 ordo
1734 1445 1768 1475 in
1783 1444 1860 1475 cha-

1082 1502 1191 1538 ritate,
1217 1504 1247 1532 et
1272 1511 1371 1541 quare
1395 1502 1498 1541 magis
1520 1501 1699 1531 attendatur
1719 1500 1796 1531 ordo
1818 1500 1853 1531 in

1082 1556 1166 1595 ipsa,
1184 1565 1281 1595 quam
1297 1556 1330 1585 in
1346 1555 1407 1586 alia
1424 1556 1560 1591 virtute,
1577 1564 1651 1585 cum
1666 1555 1770 1586 omnis
1784 1555 1855 1586 vir-

1082 1611 1151 1647 tus,
1167 1609 1248 1639 sicut
1265 1610 1339 1640 dicit
1353 1609 1557 1649 Augustinus
1576 1609 1610 1639 in
1625 1609 1705 1639 libro
1724 1609 1770 1640 De
1788 1608 1858 1640 Mo-

1082 1664 1172 1695 ribus
1187 1664 1353 1702 Ecclesia’,
1370 1663 1409 1694 sit
1429 1672 1519 1693 amor
1533 1662 1698 1694 ordinatus
1712 1673 1719 1700 ;
1736 1663 1768 1693 et
1781 1670 1859 1692 rur-

1082 1727 1154 1755 sus,
1183 1726 1258 1747 cum
1285 1717 1366 1747 circa
1388 1725 1482 1748 omne
1508 1716 1632 1747 bonum
1656 1716 1697 1747 sit
1721 1715 1857 1753 modus,

1081 1771 1199 1811 species
1214 1772 1245 1801 et
1266 1770 1343 1800 ordo
1356 1793 1363 1806 ,
1385 1779 1442 1800 cur
1459 1769 1562 1809 potius
1583 1769 1719 1800 charitas
1734 1769 1858 1800 dicatur

1081 1824 1236 1861 ordinata,
1254 1832 1351 1863 quam
1365 1823 1555 1854 modificata.

1354 1940 1578 1972 CONCLUSIO.

1099 2022 1224 2050 Charitas
1249 2021 1379 2048 ordinata
1398 2022 1435 2047 est
1455 2021 1574 2054 respectu
1599 2026 1686 2046 eorum
1701 2038 1708 2051 ,
1728 2026 1786 2053 quoe
1809 2026 1842 2046 em

1281 2065 1415 2092 charitate
1429 2066 1491 2090 sunt
1506 2063 1656 2097 diligenda.

1122 2146 1214 2185 Resp.
1232 2145 1269 2175 ad
1285 2153 1355 2183 arg.
1373 2144 1420 2174 Ad
1436 2143 1660 2183 praedictorum
1678 2142 1859 2182 intelligen-

1081 2199 1159 2230 tiam
1183 2200 1229 2229 est
1253 2197 1441 2235 notandum,
1458 2197 1542 2236 quod
1563 2196 1699 2227 charitas
1721 2198 1768 2226 est
1786 2196 1858 2227 vin·

1082 2253 1192 2283 culum
1207 2251 1322 2289 ligans,
1336 2251 1432 2290 juxta
1446 2250 1522 2280 illud
1539 2249 1624 2289 quod
1640 2249 1715 2280 dicit
1728 2249 1859 2288 Aposto-

1083 2307 1133 2337 lus
1154 2305 1198 2337 αα
1222 2305 1426 2342 colossenses,
1444 2304 1500 2335 ubi
1520 2305 1611 2335 vocat
1636 2306 1728 2333 eam¹
1750 2303 1860 2334 vincu-

1084 2360 1149 2391 tum
1164 2359 1380 2399 perfectionis.
1398 2357 1434 2388 Et
1448 2357 1617 2397 Dionysius
1629 2380 1637 2393 ,
1661 2357 1707 2387 De
1725 2356 1859 2387 Divinis

1085 2412 1295 2449 Nominibus,
1322 2411 1398 2442 dicit
1418 2434 1426 2448 ,
1452 2410 1546 2450 quod
1568 2418 1658 2440 amor
1683 2411 1729 2439 est
1756 2409 1861 2439 virtus

1085 2467 1219 2499 unitiva.
1237 2465 1325 2497 Unde
1342 2473 1415 2495 cum
1430 2473 1520 2495 amor
1534 2462 1694 2493 charitatis
1709 2461 1748 2492 sit
1771 2470 1861 2492 amor

1087 2517 1227 2549 maxime
1245 2516 1401 2553 liberalis,
1418 2514 1518 2546 multa
1537 2512 1756 2553 complectitur
1781 2513 1812 2542 et
1828 2512 1862 2542 in

1086 2581 1189 2603 unum
1214 2570 1346 2609 colligit.
1373 2568 1461 2601 Unde
1484 2567 1621 2598 charitas
1649 2575 1714 2597 non
1736 2567 1862 2596 tantum

1088 2626 1158 2657 unit
1171 2624 1228 2656 fini
1244 2633 1318 2656 eum
1332 2624 1366 2654 in
1382 2631 1447 2662 quo
1464 2622 1527 2660 est,
1543 2621 1596 2652 sed
1612 2621 1708 2652 etiam
1723 2619 1863 2660 quodam
