<?xml version="1.0" encoding="UTF-8"?>
<!DOCTYPE html PUBLIC "-//W3C//DTD XHTML 1.0 Transitional//EN"
    "http://www.w3.org/TR/xhtml1/DTD/xhtml1-transitional.dtd">
<html xmlns="http://www.w3.org/1999/xhtml" xml:lang="en" lang="en">
 <head>
  <title>
</title>
<meta http-equiv="Content-Type" content="text/html;charset=utf-8" />
  <meta name='ocr-system' content='tesseract 3.04.00' />
  <meta name='ocr-capabilities' content='ocr_page ocr_carea ocr_par ocr_line ocrx_word'/>
</head>
<body>
  <div class='ocr_page' id='page_1' title='image "./operaomniasixtiv04bonauoft/operaomniasixtiv04bonauoft_0139.png"; bbox 0 0 2017 2960; ppageno 0'>
   <div class='ocr_carea' id='block_1_1' title="bbox 846 152 1084 186">
    <p class='ocr_par' dir='ltr' id='par_1_1' title="bbox 846 152 1084 186">
     <span class='ocr_line' id='line_1_1' title="bbox 846 152 1084 186; baseline 0.004 -3"><span class='ocrx_word' id='word_1_1' title='bbox 846 152 1026 186; x_wconf 84' lang='lat' dir='ltr'>DlSTlNCT</span> <span class='ocrx_word' id='word_1_2' title='bbox 1048 153 1084 184; x_wconf 87' lang='lat' dir='ltr'>V.</span> 
     </span>
    </p>
   </div>
   <div class='ocr_carea' id='block_1_2' title="bbox 300 227 779 335">
    <p class='ocr_par' dir='ltr' id='par_1_2' title="bbox 300 227 779 335">
     <span class='ocr_line' id='line_1_2' title="bbox 483 227 596 250; baseline 0 -1"><span class='ocrx_word' id='word_1_3' title='bbox 483 227 550 250; x_wconf 74' lang='lat' dir='ltr'>DUB.</span> <span class='ocrx_word' id='word_1_4' title='bbox 575 227 596 249; x_wconf 87' lang='grc'>1.</span> 
     </span>
     <span class='ocr_line' id='line_1_3' title="bbox 300 302 779 335; baseline 0 -7"><span class='ocrx_word' id='word_1_5' title='bbox 300 303 352 328; x_wconf 82' lang='lat' dir='ltr'>Nec</span> <span class='ocrx_word' id='word_1_6' title='bbox 368 302 498 334; x_wconf 81' lang='lat' dir='ltr'>divinitas,</span> <span class='ocrx_word' id='word_1_7' title='bbox 511 303 601 335; x_wconf 86' lang='lat' dir='ltr'>inquit,</span> <span class='ocrx_word' id='word_1_8' title='bbox 614 304 715 335; x_wconf 74' lang='lat' dir='ltr'>Christi,</span> <span class='ocrx_word' id='word_1_9' title='bbox 730 307 779 328; x_wconf 82' lang='lat' dir='ltr'>cte.</span> 
     </span>
    </p>
   </div>
   <div class='ocr_carea' id='block_1_3' title="bbox 138 379 928 1431">
    <p class='ocr_par' dir='ltr' id='par_1_3' title="bbox 147 379 928 684">
     <span class='ocr_line' id='line_1_4' title="bbox 192 379 928 420; baseline 0.004 -10"><span class='ocrx_word' id='word_1_10' title='bbox 192 379 300 411; x_wconf 82' lang='lat' dir='ltr'>innuit</span> <span class='ocrx_word' id='word_1_11' title='bbox 317 379 479 419; x_wconf 83' lang='lat' dir='ltr'>Magister,</span> <span class='ocrx_word' id='word_1_12' title='bbox 489 380 575 420; x_wconf 87' lang='lat' dir='ltr'>quod</span> <span class='ocrx_word' id='word_1_13' title='bbox 591 389 648 411; x_wconf 78' lang='lat' dir='ltr'>nec</span> <span class='ocrx_word' id='word_1_14' title='bbox 659 381 810 412; x_wconf 82' lang='lat' dir='ltr'>divinitas</span> <span class='ocrx_word' id='word_1_15' title='bbox 823 381 928 413; x_wconf 87' lang='lat' dir='ltr'>aliena</span> 
     </span>
     <span class='ocr_line' id='line_1_5' title="bbox 150 433 927 472; baseline 0.001 -8"><span class='ocrx_word' id='word_1_16' title='bbox 150 435 215 464; x_wconf 83' lang='lat' dir='ltr'>erat</span> <span class='ocrx_word' id='word_1_17' title='bbox 230 442 247 464; x_wconf 87' lang='lat' dir='ltr'>a</span> <span class='ocrx_word' id='word_1_18' title='bbox 261 435 374 464; x_wconf 87' lang='lat' dir='ltr'>natura</span> <span class='ocrx_word' id='word_1_19' title='bbox 390 433 501 472; x_wconf 83' lang='lat' dir='ltr'>Patris,</span> <span class='ocrx_word' id='word_1_20' title='bbox 513 443 570 465; x_wconf 87' lang='lat' dir='ltr'>nec</span> <span class='ocrx_word' id='word_1_21' title='bbox 584 433 769 464; x_wconf 77' lang='lat' dir='ltr'>hnmanitas</span> <span class='ocrx_word' id='word_1_22' title='bbox 780 444 799 465; x_wconf 86' lang='lat' dir='ltr'>a</span> <span class='ocrx_word' id='word_1_23' title='bbox 813 437 927 466; x_wconf 84' lang='lat' dir='ltr'>natura</span> 
     </span>
     <span class='ocr_line' id='line_1_6' title="bbox 150 486 927 526; baseline 0.001 -9"><span class='ocrx_word' id='word_1_24' title='bbox 150 486 269 517; x_wconf 80' lang='lat' dir='ltr'>matris.</span> <span class='ocrx_word' id='word_1_25' title='bbox 292 486 370 526; x_wconf 78' lang='lat' dir='ltr'>Obji=</span> <span class='ocrx_word' id='word_1_26' title='bbox 384 487 448 518; x_wconf 89' lang='lat' dir='ltr'>itur</span> <span class='ocrx_word' id='word_1_27' title='bbox 465 497 471 517; x_wconf 91' lang='lat'>:</span> <span class='ocrx_word' id='word_1_28' title='bbox 492 487 525 518; x_wconf 91' lang='lat' dir='ltr'>lu</span> <span class='ocrx_word' id='word_1_29' title='bbox 550 486 641 518; x_wconf 82' lang='lat' dir='ltr'>Patre</span> <span class='ocrx_word' id='word_1_30' title='bbox 655 489 685 517; x_wconf 79' lang='lat' dir='ltr'>ct</span> <span class='ocrx_word' id='word_1_31' title='bbox 702 486 781 518; x_wconf 87' lang='lat' dir='ltr'>Filio</span> <span class='ocrx_word' id='word_1_32' title='bbox 796 490 843 518; x_wconf 84' lang='lat' dir='ltr'>est</span> <span class='ocrx_word' id='word_1_33' title='bbox 863 497 927 518; x_wconf 85' lang='lat' dir='ltr'>una</span> 
     </span>
     <span class='ocr_line' id='line_1_7' title="bbox 147 539 927 580; baseline 0 -9"><span class='ocrx_word' id='word_1_34' title='bbox 147 539 298 571; x_wconf 77' lang='lat' dir='ltr'>diviuitas</span> <span class='ocrx_word' id='word_1_35' title='bbox 315 549 322 571; x_wconf 88' lang='lat'><strong>:</strong></span> <span class='ocrx_word' id='word_1_36' title='bbox 337 549 414 580; x_wconf 75' lang='lat' dir='ltr'>ergo</span> <span class='ocrx_word' id='word_1_37' title='bbox 431 541 462 570; x_wconf 91' lang='lat' dir='ltr'>iu</span> <span class='ocrx_word' id='word_1_38' title='bbox 479 539 576 571; x_wconf 85' lang='lat' dir='ltr'>Matre</span> <span class='ocrx_word' id='word_1_39' title='bbox 591 542 621 570; x_wconf 93' lang='lat' dir='ltr'>et</span> <span class='ocrx_word' id='word_1_40' title='bbox 636 539 716 570; x_wconf 90' lang='lat' dir='ltr'>Filio</span> <span class='ocrx_word' id='word_1_41' title='bbox 728 543 773 570; x_wconf 80' lang='lat' dir='ltr'>cst</span> <span class='ocrx_word' id='word_1_42' title='bbox 791 550 853 571; x_wconf 82' lang='lat' dir='ltr'>una</span> <span class='ocrx_word' id='word_1_43' title='bbox 867 540 927 571; x_wconf 90' lang='lat' dir='ltr'>hu-</span> 
     </span>
     <span class='ocr_line' id='line_1_8' title="bbox 147 591 926 633; baseline 0 -9"><span class='ocrx_word' id='word_1_44' title='bbox 147 593 283 624; x_wconf 76' lang='lat' dir='ltr'>manitas</span> <span class='ocrx_word' id='word_1_45' title='bbox 295 604 301 624; x_wconf 94' lang='lat'><strong>:</strong></span> <span class='ocrx_word' id='word_1_46' title='bbox 311 602 390 633; x_wconf 84' lang='lat' dir='ltr'>ergo</span> <span class='ocrx_word' id='word_1_47' title='bbox 398 594 480 624; x_wconf 84' lang='lat' dir='ltr'>sicut</span> <span class='ocrx_word' id='word_1_48' title='bbox 494 592 586 624; x_wconf 81' lang='lat' dir='ltr'>Pater</span> <span class='ocrx_word' id='word_1_49' title='bbox 597 594 627 624; x_wconf 89' lang='lat' dir='ltr'>et</span> <span class='ocrx_word' id='word_1_50' title='bbox 642 591 742 624; x_wconf 85' lang='lat' dir='ltr'>Filius</span> <span class='ocrx_word' id='word_1_51' title='bbox 751 596 825 624; x_wconf 85' lang='lat' dir='ltr'>sunt</span> <span class='ocrx_word' id='word_1_52' title='bbox 843 603 926 624; x_wconf 87' lang='lat' dir='ltr'>unus</span> 
     </span>
     <span class='ocr_line' id='line_1_9' title="bbox 148 645 923 684; baseline -0.001 -6"><span class='ocrx_word' id='word_1_53' title='bbox 148 645 241 684; x_wconf 77' lang='lat' dir='ltr'>Deus,</span> <span class='ocrx_word' id='word_1_54' title='bbox 260 647 303 678; x_wconf 82' lang='lat' dir='ltr'>ita</span> <span class='ocrx_word' id='word_1_55' title='bbox 323 646 419 678; x_wconf 80' lang='lat' dir='ltr'>Mater</span> <span class='ocrx_word' id='word_1_56' title='bbox 443 648 474 677; x_wconf 88' lang='lat' dir='ltr'>et</span> <span class='ocrx_word' id='word_1_57' title='bbox 488 645 589 678; x_wconf 88' lang='lat' dir='ltr'>Filius</span> <span class='ocrx_word' id='word_1_58' title='bbox 612 649 687 677; x_wconf 90' lang='lat' dir='ltr'>suut</span> <span class='ocrx_word' id='word_1_59' title='bbox 708 656 793 677; x_wconf 77' lang='lat' dir='ltr'>uuus</span> <span class='ocrx_word' id='word_1_60' title='bbox 814 646 923 678; x_wconf 60' lang='lat' dir='ltr'>hom-u</span> 
     </span>
    </p>

    <p class='ocr_par' dir='ltr' id='par_1_4' title="bbox 138 698 925 1431">
     <span class='ocr_line' id='line_1_10' title="bbox 188 698 925 740; baseline 0 -9"><span class='ocrx_word' id='word_1_61' title='bbox 188 698 280 740; x_wconf 82' lang='lat' dir='ltr'>nesp.</span> <span class='ocrx_word' id='word_1_62' title='bbox 298 699 471 730; x_wconf 81' lang='lat' dir='ltr'>Dicendum</span> <span class='ocrx_word' id='word_1_63' title='bbox 491 699 575 739; x_wconf 89' lang='lat' dir='ltr'>quod</span> <span class='ocrx_word' id='word_1_64' title='bbox 595 708 659 731; x_wconf 91' lang='lat' dir='ltr'>non</span> <span class='ocrx_word' id='word_1_65' title='bbox 679 702 725 731; x_wconf 85' lang='lat' dir='ltr'>est</span> <span class='ocrx_word' id='word_1_66' title='bbox 740 701 925 731; x_wconf 85' lang='lat' dir='ltr'>omnimoda</span> 
     </span>
     <span class='ocr_line' id='line_1_11' title="bbox 146 752 924 794; baseline 0.004 -11"><span class='ocrx_word' id='word_1_67' title='bbox 146 752 321 784; x_wconf 72' lang='lat' dir='ltr'>similitudo</span> <span class='ocrx_word' id='word_1_68' title='bbox 335 752 474 784; x_wconf 82' lang='lat' dir='ltr'>notanda</span> <span class='ocrx_word' id='word_1_69' title='bbox 489 753 521 783; x_wconf 88' lang='lat' dir='ltr'>iu</span> <span class='ocrx_word' id='word_1_70' title='bbox 539 754 638 784; x_wconf 80' lang='lat' dir='ltr'>verbo</span> <span class='ocrx_word' id='word_1_71' title='bbox 649 753 812 794; x_wconf 77' lang='lat' dir='ltr'>praeuiisso</span> <span class='ocrx_word' id='word_1_72' title='bbox 825 763 832 784; x_wconf 90' lang='lat'>:</span> <span class='ocrx_word' id='word_1_73' title='bbox 849 764 924 786; x_wconf 85' lang='lat' dir='ltr'>nam</span> 
     </span>
     <span class='ocr_line' id='line_1_12' title="bbox 145 806 923 849; baseline 0.004 -12"><span class='ocrx_word' id='word_1_74' title='bbox 145 806 251 838; x_wconf 87' lang='lat' dir='ltr'>unitas</span> <span class='ocrx_word' id='word_1_75' title='bbox 269 809 383 838; x_wconf 74' lang='lat' dir='ltr'>creatae</span> <span class='ocrx_word' id='word_1_76' title='bbox 408 809 532 838; x_wconf 86' lang='lat' dir='ltr'>uaturae</span> <span class='ocrx_word' id='word_1_77' title='bbox 557 807 591 838; x_wconf 93' lang='lat' dir='ltr'>in</span> <span class='ocrx_word' id='word_1_78' title='bbox 612 810 758 839; x_wconf 85' lang='lat' dir='ltr'>creatura</span> <span class='ocrx_word' id='word_1_79' title='bbox 779 810 923 849; x_wconf 89' lang='lat' dir='ltr'>respectu</span> 
     </span>
     <span class='ocr_line' id='line_1_13' title="bbox 143 860 921 903; baseline 0.003 -12"><span class='ocrx_word' id='word_1_80' title='bbox 143 862 267 891; x_wconf 66' lang='lat' dir='ltr'>naturae</span> <span class='ocrx_word' id='word_1_81' title='bbox 278 860 333 901; x_wconf 84' lang='lat' dir='ltr'>(a),</span> <span class='ocrx_word' id='word_1_82' title='bbox 345 863 376 892; x_wconf 89' lang='lat' dir='ltr'>et</span> <span class='ocrx_word' id='word_1_83' title='bbox 391 870 536 901; x_wconf 87' lang='lat' dir='ltr'>personae</span> <span class='ocrx_word' id='word_1_84' title='bbox 549 862 586 902; x_wconf 71' lang='lat' dir='ltr'>(la)</span> <span class='ocrx_word' id='word_1_85' title='bbox 603 864 750 902; x_wconf 85' lang='lat' dir='ltr'>respectu</span> <span class='ocrx_word' id='word_1_86' title='bbox 764 871 921 903; x_wconf 79' lang='lat' dir='ltr'>persouae,</span> 
     </span>
     <span class='ocr_line' id='line_1_14' title="bbox 141 913 920 957; baseline 0.003 -12"><span class='ocrx_word' id='word_1_87' title='bbox 141 914 199 945; x_wconf 79' lang='lat' dir='ltr'>etsi</span> <span class='ocrx_word' id='word_1_88' title='bbox 215 913 355 946; x_wconf 86' lang='lat' dir='ltr'>habeant</span> <span class='ocrx_word' id='word_1_89' title='bbox 378 915 519 955; x_wconf 82' lang='lat' dir='ltr'>aliquam</span> <span class='ocrx_word' id='word_1_90' title='bbox 537 916 806 954; x_wconf 77' lang='lat' dir='ltr'>conformitatem,</span> <span class='ocrx_word' id='word_1_91' title='bbox 823 925 920 957; x_wconf 90' lang='lat' dir='ltr'>prop-</span> 
     </span>
     <span class='ocr_line' id='line_1_15' title="bbox 142 967 923 1009; baseline 0.003 -10"><span class='ocrx_word' id='word_1_92' title='bbox 142 969 190 1000; x_wconf 88' lang='lat' dir='ltr'>ter</span> <span class='ocrx_word' id='word_1_93' title='bbox 205 967 264 999; x_wconf 87' lang='lat' dir='ltr'>hoc</span> <span class='ocrx_word' id='word_1_94' title='bbox 278 968 363 1009; x_wconf 91' lang='lat' dir='ltr'>quod</span> <span class='ocrx_word' id='word_1_95' title='bbox 375 969 484 1009; x_wconf 87' lang='lat' dir='ltr'>aliqua</span> <span class='ocrx_word' id='word_1_96' title='bbox 495 971 641 1001; x_wconf 81' lang='lat' dir='ltr'>creatura</span> <span class='ocrx_word' id='word_1_97' title='bbox 655 973 702 1001; x_wconf 89' lang='lat' dir='ltr'>est</span> <span class='ocrx_word' id='word_1_98' title='bbox 716 970 828 1001; x_wconf 83' lang='lat' dir='ltr'>similis</span> <span class='ocrx_word' id='word_1_99' title='bbox 837 980 923 1002; x_wconf 85' lang='lat' dir='ltr'>crea-</span> 
     </span>
     <span class='ocr_line' id='line_1_16' title="bbox 141 1023 921 1065; baseline 0.003 -12"><span class='ocrx_word' id='word_1_100' title='bbox 141 1025 223 1054; x_wconf 85' lang='lat' dir='ltr'>turae</span> <span class='ocrx_word' id='word_1_101' title='bbox 238 1023 271 1053; x_wconf 91' lang='lat' dir='ltr'>in</span> <span class='ocrx_word' id='word_1_102' title='bbox 286 1025 413 1061; x_wconf 85' lang='lat' dir='ltr'>natura,</span> <span class='ocrx_word' id='word_1_103' title='bbox 430 1025 462 1054; x_wconf 90' lang='lat' dir='ltr'>et</span> <span class='ocrx_word' id='word_1_104' title='bbox 478 1032 612 1064; x_wconf 89' lang='lat' dir='ltr'>persona</span> <span class='ocrx_word' id='word_1_105' title='bbox 625 1026 671 1055; x_wconf 81' lang='lat' dir='ltr'>est</span> <span class='ocrx_word' id='word_1_106' title='bbox 681 1023 796 1054; x_wconf 82' lang='lat' dir='ltr'>similis</span> <span class='ocrx_word' id='word_1_107' title='bbox 811 1033 921 1065; x_wconf 82' lang='lat' dir='ltr'>perso-</span> 
     </span>
     <span class='ocr_line' id='line_1_17' title="bbox 140 1077 922 1118; baseline 0.003 -11"><span class='ocrx_word' id='word_1_108' title='bbox 140 1085 210 1116; x_wconf 81' lang='lat' dir='ltr'>nae;</span> <span class='ocrx_word' id='word_1_109' title='bbox 232 1085 352 1116; x_wconf 85' lang='lat' dir='ltr'>magna</span> <span class='ocrx_word' id='word_1_110' title='bbox 371 1078 475 1107; x_wconf 85' lang='lat' dir='ltr'>tamen</span> <span class='ocrx_word' id='word_1_111' title='bbox 496 1079 542 1108; x_wconf 89' lang='lat' dir='ltr'>est</span> <span class='ocrx_word' id='word_1_112' title='bbox 566 1077 757 1114; x_wconf 79' lang='lat' dir='ltr'>differentia,</span> <span class='ocrx_word' id='word_1_113' title='bbox 772 1078 848 1118; x_wconf 89' lang='lat' dir='ltr'>quia</span> <span class='ocrx_word' id='word_1_114' title='bbox 862 1087 922 1109; x_wconf 89' lang='lat' dir='ltr'>na-</span> 
     </span>
     <span class='ocr_line' id='line_1_18' title="bbox 140 1130 919 1172; baseline 0.001 -10"><span class='ocrx_word' id='word_1_115' title='bbox 140 1133 212 1162; x_wconf 85' lang='lat' dir='ltr'>tura</span> <span class='ocrx_word' id='word_1_116' title='bbox 231 1131 342 1162; x_wconf 88' lang='lat' dir='ltr'>divina</span> <span class='ocrx_word' id='word_1_117' title='bbox 366 1140 430 1162; x_wconf 91' lang='lat' dir='ltr'>uon</span> <span class='ocrx_word' id='word_1_118' title='bbox 453 1130 685 1171; x_wconf 69' lang='lat' dir='ltr'>multiplicatur</span> <span class='ocrx_word' id='word_1_119' title='bbox 704 1132 736 1162; x_wconf 89' lang='lat' dir='ltr'>in</span> <span class='ocrx_word' id='word_1_120' title='bbox 757 1132 919 1172; x_wconf 80' lang='lat' dir='ltr'>personis,</span> 
     </span>
     <span class='ocr_line' id='line_1_19' title="bbox 138 1184 920 1226; baseline 0.003 -11"><span class='ocrx_word' id='word_1_121' title='bbox 138 1184 192 1216; x_wconf 87' lang='lat' dir='ltr'>sed</span> <span class='ocrx_word' id='word_1_122' title='bbox 218 1186 334 1216; x_wconf 85' lang='lat' dir='ltr'>natura</span> <span class='ocrx_word' id='word_1_123' title='bbox 367 1184 511 1215; x_wconf 87' lang='lat' dir='ltr'>humana</span> <span class='ocrx_word' id='word_1_124' title='bbox 535 1184 631 1215; x_wconf 77' lang='lat' dir='ltr'>habet</span> <span class='ocrx_word' id='word_1_125' title='bbox 655 1185 859 1226; x_wconf 87' lang='lat' dir='ltr'>multiplicari</span> <span class='ocrx_word' id='word_1_126' title='bbox 885 1186 920 1217; x_wconf 89' lang='lat' dir='ltr'>in</span> 
     </span>
     <span class='ocr_line' id='line_1_20' title="bbox 139 1236 919 1278; baseline 0.003 -10"><span class='ocrx_word' id='word_1_127' title='bbox 139 1236 272 1269; x_wconf 84' lang='lat' dir='ltr'>diversis</span> <span class='ocrx_word' id='word_1_128' title='bbox 295 1237 452 1278; x_wconf 85' lang='lat' dir='ltr'>personis;</span> <span class='ocrx_word' id='word_1_129' title='bbox 481 1238 564 1269; x_wconf 93' lang='lat' dir='ltr'>unde</span> <span class='ocrx_word' id='word_1_130' title='bbox 585 1237 649 1269; x_wconf 91' lang='lat' dir='ltr'>duo</span> <span class='ocrx_word' id='word_1_131' title='bbox 670 1238 818 1270; x_wconf 86' lang='lat' dir='ltr'>homines</span> <span class='ocrx_word' id='word_1_132' title='bbox 839 1239 919 1270; x_wconf 84' lang='lat' dir='ltr'>duas</span> 
     </span>
     <span class='ocr_line' id='line_1_21' title="bbox 138 1289 919 1332; baseline 0.004 -11"><span class='ocrx_word' id='word_1_133' title='bbox 138 1289 258 1322; x_wconf 84' lang='lat' dir='ltr'>habeut</span> <span class='ocrx_word' id='word_1_134' title='bbox 271 1290 486 1322; x_wconf 81' lang='lat' dir='ltr'>humanitates</span> <span class='ocrx_word' id='word_1_135' title='bbox 504 1302 510 1322; x_wconf 95' lang='lat'><strong>:</strong></span> <span class='ocrx_word' id='word_1_136' title='bbox 525 1293 556 1322; x_wconf 88' lang='lat' dir='ltr'>et</span> <span class='ocrx_word' id='word_1_137' title='bbox 570 1291 614 1323; x_wconf 84' lang='lat' dir='ltr'>sic</span> <span class='ocrx_word' id='word_1_138' title='bbox 625 1300 691 1323; x_wconf 90' lang='lat' dir='ltr'>non</span> <span class='ocrx_word' id='word_1_139' title='bbox 705 1292 791 1332; x_wconf 85' lang='lat' dir='ltr'>cogit</span> <span class='ocrx_word' id='word_1_140' title='bbox 804 1292 857 1324; x_wconf 86' lang='lat' dir='ltr'>illa</span> <span class='ocrx_word' id='word_1_141' title='bbox 871 1302 919 1324; x_wconf 90' lang='lat' dir='ltr'>ra-</span> 
     </span>
     <span class='ocr_line' id='line_1_22' title="bbox 139 1344 919 1386; baseline 0.004 -11"><span class='ocrx_word' id='word_1_142' title='bbox 139 1344 196 1383; x_wconf 82' lang='lat' dir='ltr'>tio,</span> <span class='ocrx_word' id='word_1_143' title='bbox 211 1345 288 1385; x_wconf 88' lang='lat' dir='ltr'>quia</span> <span class='ocrx_word' id='word_1_144' title='bbox 312 1345 344 1376; x_wconf 92' lang='lat' dir='ltr'>in</span> <span class='ocrx_word' id='word_1_145' title='bbox 360 1345 459 1376; x_wconf 84' lang='lat' dir='ltr'>verbo</span> <span class='ocrx_word' id='word_1_146' title='bbox 474 1346 636 1386; x_wconf 88' lang='lat' dir='ltr'>proposito</span> <span class='ocrx_word' id='word_1_147' title='bbox 655 1355 722 1377; x_wconf 90' lang='lat' dir='ltr'>non</span> <span class='ocrx_word' id='word_1_148' title='bbox 745 1346 919 1378; x_wconf 88' lang='lat' dir='ltr'>attenditur</span> 
     </span>
     <span class='ocr_line' id='line_1_23' title="bbox 140 1397 525 1431; baseline 0.005 -3"><span class='ocrx_word' id='word_1_149' title='bbox 140 1397 324 1430; x_wconf 85' lang='lat' dir='ltr'>omnimoda</span> <span class='ocrx_word' id='word_1_150' title='bbox 338 1398 525 1431; x_wconf 78' lang='lat' dir='ltr'>similitudo.</span> 
     </span>
    </p>
   </div>
   <div class='ocr_carea' id='block_1_4' title="bbox 459 1485 586 1507">
    <p class='ocr_par' dir='ltr' id='par_1_5' title="bbox 459 1485 586 1507">
     <span class='ocr_line' id='line_1_24' title="bbox 459 1485 586 1507; baseline 0 -1"><span class='ocrx_word' id='word_1_151' title='bbox 459 1485 528 1507; x_wconf 83' lang='lat' dir='ltr'>DUB.</span> <span class='ocrx_word' id='word_1_152' title='bbox 552 1485 586 1506; x_wconf 88' lang='lat'>11.</span> 
     </span>
    </p>
   </div>
   <div class='ocr_carea' id='block_1_5' title="bbox 327 1544 730 1577">
    <p class='ocr_par' dir='ltr' id='par_1_6' title="bbox 327 1544 730 1577">
     <span class='ocr_line' id='line_1_25' title="bbox 327 1544 730 1577; baseline 0.002 -8"><span class='ocrx_word' id='word_1_153' title='bbox 327 1545 354 1569; x_wconf 86' lang='lat' dir='ltr'>tu</span> <span class='ocrx_word' id='word_1_154' title='bbox 369 1544 454 1570; x_wconf 77' lang='lat' dir='ltr'>formu</span> <span class='ocrx_word' id='word_1_155' title='bbox 467 1545 515 1569; x_wconf 86' lang='lat' dir='ltr'>Dei</span> <span class='ocrx_word' id='word_1_156' title='bbox 530 1551 593 1577; x_wconf 81' lang='lat' dir='ltr'>ergo</span> <span class='ocrx_word' id='word_1_157' title='bbox 603 1547 666 1576; x_wconf 78' lang='lat' dir='ltr'>erat,</span> <span class='ocrx_word' id='word_1_158' title='bbox 679 1547 730 1570; x_wconf 84' lang='lat' dir='ltr'>cte.</span> 
     </span>
    </p>
   </div>
   <div class='ocr_carea' id='block_1_6' title="bbox 130 1614 916 2676">
    <p class='ocr_par' dir='ltr' id='par_1_7' title="bbox 134 1614 916 1815">
     <span class='ocr_line' id='line_1_26' title="bbox 178 1614 916 1656; baseline 0.003 -11"><span class='ocrx_word' id='word_1_159' title='bbox 178 1614 294 1646; x_wconf 80' lang='lat' dir='ltr'>Contra</span> <span class='ocrx_word' id='word_1_160' title='bbox 320 1623 328 1645; x_wconf 91' lang='lat'>:</span> <span class='ocrx_word' id='word_1_161' title='bbox 352 1614 434 1652; x_wconf 87' lang='lat' dir='ltr'>Quia</span> <span class='ocrx_word' id='word_1_162' title='bbox 452 1615 556 1646; x_wconf 76' lang='lat' dir='ltr'>forma</span> <span class='ocrx_word' id='word_1_163' title='bbox 576 1615 651 1646; x_wconf 89' lang='lat' dir='ltr'>dicit</span> <span class='ocrx_word' id='word_1_164' title='bbox 673 1618 854 1656; x_wconf 83' lang='lat' dir='ltr'>respectum</span> <span class='ocrx_word' id='word_1_165' title='bbox 876 1616 916 1647; x_wconf 87' lang='lat' dir='ltr'>ad</span> 
     </span>
     <span class='ocr_line' id='line_1_27' title="bbox 136 1668 915 1703; baseline 0.005 -5"><span class='ocrx_word' id='word_1_166' title='bbox 136 1668 344 1699; x_wconf 77' lang='lat' dir='ltr'>informatum</span> <span class='ocrx_word' id='word_1_167' title='bbox 367 1678 373 1698; x_wconf 93' lang='lat'><strong>:</strong></span> <span class='ocrx_word' id='word_1_168' title='bbox 391 1668 602 1699; x_wconf 79' lang='lat' dir='ltr'>informatum</span> <span class='ocrx_word' id='word_1_169' title='bbox 626 1670 735 1699; x_wconf 88' lang='lat' dir='ltr'>autem</span> <span class='ocrx_word' id='word_1_170' title='bbox 754 1670 829 1701; x_wconf 89' lang='lat' dir='ltr'>dicit</span> <span class='ocrx_word' id='word_1_171' title='bbox 845 1680 915 1703; x_wconf 90' lang='lat' dir='ltr'>ma-</span> 
     </span>
     <span class='ocr_line' id='line_1_28' title="bbox 135 1721 912 1756; baseline 0.004 -3"><span class='ocrx_word' id='word_1_172' title='bbox 135 1722 248 1754; x_wconf 86' lang='lat' dir='ltr'>teriam</span> <span class='ocrx_word' id='word_1_173' title='bbox 257 1733 264 1753; x_wconf 90' lang='lat'><strong>:</strong></span> <span class='ocrx_word' id='word_1_174' title='bbox 274 1721 355 1753; x_wconf 86' lang='lat' dir='ltr'>Deus</span> <span class='ocrx_word' id='word_1_175' title='bbox 361 1723 471 1753; x_wconf 83' lang='lat' dir='ltr'>autem</span> <span class='ocrx_word' id='word_1_176' title='bbox 481 1721 605 1753; x_wconf 87' lang='lat' dir='ltr'>nullam</span> <span class='ocrx_word' id='word_1_177' title='bbox 615 1722 711 1754; x_wconf 86' lang='lat' dir='ltr'>habet</span> <span class='ocrx_word' id='word_1_178' title='bbox 723 1724 890 1756; x_wconf 83' lang='lat' dir='ltr'>materiam</span> <span class='ocrx_word' id='word_1_179' title='bbox 904 1734 912 1756; x_wconf 74' lang='grc' dir='ltr'><strong><em>ε</em></strong></span> 
     </span>
     <span class='ocr_line' id='line_1_29' title="bbox 134 1774 561 1815; baseline 0 -9"><span class='ocrx_word' id='word_1_180' title='bbox 134 1783 213 1815; x_wconf 83' lang='lat' dir='ltr'>ergo</span> <span class='ocrx_word' id='word_1_181' title='bbox 229 1783 288 1807; x_wconf 87' lang='lat' dir='ltr'>uec</span> <span class='ocrx_word' id='word_1_182' title='bbox 300 1774 398 1806; x_wconf 83' lang='lat' dir='ltr'>habet</span> <span class='ocrx_word' id='word_1_183' title='bbox 411 1775 561 1806; x_wconf 86' lang='lat' dir='ltr'>formam.</span> 
     </span>
    </p>

    <p class='ocr_par' dir='ltr' id='par_1_8' title="bbox 130 1827 913 2613">
     <span class='ocr_line' id='line_1_30' title="bbox 175 1827 913 1871; baseline 0.004 -12"><span class='ocrx_word' id='word_1_184' title='bbox 175 1827 267 1869; x_wconf 88' lang='lat' dir='ltr'>Resp.</span> <span class='ocrx_word' id='word_1_185' title='bbox 295 1827 471 1860; x_wconf 85' lang='lat' dir='ltr'>Dicendum</span> <span class='ocrx_word' id='word_1_186' title='bbox 498 1828 584 1869; x_wconf 88' lang='lat' dir='ltr'>quod</span> <span class='ocrx_word' id='word_1_187' title='bbox 615 1829 718 1860; x_wconf 84' lang='lat' dir='ltr'>forma</span> <span class='ocrx_word' id='word_1_188' title='bbox 746 1829 913 1871; x_wconf 83' lang='lat' dir='ltr'>dupliciter</span> 
     </span>
     <span class='ocr_line' id='line_1_31' title="bbox 133 1881 910 1924; baseline 0.005 -12"><span class='ocrx_word' id='word_1_189' title='bbox 133 1881 249 1913; x_wconf 84' lang='lat' dir='ltr'>dicitur</span> <span class='ocrx_word' id='word_1_190' title='bbox 261 1891 268 1912; x_wconf 81' lang='lat'><em>2</em></span> <span class='ocrx_word' id='word_1_191' title='bbox 280 1890 347 1913; x_wconf 90' lang='lat' dir='ltr'>uno</span> <span class='ocrx_word' id='word_1_192' title='bbox 358 1882 453 1914; x_wconf 91' lang='lat' dir='ltr'>modo</span> <span class='ocrx_word' id='word_1_193' title='bbox 466 1891 523 1923; x_wconf 85' lang='lat' dir='ltr'>per</span> <span class='ocrx_word' id='word_1_194' title='bbox 531 1882 745 1923; x_wconf 84' lang='lat' dir='ltr'>privationem</span> <span class='ocrx_word' id='word_1_195' title='bbox 757 1884 910 1924; x_wconf 83' lang='lat' dir='ltr'>materiae,</span> 
     </span>
     <span class='ocr_line' id='line_1_32' title="bbox 133 1934 912 1977; baseline 0.005 -11"><span class='ocrx_word' id='word_1_196' title='bbox 133 1935 224 1966; x_wconf 81' lang='lat' dir='ltr'>etsie</span> <span class='ocrx_word' id='word_1_197' title='bbox 248 1934 330 1966; x_wconf 81' lang='lat' dir='ltr'>Deus</span> <span class='ocrx_word' id='word_1_198' title='bbox 344 1937 393 1967; x_wconf 85' lang='lat' dir='ltr'>est</span> <span class='ocrx_word' id='word_1_199' title='bbox 407 1935 528 1974; x_wconf 84' lang='lat' dir='ltr'>forma;</span> <span class='ocrx_word' id='word_1_200' title='bbox 548 1936 610 1968; x_wconf 87' lang='lat' dir='ltr'>alio</span> <span class='ocrx_word' id='word_1_201' title='bbox 624 1937 720 1968; x_wconf 90' lang='lat' dir='ltr'>modo</span> <span class='ocrx_word' id='word_1_202' title='bbox 747 1947 803 1977; x_wconf 85' lang='lat' dir='ltr'>per</span> <span class='ocrx_word' id='word_1_203' title='bbox 823 1947 912 1970; x_wconf 84' lang='lat' dir='ltr'>eom-</span> 
     </span>
     <span class='ocr_line' id='line_1_33' title="bbox 132 1988 912 2031; baseline 0.005 -12"><span class='ocrx_word' id='word_1_204' title='bbox 132 1988 329 2029; x_wconf 75' lang='lat' dir='ltr'>parationem</span> <span class='ocrx_word' id='word_1_205' title='bbox 347 1989 387 2020; x_wconf 87' lang='lat' dir='ltr'>ad</span> <span class='ocrx_word' id='word_1_206' title='bbox 409 1990 577 2021; x_wconf 88' lang='lat' dir='ltr'>materiam</span> <span class='ocrx_word' id='word_1_207' title='bbox 597 1999 696 2031; x_wconf 90' lang='lat' dir='ltr'>quam</span> <span class='ocrx_word' id='word_1_208' title='bbox 716 1991 856 2031; x_wconf 78' lang='lat' dir='ltr'>perficit,</span> <span class='ocrx_word' id='word_1_209' title='bbox 880 1995 912 2024; x_wconf 89' lang='lat' dir='ltr'>et</span> 
     </span>
     <span class='ocr_line' id='line_1_34' title="bbox 132 2041 910 2084; baseline 0.005 -11"><span class='ocrx_word' id='word_1_210' title='bbox 132 2041 192 2074; x_wconf 90' lang='lat' dir='ltr'>hoc</span> <span class='ocrx_word' id='word_1_211' title='bbox 218 2042 312 2074; x_wconf 88' lang='lat' dir='ltr'>modo</span> <span class='ocrx_word' id='word_1_212' title='bbox 340 2042 422 2074; x_wconf 81' lang='lat' dir='ltr'>neus</span> <span class='ocrx_word' id='word_1_213' title='bbox 451 2053 518 2075; x_wconf 88' lang='lat' dir='ltr'>non</span> <span class='ocrx_word' id='word_1_214' title='bbox 548 2044 678 2084; x_wconf 89' lang='lat' dir='ltr'>ponitur</span> <span class='ocrx_word' id='word_1_215' title='bbox 708 2054 775 2076; x_wconf 84' lang='lat' dir='ltr'>esse</span> <span class='ocrx_word' id='word_1_216' title='bbox 807 2046 910 2078; x_wconf 81' lang='lat' dir='ltr'>forma</span> 
     </span>
     <span class='ocr_line' id='line_1_35' title="bbox 132 2095 907 2140; baseline 0.004 -12"><span class='ocrx_word' id='word_1_217' title='bbox 132 2095 240 2128; x_wconf 89' lang='lat' dir='ltr'>Primo</span> <span class='ocrx_word' id='word_1_218' title='bbox 251 2097 346 2129; x_wconf 90' lang='lat' dir='ltr'>modo</span> <span class='ocrx_word' id='word_1_219' title='bbox 353 2097 545 2138; x_wconf 69' lang='lat' dir='ltr'>intelligitur</span> <span class='ocrx_word' id='word_1_220' title='bbox 551 2098 688 2129; x_wconf 84' lang='lat' dir='ltr'>verbum</span> <span class='ocrx_word' id='word_1_221' title='bbox 697 2099 907 2140; x_wconf 86' lang='lat' dir='ltr'>propositum;</span> 
     </span>
     <span class='ocr_line' id='line_1_36' title="bbox 131 2151 911 2192; baseline 0.004 -10"><span class='ocrx_word' id='word_1_222' title='bbox 131 2151 272 2183; x_wconf 83' lang='lat' dir='ltr'>secundo</span> <span class='ocrx_word' id='word_1_223' title='bbox 292 2151 387 2184; x_wconf 90' lang='lat' dir='ltr'>modo</span> <span class='ocrx_word' id='word_1_224' title='bbox 408 2152 445 2183; x_wconf 81' lang='lat' dir='ltr'>fit</span> <span class='ocrx_word' id='word_1_225' title='bbox 466 2152 612 2192; x_wconf 75' lang='lat' dir='ltr'>obJectio.</span> <span class='ocrx_word' id='word_1_226' title='bbox 636 2151 692 2184; x_wconf 83' lang='lat' dir='ltr'>Vel</span> <span class='ocrx_word' id='word_1_227' title='bbox 716 2152 807 2185; x_wconf 83' lang='lat' dir='ltr'>aliter</span> <span class='ocrx_word' id='word_1_228' title='bbox 830 2163 837 2185; x_wconf 90' lang='lat'><strong>:</strong></span> <span class='ocrx_word' id='word_1_229' title='bbox 863 2157 911 2185; x_wconf 90' lang='lat' dir='ltr'>est</span> 
     </span>
     <span class='ocr_line' id='line_1_37' title="bbox 132 2204 910 2248; baseline 0.005 -13"><span class='ocrx_word' id='word_1_230' title='bbox 132 2205 220 2236; x_wconf 89' lang='lat' dir='ltr'>enim</span> <span class='ocrx_word' id='word_1_231' title='bbox 243 2204 333 2245; x_wconf 91' lang='lat' dir='ltr'>loqui</span> <span class='ocrx_word' id='word_1_232' title='bbox 353 2205 392 2236; x_wconf 90' lang='lat' dir='ltr'>de</span> <span class='ocrx_word' id='word_1_233' title='bbox 415 2205 518 2237; x_wconf 78' lang='lat' dir='ltr'>torma</span> <span class='ocrx_word' id='word_1_234' title='bbox 534 2205 711 2238; x_wconf 84' lang='lat' dir='ltr'>secundum</span> <span class='ocrx_word' id='word_1_235' title='bbox 733 2207 819 2248; x_wconf 86' lang='lat' dir='ltr'>quod</span> <span class='ocrx_word' id='word_1_236' title='bbox 834 2207 910 2239; x_wconf 90' lang='lat' dir='ltr'>dicit</span> 
     </span>
     <span class='ocr_line' id='line_1_38' title="bbox 130 2257 906 2300; baseline 0.005 -11"><span class='ocrx_word' id='word_1_237' title='bbox 130 2257 318 2290; x_wconf 86' lang='lat' dir='ltr'>relationem</span> <span class='ocrx_word' id='word_1_238' title='bbox 334 2258 374 2290; x_wconf 87' lang='lat' dir='ltr'>ad</span> <span class='ocrx_word' id='word_1_239' title='bbox 396 2258 604 2290; x_wconf 74' lang='lat' dir='ltr'>informatum</span> <span class='ocrx_word' id='word_1_240' title='bbox 625 2260 803 2292; x_wconf 89' lang='lat' dir='ltr'>secundum</span> <span class='ocrx_word' id='word_1_241' title='bbox 826 2270 906 2300; x_wconf 91' lang='lat' dir='ltr'>rem,</span> 
     </span>
     <span class='ocr_line' id='line_1_39' title="bbox 131 2311 908 2352; baseline 0.005 -10"><span class='ocrx_word' id='word_1_242' title='bbox 131 2311 183 2343; x_wconf 86' lang='lat' dir='ltr'>vel</span> <span class='ocrx_word' id='word_1_243' title='bbox 195 2311 374 2343; x_wconf 82' lang='lat' dir='ltr'>secundum</span> <span class='ocrx_word' id='word_1_244' title='bbox 383 2312 468 2352; x_wconf 88' lang='lat' dir='ltr'>quod</span> <span class='ocrx_word' id='word_1_245' title='bbox 476 2312 552 2344; x_wconf 86' lang='lat' dir='ltr'>dicit</span> <span class='ocrx_word' id='word_1_246' title='bbox 565 2312 785 2345; x_wconf 83' lang='lat' dir='ltr'>habitudinem</span> <span class='ocrx_word' id='word_1_247' title='bbox 793 2323 908 2346; x_wconf 87' lang='lat' dir='ltr'>secuu-</span> 
     </span>
     <span class='ocr_line' id='line_1_40' title="bbox 131 2363 908 2408; baseline 0.005 -12"><span class='ocrx_word' id='word_1_248' title='bbox 131 2363 210 2396; x_wconf 87' lang='lat' dir='ltr'>dum</span> <span class='ocrx_word' id='word_1_249' title='bbox 230 2365 363 2397; x_wconf 89' lang='lat' dir='ltr'>modum</span> <span class='ocrx_word' id='word_1_250' title='bbox 381 2365 593 2406; x_wconf 82' lang='lat' dir='ltr'>intelligendi.</span> <span class='ocrx_word' id='word_1_251' title='bbox 620 2365 658 2398; x_wconf 89' lang='lat' dir='ltr'>Et</span> <span class='ocrx_word' id='word_1_252' title='bbox 688 2367 793 2408; x_wconf 90' lang='lat' dir='ltr'>primo</span> <span class='ocrx_word' id='word_1_253' title='bbox 813 2368 908 2400; x_wconf 89' lang='lat' dir='ltr'>modo</span> 
     </span>
     <span class='ocr_line' id='line_1_41' title="bbox 132 2417 907 2461; baseline 0.005 -12"><span class='ocrx_word' id='word_1_254' title='bbox 132 2417 290 2458; x_wconf 81' lang='lat' dir='ltr'>objicitur,</span> <span class='ocrx_word' id='word_1_255' title='bbox 305 2421 337 2451; x_wconf 84' lang='lat' dir='ltr'>et</span> <span class='ocrx_word' id='word_1_256' title='bbox 346 2419 486 2451; x_wconf 86' lang='lat' dir='ltr'>secundo</span> <span class='ocrx_word' id='word_1_257' title='bbox 498 2419 594 2451; x_wconf 91' lang='lat' dir='ltr'>modo</span> <span class='ocrx_word' id='word_1_258' title='bbox 607 2420 762 2461; x_wconf 84' lang='lat' dir='ltr'>accipitur</span> <span class='ocrx_word' id='word_1_259' title='bbox 776 2421 809 2452; x_wconf 92' lang='lat' dir='ltr'>in</span> <span class='ocrx_word' id='word_1_260' title='bbox 823 2421 907 2453; x_wconf 90' lang='lat' dir='ltr'>divi-</span> 
     </span>
     <span class='ocr_line' id='line_1_42' title="bbox 133 2471 905 2514; baseline 0.005 -11"><span class='ocrx_word' id='word_1_261' title='bbox 133 2471 204 2503; x_wconf 84' lang='lat' dir='ltr'>nis:</span> <span class='ocrx_word' id='word_1_262' title='bbox 219 2472 295 2512; x_wconf 81' lang='lat' dir='ltr'>quia</span> <span class='ocrx_word' id='word_1_263' title='bbox 307 2472 377 2514; x_wconf 79' lang='lat' dir='ltr'>ipsa</span> <span class='ocrx_word' id='word_1_264' title='bbox 390 2473 489 2505; x_wconf 82' lang='lat' dir='ltr'>deitas</span> <span class='ocrx_word' id='word_1_265' title='bbox 503 2482 538 2504; x_wconf 83' lang='lat' dir='ltr'>se</span> <span class='ocrx_word' id='word_1_266' title='bbox 552 2473 648 2505; x_wconf 79' lang='lat' dir='ltr'>habet</span> <span class='ocrx_word' id='word_1_267' title='bbox 661 2474 694 2505; x_wconf 91' lang='lat' dir='ltr'>in</span> <span class='ocrx_word' id='word_1_268' title='bbox 709 2474 832 2506; x_wconf 83' lang='lat' dir='ltr'>ratione</span> <span class='ocrx_word' id='word_1_269' title='bbox 841 2475 905 2507; x_wconf 80' lang='lat' dir='ltr'>ror-</span> 
     </span>
     <span class='ocr_line' id='line_1_43' title="bbox 132 2526 906 2566; baseline 0.006 -10"><span class='ocrx_word' id='word_1_270' title='bbox 132 2532 196 2556; x_wconf 76' lang='lat' dir='ltr'>mae</span> <span class='ocrx_word' id='word_1_271' title='bbox 217 2528 362 2566; x_wconf 70' lang='lat' dir='ltr'>respectu</span> <span class='ocrx_word' id='word_1_272' title='bbox 376 2526 445 2566; x_wconf 72' lang='grc' dir='ltr'>θεὶς</span> <span class='ocrx_word' id='word_1_273' title='bbox 463 2527 552 2558; x_wconf 85' lang='lat' dir='ltr'>nulla</span> <span class='ocrx_word' id='word_1_274' title='bbox 567 2528 675 2559; x_wconf 83' lang='lat' dir='ltr'>tamen</span> <span class='ocrx_word' id='word_1_275' title='bbox 690 2530 738 2560; x_wconf 86' lang='lat' dir='ltr'>est</span> <span class='ocrx_word' id='word_1_276' title='bbox 753 2528 906 2561; x_wconf 81' lang='lat' dir='ltr'>differen-</span> 
     </span>
     <span class='ocr_line' id='line_1_44' title="bbox 131 2578 623 2613; baseline 0.006 -3"><span class='ocrx_word' id='word_1_277' title='bbox 131 2578 177 2610; x_wconf 81' lang='lat' dir='ltr'>tia</span> <span class='ocrx_word' id='word_1_278' title='bbox 191 2578 244 2611; x_wconf 86' lang='lat' dir='ltr'>Dei</span> <span class='ocrx_word' id='word_1_279' title='bbox 256 2578 295 2611; x_wconf 85' lang='lat' dir='ltr'>ad</span> <span class='ocrx_word' id='word_1_280' title='bbox 305 2588 399 2612; x_wconf 77' lang='lat' dir='ltr'>suam</span> <span class='ocrx_word' id='word_1_281' title='bbox 411 2579 623 2613; x_wconf 77' lang='lat' dir='ltr'>divinitatem.</span> 
     </span>
    </p>

    <p class='ocr_par' dir='ltr' id='par_1_9' title="bbox 149 2642 856 2676">
     <span class='ocr_line' id='line_1_45' title="bbox 149 2642 856 2676; baseline 0.007 -11"><span class='ocrx_word' id='word_1_282' title='bbox 149 2648 185 2672; x_wconf 55' lang='grc' dir='ltr'>(ιι)</span> <span class='ocrx_word' id='word_1_283' title='bbox 197 2642 256 2666; x_wconf 76' lang='lat' dir='ltr'>Cat.</span> <span class='ocrx_word' id='word_1_284' title='bbox 270 2642 331 2665; x_wconf 78' lang='lat' dir='ltr'>edu.</span> <span class='ocrx_word' id='word_1_285' title='bbox 346 2644 521 2667; x_wconf 70' lang='grc' dir='ltr'>οηιιιιη..-</span> <span class='ocrx_word' id='word_1_286' title='bbox 535 2643 572 2674; x_wconf 78' lang='grc' dir='ltr'>(ὁ)</span> <span class='ocrx_word' id='word_1_287' title='bbox 586 2643 649 2668; x_wconf 80' lang='lat' dir='ltr'><em>Coee.</em></span> <span class='ocrx_word' id='word_1_288' title='bbox 662 2643 722 2668; x_wconf 68' lang='lat' dir='ltr'>edit.</span> <span class='ocrx_word' id='word_1_289' title='bbox 738 2651 856 2676; x_wconf 68' lang='lat' dir='ltr'>persona.</span> 
     </span>
    </p>
   </div>
   <div class='ocr_carea' id='block_1_7' title="bbox 1314 163 1769 255">
    <p class='ocr_par' dir='ltr' id='par_1_10' title="bbox 1314 163 1769 255">
     <span class='ocr_line' id='line_1_46' title="bbox 1715 163 1769 191; baseline 0.019 -1"><span class='ocrx_word' id='word_1_290' title='bbox 1715 163 1769 191; x_wconf 77' lang='grc'>117</span> 
     </span>
     <span class='ocr_line' id='line_1_47' title="bbox 1314 231 1452 255; baseline 0.007 -1"><span class='ocrx_word' id='word_1_291' title='bbox 1314 231 1386 254; x_wconf 82' lang='lat' dir='ltr'>nun.</span> <span class='ocrx_word' id='word_1_292' title='bbox 1409 233 1452 255; x_wconf 85' lang='grc' dir='ltr'><strong>ιιι.</strong></span> 
     </span>
    </p>
   </div>
   <div class='ocr_carea' id='block_1_8' title="bbox 972 287 1769 1546">
    <p class='ocr_par' dir='ltr' id='par_1_11' title="bbox 985 287 1769 359">
     <span class='ocr_line' id='line_1_48' title="bbox 985 287 1769 325; baseline 0.011 -14"><span class='ocrx_word' id='word_1_293' title='bbox 985 289 1012 312; x_wconf 87' lang='lat' dir='ltr'>tn</span> <span class='ocrx_word' id='word_1_294' title='bbox 1028 287 1211 313; x_wconf 74' lang='lat' dir='ltr'>humanatione</span> <span class='ocrx_word' id='word_1_295' title='bbox 1227 290 1273 314; x_wconf 82' lang='lat' dir='ltr'>Dei</span> <span class='ocrx_word' id='word_1_296' title='bbox 1288 290 1365 315; x_wconf 77' lang='lat' dir='ltr'>verbi</span> <span class='ocrx_word' id='word_1_297' title='bbox 1377 291 1459 315; x_wconf 85' lang='lat' dir='ltr'>nimus</span> <span class='ocrx_word' id='word_1_298' title='bbox 1473 299 1576 317; x_wconf 60' lang='lat' dir='ltr'>omnem</span> <span class='ocrx_word' id='word_1_299' title='bbox 1592 296 1616 317; x_wconf 82' lang='lat' dir='ltr'>ct</span> <span class='ocrx_word' id='word_1_300' title='bbox 1632 295 1769 325; x_wconf 64' lang='lat' dir='ltr'>porrectam</span> 
     </span>
     <span class='ocr_line' id='line_1_49' title="bbox 1015 325 1769 359; baseline 0.011 -11"><span class='ocrx_word' id='word_1_301' title='bbox 1015 326 1132 349; x_wconf 82' lang='lat' dir='ltr'>naturam</span> <span class='ocrx_word' id='word_1_302' title='bbox 1140 325 1240 350; x_wconf 74' lang='lat' dir='ltr'>deitatis</span> <span class='ocrx_word' id='word_1_303' title='bbox 1251 326 1362 351; x_wconf 77' lang='lat' dir='ltr'>inunum</span> <span class='ocrx_word' id='word_1_304' title='bbox 1371 327 1426 358; x_wconf 79' lang='lat' dir='ltr'>ejus</span> <span class='ocrx_word' id='word_1_305' title='bbox 1436 327 1594 359; x_wconf 64' lang='lat' dir='ltr'>hypostasim</span> <span class='ocrx_word' id='word_1_306' title='bbox 1611 330 1644 354; x_wconf 73' lang='lat' dir='ltr'>in·</span> <span class='ocrx_word' id='word_1_307' title='bbox 1654 334 1769 356; x_wconf 69' lang='lat' dir='ltr'>aru-‘uum</span> 
     </span>
    </p>

    <p class='ocr_par' dir='ltr' id='par_1_12' title="bbox 1015 367 1080 385">
     <span class='ocr_line' id='line_1_50' title="bbox 1015 367 1080 385; baseline 0.031 -2"><span class='ocrx_word' id='word_1_308' title='bbox 1015 367 1080 385; x_wconf 64' lang='lat'>(¹551).</span> 
     </span>
    </p>

    <p class='ocr_par' dir='ltr' id='par_1_13' title="bbox 980 435 1768 853">
     <span class='ocr_line' id='line_1_51' title="bbox 1023 435 1768 483; baseline 0.012 -19"><span class='ocrx_word' id='word_1_309' title='bbox 1023 435 1137 466; x_wconf 68' lang='lat' dir='ltr'>Contra</span> <span class='ocrx_word' id='word_1_310' title='bbox 1150 445 1155 465; x_wconf 84' lang='lat' dir='ltr'>z</span> <span class='ocrx_word' id='word_1_311' title='bbox 1166 436 1380 477; x_wconf 61' lang='lat' dir='ltr'>thu-signum,</span> <span class='ocrx_word' id='word_1_312' title='bbox 1391 438 1530 477; x_wconf 82' lang='lat' dir='ltr'>Omnem,</span> <span class='ocrx_word' id='word_1_313' title='bbox 1539 440 1700 472; x_wconf 71' lang='lat' dir='ltr'>distribuit</span> <span class='ocrx_word' id='word_1_314' title='bbox 1712 452 1768 483; x_wconf 84' lang='lat' dir='ltr'>pro</span> 
     </span>
     <span class='ocr_line' id='line_1_52' title="bbox 982 487 1767 533; baseline 0.01 -17"><span class='ocrx_word' id='word_1_315' title='bbox 982 487 1153 526; x_wconf 56' lang='lat' dir='ltr'>suppositis</span> <span class='ocrx_word' id='word_1_316' title='bbox 1170 499 1176 518; x_wconf 75' lang='lat' dir='ltr'>z</span> <span class='ocrx_word' id='word_1_317' title='bbox 1190 497 1272 527; x_wconf 71' lang='lat' dir='ltr'>crgo</span> <span class='ocrx_word' id='word_1_318' title='bbox 1287 489 1311 519; x_wconf 85' lang='lat' dir='ltr'>si</span> <span class='ocrx_word' id='word_1_319' title='bbox 1325 492 1387 520; x_wconf 76' lang='lat' dir='ltr'>tres</span> <span class='ocrx_word' id='word_1_320' title='bbox 1404 500 1547 530; x_wconf 65' lang='lat' dir='ltr'>persona}</span> <span class='ocrx_word' id='word_1_321' title='bbox 1563 494 1637 522; x_wconf 83' lang='lat' dir='ltr'>sunt</span> <span class='ocrx_word' id='word_1_322' title='bbox 1650 492 1767 533; x_wconf 73' lang='lat' dir='ltr'>hypos-</span> 
     </span>
     <span class='ocr_line' id='line_1_53' title="bbox 982 540 1765 584; baseline 0.011 -15"><span class='ocrx_word' id='word_1_323' title='bbox 982 541 1063 569; x_wconf 68' lang='lat' dir='ltr'>nasos</span> <span class='ocrx_word' id='word_1_324' title='bbox 1080 540 1166 572; x_wconf 82' lang='lat' dir='ltr'>illius</span> <span class='ocrx_word' id='word_1_325' title='bbox 1181 544 1314 579; x_wconf 82' lang='lat' dir='ltr'>uaturae,</span> <span class='ocrx_word' id='word_1_326' title='bbox 1332 543 1458 575; x_wconf 85' lang='lat' dir='ltr'>videtur</span> <span class='ocrx_word' id='word_1_327' title='bbox 1474 545 1558 584; x_wconf 73' lang='lat' dir='ltr'>quud</span> <span class='ocrx_word' id='word_1_328' title='bbox 1575 555 1687 577; x_wconf 77' lang='lat' dir='ltr'>omues</span> <span class='ocrx_word' id='word_1_329' title='bbox 1704 547 1765 578; x_wconf 63' lang='lat' dir='ltr'>&gt;int</span> 
     </span>
     <span class='ocr_line' id='line_1_54' title="bbox 982 593 1761 639; baseline 0.01 -16"><span class='ocrx_word' id='word_1_330' title='bbox 982 593 1166 625; x_wconf 75' lang='lat' dir='ltr'>iucaruutae.</span> <span class='ocrx_word' id='word_1_331' title='bbox 1197 594 1228 625; x_wconf 89' lang='lat' dir='ltr'>Si</span> <span class='ocrx_word' id='word_1_332' title='bbox 1248 598 1281 626; x_wconf 92' lang='lat' dir='ltr'>tu</span> <span class='ocrx_word' id='word_1_333' title='bbox 1306 596 1390 626; x_wconf 78' lang='lat' dir='ltr'>diras</span> <span class='ocrx_word' id='word_1_334' title='bbox 1419 598 1502 638; x_wconf 90' lang='lat' dir='ltr'>quod</span> <span class='ocrx_word' id='word_1_335' title='bbox 1529 598 1586 629; x_wconf 75' lang='lat' dir='ltr'>tw·-</span> <span class='ocrx_word' id='word_1_336' title='bbox 1616 600 1761 639; x_wconf 76' lang='lat' dir='ltr'>siguum,</span> 
     </span>
     <span class='ocr_line' id='line_1_55' title="bbox 984 646 1760 690; baseline 0.009 -12"><span class='ocrx_word' id='word_1_337' title='bbox 984 646 1124 684; x_wconf 78' lang='lat' dir='ltr'>Omnem,</span> <span class='ocrx_word' id='word_1_338' title='bbox 1141 657 1204 679; x_wconf 88' lang='lat' dir='ltr'>uon</span> <span class='ocrx_word' id='word_1_339' title='bbox 1223 650 1350 680; x_wconf 76' lang='lat' dir='ltr'>tenetur</span> <span class='ocrx_word' id='word_1_340' title='bbox 1364 653 1760 690; x_wconf 68' lang='lat' dir='ltr'>syucatvgorematice,vvl</span> 
     </span>
     <span class='ocr_line' id='line_1_56' title="bbox 982 701 1764 744; baseline 0.01 -13"><span class='ocrx_word' id='word_1_341' title='bbox 982 703 1017 732; x_wconf 90' lang='lat' dir='ltr'>ut</span> <span class='ocrx_word' id='word_1_342' title='bbox 1031 701 1175 741; x_wconf 80' lang='lat' dir='ltr'>signum,</span> <span class='ocrx_word' id='word_1_343' title='bbox 1192 703 1245 733; x_wconf 86' lang='lat' dir='ltr'>sed</span> <span class='ocrx_word' id='word_1_344' title='bbox 1263 703 1367 743; x_wconf 85' lang='lat' dir='ltr'>potius</span> <span class='ocrx_word' id='word_1_345' title='bbox 1382 707 1416 734; x_wconf 92' lang='lat' dir='ltr'>ut</span> <span class='ocrx_word' id='word_1_346' title='bbox 1431 704 1637 744; x_wconf 75' lang='lat' dir='ltr'>mIJcctivum,</span> <span class='ocrx_word' id='word_1_347' title='bbox 1651 709 1678 737; x_wconf 87' lang='lat' dir='ltr'>et</span> <span class='ocrx_word' id='word_1_348' title='bbox 1697 709 1764 739; x_wconf 87' lang='lat' dir='ltr'>tau-</span> 
     </span>
     <span class='ocr_line' id='line_1_57' title="bbox 982 755 1762 799; baseline 0.013 -15"><span class='ocrx_word' id='word_1_349' title='bbox 982 756 1049 785; x_wconf 84' lang='lat' dir='ltr'>tum</span> <span class='ocrx_word' id='word_1_350' title='bbox 1069 755 1151 786; x_wconf 77' lang='lat' dir='ltr'>valet</span> <span class='ocrx_word' id='word_1_351' title='bbox 1172 755 1301 788; x_wconf 83' lang='lat' dir='ltr'>Omnem</span> <span class='ocrx_word' id='word_1_352' title='bbox 1316 781 1323 794; x_wconf 86' lang='grc'><strong>,</strong></span> <span class='ocrx_word' id='word_1_353' title='bbox 1343 760 1500 797; x_wconf 82' lang='lat' dir='ltr'>quantum</span> <span class='ocrx_word' id='word_1_354' title='bbox 1524 762 1553 789; x_wconf 71' lang='lat' dir='ltr'>et</span> <span class='ocrx_word' id='word_1_355' title='bbox 1572 761 1762 799; x_wconf 72' lang='lat' dir='ltr'>perfectam.</span> 
     </span>
     <span class='ocr_line' id='line_1_58' title="bbox 980 807 1760 853; baseline 0.009 -16"><span class='ocrx_word' id='word_1_356' title='bbox 980 807 1106 839; x_wconf 79' lang='lat' dir='ltr'>videtur</span> <span class='ocrx_word' id='word_1_357' title='bbox 1131 818 1198 839; x_wconf 72' lang='lat' dir='ltr'>csse</span> <span class='ocrx_word' id='word_1_358' title='bbox 1222 810 1366 849; x_wconf 80' lang='lat' dir='ltr'>uugatio,</span> <span class='ocrx_word' id='word_1_359' title='bbox 1389 819 1511 842; x_wconf 83' lang='lat' dir='ltr'>omnem</span> <span class='ocrx_word' id='word_1_360' title='bbox 1531 816 1559 843; x_wconf 83' lang='lat' dir='ltr'>cl</span> <span class='ocrx_word' id='word_1_361' title='bbox 1573 813 1760 853; x_wconf 71' lang='lat' dir='ltr'>perfectam.</span> 
     </span>
    </p>

    <p class='ocr_par' dir='ltr' id='par_1_14' title="bbox 972 861 1762 1546">
     <span class='ocr_line' id='line_1_59' title="bbox 1021 861 1760 903; baseline 0.011 -12"><span class='ocrx_word' id='word_1_362' title='bbox 1021 861 1112 901; x_wconf 81' lang='lat' dir='ltr'>Resp.</span> <span class='ocrx_word' id='word_1_363' title='bbox 1129 861 1300 894; x_wconf 67' lang='lat' dir='ltr'>{licendum</span> <span class='ocrx_word' id='word_1_364' title='bbox 1316 864 1400 903; x_wconf 87' lang='lat' dir='ltr'>quod</span> <span class='ocrx_word' id='word_1_365' title='bbox 1417 872 1541 897; x_wconf 80' lang='lat' dir='ltr'>omnem</span> <span class='ocrx_word' id='word_1_366' title='bbox 1552 875 1615 897; x_wconf 89' lang='lat' dir='ltr'>nou</span> <span class='ocrx_word' id='word_1_367' title='bbox 1632 869 1760 899; x_wconf 81' lang='lat' dir='ltr'>tenetur</span> 
     </span>
     <span class='ocr_line' id='line_1_60' title="bbox 979 914 1760 957; baseline 0.012 -14"><span class='ocrx_word' id='word_1_368' title='bbox 979 914 1021 945; x_wconf 84' lang='lat' dir='ltr'>ibi</span> <span class='ocrx_word' id='word_1_369' title='bbox 1037 915 1251 955; x_wconf 77' lang='lat' dir='ltr'>distributive,</span> <span class='ocrx_word' id='word_1_370' title='bbox 1263 916 1344 948; x_wconf 85' lang='lat' dir='ltr'>sicut</span> <span class='ocrx_word' id='word_1_371' title='bbox 1359 917 1548 957; x_wconf 83' lang='lat' dir='ltr'>dictumest,</span> <span class='ocrx_word' id='word_1_372' title='bbox 1565 920 1617 950; x_wconf 81' lang='lat' dir='ltr'>sed</span> <span class='ocrx_word' id='word_1_373' title='bbox 1636 923 1760 952; x_wconf 85' lang='lat' dir='ltr'>tantum</span> 
     </span>
     <span class='ocr_line' id='line_1_61' title="bbox 980 968 1758 1014; baseline 0.014 -16"><span class='ocrx_word' id='word_1_374' title='bbox 980 968 1062 999; x_wconf 72' lang='lat' dir='ltr'>valet</span> <span class='ocrx_word' id='word_1_375' title='bbox 1091 969 1194 1000; x_wconf 85' lang='lat' dir='ltr'>dicere</span> <span class='ocrx_word' id='word_1_376' title='bbox 1217 978 1341 1003; x_wconf 80' lang='lat' dir='ltr'>omnem</span> <span class='ocrx_word' id='word_1_377' title='bbox 1367 976 1519 1005; x_wconf 67' lang='lat' dir='ltr'>namnam</span> <span class='ocrx_word' id='word_1_378' title='bbox 1547 974 1740 1008; x_wconf 77' lang='lat' dir='ltr'>dirae’nitatis</span> <span class='ocrx_word' id='word_1_379' title='bbox 1751 1001 1758 1014; x_wconf 85' lang='lat'>,</span> 
     </span>
     <span class='ocr_line' id='line_1_62' title="bbox 977 1025 1758 1068; baseline 0.008 -15"><span class='ocrx_word' id='word_1_380' title='bbox 977 1025 1134 1063; x_wconf 79' lang='lat' dir='ltr'>quantum</span> <span class='ocrx_word' id='word_1_381' title='bbox 1162 1025 1349 1064; x_wconf 73' lang='lat' dir='ltr'>perfectam.</span> <span class='ocrx_word' id='word_1_382' title='bbox 1379 1025 1442 1057; x_wconf 83' lang='lat' dir='ltr'>Nec</span> <span class='ocrx_word' id='word_1_383' title='bbox 1466 1030 1513 1057; x_wconf 84' lang='lat' dir='ltr'>est</span> <span class='ocrx_word' id='word_1_384' title='bbox 1539 1027 1580 1058; x_wconf 83' lang='lat' dir='ltr'>ibi</span> <span class='ocrx_word' id='word_1_385' title='bbox 1610 1030 1758 1068; x_wconf 67' lang='lat' dir='ltr'>nugario,</span> 
     </span>
     <span class='ocr_line' id='line_1_63' title="bbox 976 1077 1759 1120; baseline 0.01 -14"><span class='ocrx_word' id='word_1_386' title='bbox 976 1077 1053 1117; x_wconf 78' lang='lat' dir='ltr'>quia</span> <span class='ocrx_word' id='word_1_387' title='bbox 1068 1080 1096 1108; x_wconf 77' lang='lat' dir='ltr'>et</span> <span class='ocrx_word' id='word_1_388' title='bbox 1122 1087 1187 1108; x_wconf 92' lang='lat' dir='ltr'>nou</span> <span class='ocrx_word' id='word_1_389' title='bbox 1205 1080 1334 1109; x_wconf 81' lang='lat' dir='ltr'>tem-tur</span> <span class='ocrx_word' id='word_1_390' title='bbox 1349 1079 1391 1110; x_wconf 92' lang='lat' dir='ltr'>ibi</span> <span class='ocrx_word' id='word_1_391' title='bbox 1415 1080 1610 1120; x_wconf 78' lang='lat' dir='ltr'>copulative,</span> <span class='ocrx_word' id='word_1_392' title='bbox 1627 1082 1680 1112; x_wconf 63' lang='lat' dir='ltr'>sod</span> <span class='ocrx_word' id='word_1_393' title='bbox 1702 1092 1759 1114; x_wconf 78' lang='lat' dir='ltr'>cx-</span> 
     </span>
     <span class='ocr_line' id='line_1_64' title="bbox 975 1128 1762 1174; baseline 0.009 -17"><span class='ocrx_word' id='word_1_394' title='bbox 975 1128 1122 1168; x_wconf 82' lang='lat' dir='ltr'>positive,</span> <span class='ocrx_word' id='word_1_395' title='bbox 1139 1131 1169 1159; x_wconf 89' lang='lat' dir='ltr'>et</span> <span class='ocrx_word' id='word_1_396' title='bbox 1188 1129 1343 1170; x_wconf 81' lang='lat' dir='ltr'>accipitur</span> <span class='ocrx_word' id='word_1_397' title='bbox 1358 1134 1387 1162; x_wconf 77' lang='lat' dir='ltr'>ct</span> <span class='ocrx_word' id='word_1_398' title='bbox 1403 1140 1460 1171; x_wconf 86' lang='lat' dir='ltr'>pro</span> <span class='ocrx_word' id='word_1_399' title='bbox 1471 1131 1508 1163; x_wconf 77' lang='lat' dir='ltr'>id</span> <span class='ocrx_word' id='word_1_400' title='bbox 1522 1136 1578 1164; x_wconf 84' lang='lat' dir='ltr'>cst.</span> <span class='ocrx_word' id='word_1_401' title='bbox 1591 1133 1690 1164; x_wconf 74' lang='lat' dir='ltr'>Aliter</span> <span class='ocrx_word' id='word_1_402' title='bbox 1705 1144 1762 1174; x_wconf 73' lang='lat' dir='ltr'>po-</span> 
     </span>
     <span class='ocr_line' id='line_1_65' title="bbox 976 1181 1762 1224; baseline 0.008 -12"><span class='ocrx_word' id='word_1_403' title='bbox 976 1182 1036 1212; x_wconf 78' lang='lat' dir='ltr'>test</span> <span class='ocrx_word' id='word_1_404' title='bbox 1050 1181 1204 1222; x_wconf 85' lang='lat' dir='ltr'>diciquod</span> <span class='ocrx_word' id='word_1_405' title='bbox 1220 1190 1342 1215; x_wconf 81' lang='lat' dir='ltr'>onmem</span> <span class='ocrx_word' id='word_1_406' title='bbox 1357 1184 1474 1224; x_wconf 86' lang='lat' dir='ltr'>privat,</span> <span class='ocrx_word' id='word_1_407' title='bbox 1493 1185 1540 1216; x_wconf 61' lang='lat' dir='ltr'>vol</span> <span class='ocrx_word' id='word_1_408' title='bbox 1556 1189 1699 1218; x_wconf 72' lang='lat' dir='ltr'>removet</span> <span class='ocrx_word' id='word_1_409' title='bbox 1713 1188 1762 1218; x_wconf 90' lang='lat' dir='ltr'>di-</span> 
     </span>
     <span class='ocr_line' id='line_1_66' title="bbox 975 1235 1761 1282; baseline 0.005 -16"><span class='ocrx_word' id='word_1_410' title='bbox 975 1235 1130 1267; x_wconf 80' lang='lat' dir='ltr'>visionem</span> <span class='ocrx_word' id='word_1_411' title='bbox 1151 1237 1249 1277; x_wconf 86' lang='lat' dir='ltr'>partis</span> <span class='ocrx_word' id='word_1_412' title='bbox 1269 1247 1288 1268; x_wconf 87' lang='lat' dir='ltr'>a</span> <span class='ocrx_word' id='word_1_413' title='bbox 1311 1240 1414 1278; x_wconf 84' lang='lat' dir='ltr'>parte,</span> <span class='ocrx_word' id='word_1_414' title='bbox 1434 1241 1463 1270; x_wconf 85' lang='lat' dir='ltr'>et</span> <span class='ocrx_word' id='word_1_415' title='bbox 1480 1240 1655 1279; x_wconf 71' lang='lat' dir='ltr'>perfectam</span> <span class='ocrx_word' id='word_1_416' title='bbox 1673 1242 1761 1282; x_wconf 88' lang='lat' dir='ltr'>ponit</span> 
     </span>
     <span class='ocr_line' id='line_1_67' title="bbox 973 1281 1760 1332; baseline 0.009 -12"><span class='ocrx_word' id='word_1_417' title='bbox 973 1281 1231 1330; x_wconf 61' lang='lat' dir='ltr'>completionem,</span> <span class='ocrx_word' id='word_1_418' title='bbox 1249 1291 1292 1322; x_wconf 89' lang='lat' dir='ltr'>ita</span> <span class='ocrx_word' id='word_1_419' title='bbox 1306 1292 1390 1332; x_wconf 89' lang='lat' dir='ltr'>quod</span> <span class='ocrx_word' id='word_1_420' title='bbox 1403 1293 1443 1323; x_wconf 82' lang='lat' dir='ltr'>sit</span> <span class='ocrx_word' id='word_1_421' title='bbox 1460 1302 1573 1324; x_wconf 66' lang='lat' dir='ltr'>sensus</span> <span class='ocrx_word' id='word_1_422' title='bbox 1587 1304 1593 1324; x_wconf 93' lang='lat'>:</span> <span class='ocrx_word' id='word_1_423' title='bbox 1616 1306 1630 1322; x_wconf 74' lang='grc' dir='ltr'>(ι</span> <span class='ocrx_word' id='word_1_424' title='bbox 1646 1294 1760 1327; x_wconf 84' lang='lat' dir='ltr'>Divina</span> 
     </span>
     <span class='ocr_line' id='line_1_68' title="bbox 973 1345 1758 1387; baseline 0.008 -13"><span class='ocrx_word' id='word_1_425' title='bbox 973 1346 1088 1375; x_wconf 83' lang='lat' dir='ltr'>natura</span> <span class='ocrx_word' id='word_1_426' title='bbox 1104 1346 1151 1375; x_wconf 89' lang='lat' dir='ltr'>est</span> <span class='ocrx_word' id='word_1_427' title='bbox 1175 1345 1339 1376; x_wconf 85' lang='lat' dir='ltr'>incarnata</span> <span class='ocrx_word' id='word_1_428' title='bbox 1356 1345 1388 1376; x_wconf 91' lang='lat' dir='ltr'>in</span> <span class='ocrx_word' id='word_1_429' title='bbox 1405 1355 1464 1377; x_wconf 83' lang='lat' dir='ltr'>sua</span> <span class='ocrx_word' id='word_1_430' title='bbox 1487 1348 1696 1387; x_wconf 82' lang='lat' dir='ltr'>perfectione,</span> <span class='ocrx_word' id='word_1_431' title='bbox 1714 1350 1758 1381; x_wconf 89' lang='lat' dir='ltr'>ita</span> 
     </span>
     <span class='ocr_line' id='line_1_69' title="bbox 973 1397 1759 1441; baseline 0.008 -13"><span class='ocrx_word' id='word_1_432' title='bbox 973 1397 1056 1438; x_wconf 91' lang='lat' dir='ltr'>quod</span> <span class='ocrx_word' id='word_1_433' title='bbox 1072 1407 1135 1429; x_wconf 89' lang='lat' dir='ltr'>nou</span> <span class='ocrx_word' id='word_1_434' title='bbox 1152 1398 1331 1430; x_wconf 82' lang='lat' dir='ltr'>secundum</span> <span class='ocrx_word' id='word_1_435' title='bbox 1349 1402 1471 1440; x_wconf 82' lang='lat' dir='ltr'>partem</span> <span class='ocrx_word' id='word_1_436' title='bbox 1487 1402 1515 1431; x_wconf 87' lang='lat' dir='ltr'>et</span> <span class='ocrx_word' id='word_1_437' title='bbox 1535 1403 1668 1441; x_wconf 84' lang='lat' dir='ltr'>partem.</span> <span class='ocrx_word' id='word_1_438' title='bbox 1687 1413 1701 1430; x_wconf 81' lang='lat' dir='ltr'>n</span> <span class='ocrx_word' id='word_1_439' title='bbox 1722 1403 1759 1434; x_wconf 83' lang='lat' dir='ltr'>Et</span> 
     </span>
     <span class='ocr_line' id='line_1_70' title="bbox 972 1451 1753 1495; baseline 0.008 -14"><span class='ocrx_word' id='word_1_440' title='bbox 972 1451 1056 1492; x_wconf 89' lang='lat' dir='ltr'>quod</span> <span class='ocrx_word' id='word_1_441' title='bbox 1075 1451 1126 1482; x_wconf 88' lang='lat' dir='ltr'>hic</span> <span class='ocrx_word' id='word_1_442' title='bbox 1141 1452 1320 1483; x_wconf 84' lang='lat' dir='ltr'>intellectus</span> <span class='ocrx_word' id='word_1_443' title='bbox 1333 1453 1374 1483; x_wconf 84' lang='lat' dir='ltr'>sit</span> <span class='ocrx_word' id='word_1_444' title='bbox 1391 1462 1498 1492; x_wconf 83' lang='lat' dir='ltr'>verus,</span> <span class='ocrx_word' id='word_1_445' title='bbox 1517 1457 1620 1495; x_wconf 87' lang='lat' dir='ltr'>potest</span> <span class='ocrx_word' id='word_1_446' title='bbox 1640 1455 1753 1487; x_wconf 84' lang='lat' dir='ltr'>haberi</span> 
     </span>
     <span class='ocr_line' id='line_1_71' title="bbox 973 1504 1395 1546; baseline 0.005 -11"><span class='ocrx_word' id='word_1_447' title='bbox 973 1513 1030 1544; x_wconf 85' lang='lat' dir='ltr'>per</span> <span class='ocrx_word' id='word_1_448' title='bbox 1044 1504 1182 1536; x_wconf 86' lang='lat' dir='ltr'>litteram</span> <span class='ocrx_word' id='word_1_449' title='bbox 1197 1508 1395 1546; x_wconf 83' lang='lat' dir='ltr'>sequentem.</span> 
     </span>
    </p>
   </div>
   <div class='ocr_carea' id='block_1_9' title="bbox 1293 1609 1427 1632">
    <p class='ocr_par' dir='ltr' id='par_1_15' title="bbox 1293 1609 1427 1632">
     <span class='ocr_line' id='line_1_72' title="bbox 1293 1609 1427 1632; baseline 0.007 -1"><span class='ocrx_word' id='word_1_450' title='bbox 1293 1609 1361 1632; x_wconf 79' lang='lat' dir='ltr'>DUB.</span> <span class='ocrx_word' id='word_1_451' title='bbox 1382 1609 1427 1632; x_wconf 89' lang='lat' dir='ltr'>lv.</span> 
     </span>
    </p>
   </div>
   <div class='ocr_carea' id='block_1_10' title="bbox 961 1672 1753 2680">
    <p class='ocr_par' dir='ltr' id='par_1_16' title="bbox 971 1672 1753 1740">
     <span class='ocr_line' id='line_1_73' title="bbox 971 1672 1753 1708; baseline 0.008 -11"><span class='ocrx_word' id='word_1_452' title='bbox 971 1673 1028 1698; x_wconf 86' lang='lat' dir='ltr'>Non</span> <span class='ocrx_word' id='word_1_453' title='bbox 1047 1672 1082 1697; x_wconf 78' lang='lat' dir='ltr'>sic</span> <span class='ocrx_word' id='word_1_454' title='bbox 1101 1672 1194 1697; x_wconf 85' lang='lat' dir='ltr'>dicitur</span> <span class='ocrx_word' id='word_1_455' title='bbox 1217 1673 1304 1697; x_wconf 81' lang='lat' dir='ltr'>divina</span> <span class='ocrx_word' id='word_1_456' title='bbox 1325 1675 1416 1698; x_wconf 83' lang='lat' dir='ltr'>natura</span> <span class='ocrx_word' id='word_1_457' title='bbox 1438 1681 1493 1699; x_wconf 73' lang='lat' dir='ltr'>esse</span> <span class='ocrx_word' id='word_1_458' title='bbox 1515 1675 1608 1708; x_wconf 83' lang='lat' dir='ltr'>homo,</span> <span class='ocrx_word' id='word_1_459' title='bbox 1627 1677 1667 1702; x_wconf 72' lang='lat' dir='ltr'>vel</span> <span class='ocrx_word' id='word_1_460' title='bbox 1689 1678 1753 1704; x_wconf 77' lang='lat' dir='ltr'>sacta</span> 
     </span>
     <span class='ocr_line' id='line_1_74' title="bbox 1196 1708 1527 1740; baseline 0.009 -7"><span class='ocrx_word' id='word_1_461' title='bbox 1196 1708 1285 1740; x_wconf 86' lang='lat' dir='ltr'>homo,</span> <span class='ocrx_word' id='word_1_462' title='bbox 1300 1709 1365 1734; x_wconf 78' lang='lat' dir='ltr'>sicut</span> <span class='ocrx_word' id='word_1_463' title='bbox 1380 1710 1426 1735; x_wconf 85' lang='lat' dir='ltr'>Dei</span> <span class='ocrx_word' id='word_1_464' title='bbox 1440 1711 1527 1736; x_wconf 80' lang='lat' dir='ltr'>Filius.</span> 
     </span>
    </p>

    <p class='ocr_par' dir='ltr' id='par_1_17' title="bbox 967 1779 1752 2029">
     <span class='ocr_line' id='line_1_75' title="bbox 1010 1779 1752 1825; baseline 0.005 -13"><span class='ocrx_word' id='word_1_465' title='bbox 1010 1779 1125 1812; x_wconf 87' lang='lat' dir='ltr'>Contra</span> <span class='ocrx_word' id='word_1_466' title='bbox 1151 1789 1157 1809; x_wconf 94' lang='lat'><strong>:</strong></span> <span class='ocrx_word' id='word_1_467' title='bbox 1184 1779 1249 1811; x_wconf 87' lang='lat' dir='ltr'>Hoc</span> <span class='ocrx_word' id='word_1_468' title='bbox 1274 1780 1402 1812; x_wconf 90' lang='lat' dir='ltr'>videtur</span> <span class='ocrx_word' id='word_1_469' title='bbox 1425 1791 1492 1814; x_wconf 83' lang='lat' dir='ltr'>esse</span> <span class='ocrx_word' id='word_1_470' title='bbox 1517 1782 1650 1823; x_wconf 76' lang='lat' dir='ltr'>salsum,</span> <span class='ocrx_word' id='word_1_471' title='bbox 1676 1785 1752 1825; x_wconf 88' lang='lat' dir='ltr'>quia</span> 
     </span>
     <span class='ocr_line' id='line_1_76' title="bbox 969 1834 1749 1879; baseline 0.008 -15"><span class='ocrx_word' id='word_1_472' title='bbox 969 1834 1066 1865; x_wconf 86' lang='lat' dir='ltr'>homo</span> <span class='ocrx_word' id='word_1_473' title='bbox 1080 1834 1272 1875; x_wconf 83' lang='lat' dir='ltr'>praedicatur</span> <span class='ocrx_word' id='word_1_474' title='bbox 1287 1834 1324 1866; x_wconf 83' lang='lat' dir='ltr'>de</span> <span class='ocrx_word' id='word_1_475' title='bbox 1340 1835 1428 1866; x_wconf 86' lang='lat' dir='ltr'>omni</span> <span class='ocrx_word' id='word_1_476' title='bbox 1443 1845 1492 1873; x_wconf 90' lang='lat' dir='ltr'>eo,</span> <span class='ocrx_word' id='word_1_477' title='bbox 1507 1836 1618 1878; x_wconf 86' lang='lat' dir='ltr'>dequo</span> <span class='ocrx_word' id='word_1_478' title='bbox 1630 1839 1749 1879; x_wconf 85' lang='lat' dir='ltr'>praedi-</span> 
     </span>
     <span class='ocr_line' id='line_1_77' title="bbox 968 1887 1751 1928; baseline 0.008 -9"><span class='ocrx_word' id='word_1_479' title='bbox 968 1889 1059 1919; x_wconf 86' lang='lat' dir='ltr'>catur</span> <span class='ocrx_word' id='word_1_480' title='bbox 1082 1887 1182 1919; x_wconf 90' lang='lat' dir='ltr'>Filius</span> <span class='ocrx_word' id='word_1_481' title='bbox 1200 1888 1263 1928; x_wconf 88' lang='lat' dir='ltr'>Dei,</span> <span class='ocrx_word' id='word_1_482' title='bbox 1281 1891 1312 1920; x_wconf 92' lang='lat' dir='ltr'>et</span> <span class='ocrx_word' id='word_1_483' title='bbox 1327 1889 1397 1921; x_wconf 82' lang='lat' dir='ltr'>haec</span> <span class='ocrx_word' id='word_1_484' title='bbox 1417 1892 1464 1921; x_wconf 78' lang='lat' dir='ltr'>est</span> <span class='ocrx_word' id='word_1_485' title='bbox 1479 1899 1555 1922; x_wconf 88' lang='lat' dir='ltr'>vera</span> <span class='ocrx_word' id='word_1_486' title='bbox 1573 1900 1579 1920; x_wconf 91' lang='lat'>:</span> <span class='ocrx_word' id='word_1_487' title='bbox 1601 1903 1616 1921; x_wconf 78' lang='grc' dir='ltr'>α</span> <span class='ocrx_word' id='word_1_488' title='bbox 1639 1892 1751 1924; x_wconf 82' lang='lat' dir='ltr'>Divina</span> 
     </span>
     <span class='ocr_line' id='line_1_78' title="bbox 967 1941 1747 1985; baseline 0.008 -13"><span class='ocrx_word' id='word_1_489' title='bbox 967 1944 1083 1973; x_wconf 89' lang='lat' dir='ltr'>natura</span> <span class='ocrx_word' id='word_1_490' title='bbox 1095 1944 1141 1974; x_wconf 80' lang='lat' dir='ltr'>est</span> <span class='ocrx_word' id='word_1_491' title='bbox 1158 1941 1257 1974; x_wconf 90' lang='lat' dir='ltr'>Filius</span> <span class='ocrx_word' id='word_1_492' title='bbox 1272 1943 1323 1974; x_wconf 87' lang='lat' dir='ltr'>Dei</span> <span class='ocrx_word' id='word_1_493' title='bbox 1341 1953 1348 1974; x_wconf 92' lang='grc'>;</span> <span class='ocrx_word' id='word_1_494' title='bbox 1365 1955 1381 1972; x_wconf 76' lang='lat' dir='ltr'>n</span> <span class='ocrx_word' id='word_1_495' title='bbox 1399 1953 1479 1985; x_wconf 82' lang='lat' dir='ltr'>ergo</span> <span class='ocrx_word' id='word_1_496' title='bbox 1495 1944 1566 1976; x_wconf 83' lang='lat' dir='ltr'>haee</span> <span class='ocrx_word' id='word_1_497' title='bbox 1584 1947 1631 1976; x_wconf 87' lang='lat' dir='ltr'>est</span> <span class='ocrx_word' id='word_1_498' title='bbox 1647 1955 1723 1978; x_wconf 88' lang='lat' dir='ltr'>vera</span> <span class='ocrx_word' id='word_1_499' title='bbox 1740 1957 1747 1978; x_wconf 95' lang='lat'>:</span> 
     </span>
     <span class='ocr_line' id='line_1_79' title="bbox 971 1995 1462 2029; baseline 0.008 -4"><span class='ocrx_word' id='word_1_500' title='bbox 971 2007 986 2025; x_wconf 77' lang='grc' dir='ltr'><strong>α</strong></span> <span class='ocrx_word' id='word_1_501' title='bbox 1006 1995 1118 2027; x_wconf 88' lang='lat' dir='ltr'>Divina</span> <span class='ocrx_word' id='word_1_502' title='bbox 1131 1998 1247 2028; x_wconf 85' lang='lat' dir='ltr'>natura</span> <span class='ocrx_word' id='word_1_503' title='bbox 1262 1999 1307 2028; x_wconf 85' lang='lat' dir='ltr'>est</span> <span class='ocrx_word' id='word_1_504' title='bbox 1322 1997 1430 2029; x_wconf 92' lang='lat' dir='ltr'>homo.</span> <span class='ocrx_word' id='word_1_505' title='bbox 1447 2008 1462 2026; x_wconf 71' lang='grc' dir='ltr'><strong><em>ν</em></strong></span> 
     </span>
    </p>

    <p class='ocr_par' dir='ltr' id='par_1_18' title="bbox 961 2049 1748 2680">
     <span class='ocr_line' id='line_1_80' title="bbox 1007 2049 1748 2093; baseline 0.008 -12"><span class='ocrx_word' id='word_1_506' title='bbox 1007 2049 1100 2091; x_wconf 86' lang='lat' dir='ltr'>Resp.</span> <span class='ocrx_word' id='word_1_507' title='bbox 1120 2050 1295 2082; x_wconf 88' lang='lat' dir='ltr'>Dicendum</span> <span class='ocrx_word' id='word_1_508' title='bbox 1312 2051 1398 2092; x_wconf 88' lang='lat' dir='ltr'>quod</span> <span class='ocrx_word' id='word_1_509' title='bbox 1417 2054 1464 2083; x_wconf 91' lang='lat' dir='ltr'>est</span> <span class='ocrx_word' id='word_1_510' title='bbox 1488 2053 1672 2093; x_wconf 64' lang='lat' dir='ltr'>praedicatio</span> <span class='ocrx_word' id='word_1_511' title='bbox 1696 2064 1748 2087; x_wconf 81' lang='lat' dir='ltr'>se-</span> 
     </span>
     <span class='ocr_line' id='line_1_81' title="bbox 965 2103 1744 2146; baseline 0.008 -12"><span class='ocrx_word' id='word_1_512' title='bbox 965 2103 1110 2135; x_wconf 84' lang='lat' dir='ltr'>cundum</span> <span class='ocrx_word' id='word_1_513' title='bbox 1122 2104 1331 2143; x_wconf 86' lang='lat' dir='ltr'>identitatem,</span> <span class='ocrx_word' id='word_1_514' title='bbox 1340 2107 1370 2136; x_wconf 89' lang='lat' dir='ltr'>et</span> <span class='ocrx_word' id='word_1_515' title='bbox 1378 2114 1435 2146; x_wconf 83' lang='lat' dir='ltr'>per</span> <span class='ocrx_word' id='word_1_516' title='bbox 1441 2105 1744 2141; x_wconf 83' lang='lat' dir='ltr'>denominationem.</span> 
     </span>
     <span class='ocr_line' id='line_1_82' title="bbox 966 2156 1748 2202; baseline 0.006 -14"><span class='ocrx_word' id='word_1_517' title='bbox 966 2156 1002 2188; x_wconf 90' lang='lat' dir='ltr'>Et</span> <span class='ocrx_word' id='word_1_518' title='bbox 1011 2157 1193 2198; x_wconf 82' lang='lat' dir='ltr'>praedicatio</span> <span class='ocrx_word' id='word_1_519' title='bbox 1203 2167 1260 2198; x_wconf 88' lang='lat' dir='ltr'>per</span> <span class='ocrx_word' id='word_1_520' title='bbox 1268 2158 1572 2198; x_wconf 86' lang='lat' dir='ltr'>denominationem,</span> <span class='ocrx_word' id='word_1_521' title='bbox 1583 2160 1636 2192; x_wconf 84' lang='lat' dir='ltr'>illa</span> <span class='ocrx_word' id='word_1_522' title='bbox 1645 2163 1748 2202; x_wconf 81' lang='lat' dir='ltr'>magis</span> 
     </span>
     <span class='ocr_line' id='line_1_83' title="bbox 964 2212 1747 2255; baseline 0.006 -13"><span class='ocrx_word' id='word_1_523' title='bbox 964 2213 1071 2243; x_wconf 80' lang='lat' dir='ltr'>servat</span> <span class='ocrx_word' id='word_1_524' title='bbox 1085 2212 1310 2253; x_wconf 88' lang='lat' dir='ltr'>proprietatem</span> <span class='ocrx_word' id='word_1_525' title='bbox 1324 2213 1568 2253; x_wconf 67' lang='lat' dir='ltr'>praedicationis,</span> <span class='ocrx_word' id='word_1_526' title='bbox 1579 2224 1677 2255; x_wconf 88' lang='lat' dir='ltr'>quam</span> <span class='ocrx_word' id='word_1_527' title='bbox 1693 2216 1747 2247; x_wconf 88' lang='lat' dir='ltr'>illa</span> 
     </span>
     <span class='ocr_line' id='line_1_84' title="bbox 964 2268 1746 2309; baseline 0.005 -10"><span class='ocrx_word' id='word_1_528' title='bbox 964 2277 1038 2308; x_wconf 82' lang='lat' dir='ltr'>quae</span> <span class='ocrx_word' id='word_1_529' title='bbox 1053 2271 1100 2300; x_wconf 89' lang='lat' dir='ltr'>est</span> <span class='ocrx_word' id='word_1_530' title='bbox 1114 2277 1170 2309; x_wconf 90' lang='lat' dir='ltr'>per</span> <span class='ocrx_word' id='word_1_531' title='bbox 1184 2268 1380 2301; x_wconf 79' lang='lat' dir='ltr'>identitatem</span> <span class='ocrx_word' id='word_1_532' title='bbox 1399 2280 1405 2300; x_wconf 91' lang='lat'><strong>:</strong></span> <span class='ocrx_word' id='word_1_533' title='bbox 1423 2270 1508 2302; x_wconf 90' lang='lat' dir='ltr'>unde</span> <span class='ocrx_word' id='word_1_534' title='bbox 1529 2270 1597 2302; x_wconf 85' lang='lat' dir='ltr'>haec</span> <span class='ocrx_word' id='word_1_535' title='bbox 1615 2274 1661 2303; x_wconf 81' lang='lat' dir='ltr'>est</span> <span class='ocrx_word' id='word_1_536' title='bbox 1676 2281 1746 2303; x_wconf 82' lang='lat' dir='ltr'>ma-</span> 
     </span>
     <span class='ocr_line' id='line_1_85' title="bbox 963 2321 1741 2365; baseline 0.006 -13"><span class='ocrx_word' id='word_1_537' title='bbox 963 2321 1015 2361; x_wconf 85' lang='lat' dir='ltr'>gis</span> <span class='ocrx_word' id='word_1_538' title='bbox 1026 2322 1154 2362; x_wconf 90' lang='lat' dir='ltr'>propria</span> <span class='ocrx_word' id='word_1_539' title='bbox 1172 2333 1178 2353; x_wconf 93' lang='lat'>:</span> <span class='ocrx_word' id='word_1_540' title='bbox 1197 2333 1212 2352; x_wconf 71' lang='lat' dir='ltr'>a</span> <span class='ocrx_word' id='word_1_541' title='bbox 1226 2321 1325 2354; x_wconf 87' lang='lat' dir='ltr'>Filius</span> <span class='ocrx_word' id='word_1_542' title='bbox 1341 2323 1393 2355; x_wconf 87' lang='lat' dir='ltr'>Dei</span> <span class='ocrx_word' id='word_1_543' title='bbox 1407 2326 1595 2364; x_wconf 82' lang='lat' dir='ltr'>generatur,</span> <span class='ocrx_word' id='word_1_544' title='bbox 1609 2336 1623 2353; x_wconf 77' lang='lat' dir='ltr'>n</span> <span class='ocrx_word' id='word_1_545' title='bbox 1642 2334 1741 2365; x_wconf 82' lang='lat' dir='ltr'>quam</span> 
     </span>
     <span class='ocr_line' id='line_1_86' title="bbox 964 2374 1744 2416; baseline 0.006 -11"><span class='ocrx_word' id='word_1_546' title='bbox 964 2374 1024 2405; x_wconf 85' lang='lat' dir='ltr'>ista</span> <span class='ocrx_word' id='word_1_547' title='bbox 1041 2383 1048 2404; x_wconf 79' lang='lat' dir='ltr'>z</span> <span class='ocrx_word' id='word_1_548' title='bbox 1065 2387 1079 2404; x_wconf 76' lang='lat' dir='ltr'>u</span> <span class='ocrx_word' id='word_1_549' title='bbox 1094 2374 1249 2406; x_wconf 82' lang='lat' dir='ltr'>Divinitas</span> <span class='ocrx_word' id='word_1_550' title='bbox 1264 2379 1310 2407; x_wconf 82' lang='lat' dir='ltr'>ost</span> <span class='ocrx_word' id='word_1_551' title='bbox 1325 2377 1526 2416; x_wconf 82' lang='lat' dir='ltr'>generati0,1›</span> <span class='ocrx_word' id='word_1_552' title='bbox 1543 2378 1625 2408; x_wconf 76' lang='lat' dir='ltr'>sicut</span> <span class='ocrx_word' id='word_1_553' title='bbox 1641 2381 1744 2410; x_wconf 68' lang='lat' dir='ltr'>osten-</span> 
     </span>
     <span class='ocr_line' id='line_1_87' title="bbox 963 2429 1743 2472; baseline 0.004 -12"><span class='ocrx_word' id='word_1_554' title='bbox 963 2438 1035 2460; x_wconf 86' lang='lat' dir='ltr'>sum</span> <span class='ocrx_word' id='word_1_555' title='bbox 1051 2429 1111 2461; x_wconf 80' lang='lat' dir='ltr'>tuit</span> <span class='ocrx_word' id='word_1_556' title='bbox 1130 2430 1162 2461; x_wconf 89' lang='lat' dir='ltr'>in</span> <span class='ocrx_word' id='word_1_557' title='bbox 1184 2430 1288 2471; x_wconf 86' lang='lat' dir='ltr'>primo</span> <span class='ocrx_word' id='word_1_558' title='bbox 1311 2430 1392 2462; x_wconf 88' lang='lat' dir='ltr'>libro</span> <span class='ocrx_word' id='word_1_559' title='bbox 1408 2432 1428 2462; x_wconf 89' lang='lat'>¹.</span> <span class='ocrx_word' id='word_1_560' title='bbox 1453 2430 1490 2462; x_wconf 83' lang='lat' dir='ltr'>Et</span> <span class='ocrx_word' id='word_1_561' title='bbox 1514 2432 1668 2472; x_wconf 83' lang='lat' dir='ltr'>quoniam</span> <span class='ocrx_word' id='word_1_562' title='bbox 1689 2431 1743 2463; x_wconf 85' lang='lat' dir='ltr'>Fi-</span> 
     </span>
     <span class='ocr_line' id='line_1_88' title="bbox 962 2481 1740 2525; baseline 0.004 -12"><span class='ocrx_word' id='word_1_563' title='bbox 962 2481 1024 2513; x_wconf 87' lang='lat' dir='ltr'>lius</span> <span class='ocrx_word' id='word_1_564' title='bbox 1050 2482 1102 2515; x_wconf 82' lang='lat' dir='ltr'>Dei</span> <span class='ocrx_word' id='word_1_565' title='bbox 1129 2486 1177 2515; x_wconf 84' lang='lat' dir='ltr'>est</span> <span class='ocrx_word' id='word_1_566' title='bbox 1197 2484 1399 2525; x_wconf 83' lang='lat' dir='ltr'>suppositum</span> <span class='ocrx_word' id='word_1_567' title='bbox 1424 2484 1578 2516; x_wconf 81' lang='lat' dir='ltr'>liumanae</span> <span class='ocrx_word' id='word_1_568' title='bbox 1605 2487 1740 2525; x_wconf 84' lang='lat' dir='ltr'>uaturae,</span> 
     </span>
     <span class='ocr_line' id='line_1_89' title="bbox 962 2537 1742 2578; baseline 0.004 -11"><span class='ocrx_word' id='word_1_569' title='bbox 962 2544 1027 2567; x_wconf 93' lang='lat' dir='ltr'>non</span> <span class='ocrx_word' id='word_1_570' title='bbox 1037 2537 1082 2568; x_wconf 82' lang='lat' dir='ltr'>sic</span> <span class='ocrx_word' id='word_1_571' title='bbox 1095 2537 1207 2569; x_wconf 81' lang='lat' dir='ltr'>divina</span> <span class='ocrx_word' id='word_1_572' title='bbox 1220 2540 1350 2577; x_wconf 63' lang='lat' dir='ltr'>uatum</span> <span class='ocrx_word' id='word_1_573' title='bbox 1367 2538 1441 2569; x_wconf 89' lang='lat' dir='ltr'>hinc</span> <span class='ocrx_word' id='word_1_574' title='bbox 1454 2540 1501 2569; x_wconf 85' lang='lat' dir='ltr'>cst</span> <span class='ocrx_word' id='word_1_575' title='bbox 1517 2538 1602 2578; x_wconf 90' lang='lat' dir='ltr'>quod</span> <span class='ocrx_word' id='word_1_576' title='bbox 1618 2539 1677 2570; x_wconf 84' lang='lat' dir='ltr'>ista</span> <span class='ocrx_word' id='word_1_577' title='bbox 1694 2542 1742 2571; x_wconf 84' lang='lat' dir='ltr'>est</span> 
     </span>
     <span class='ocr_line' id='line_1_90' title="bbox 961 2589 1737 2632; baseline 0.003 -12"><span class='ocrx_word' id='word_1_578' title='bbox 961 2589 1068 2631; x_wconf 79' lang='lat' dir='ltr'>magis</span> <span class='ocrx_word' id='word_1_579' title='bbox 1094 2590 1223 2632; x_wconf 83' lang='lat' dir='ltr'>propria</span> <span class='ocrx_word' id='word_1_580' title='bbox 1245 2600 1254 2623; x_wconf 77' lang='lat' dir='ltr'>t</span> <span class='ocrx_word' id='word_1_581' title='bbox 1280 2603 1295 2621; x_wconf 74' lang='grc' dir='ltr'>«ι</span> <span class='ocrx_word' id='word_1_582' title='bbox 1324 2590 1423 2623; x_wconf 82' lang='lat' dir='ltr'>Filius</span> <span class='ocrx_word' id='word_1_583' title='bbox 1447 2590 1501 2623; x_wconf 87' lang='lat' dir='ltr'>Dei</span> <span class='ocrx_word' id='word_1_584' title='bbox 1521 2592 1569 2623; x_wconf 78' lang='lat' dir='ltr'>est</span> <span class='ocrx_word' id='word_1_585' title='bbox 1587 2591 1685 2624; x_wconf 91' lang='lat' dir='ltr'>homo</span> <span class='ocrx_word' id='word_1_586' title='bbox 1698 2617 1706 2632; x_wconf 91' lang='lat'>,</span> <span class='ocrx_word' id='word_1_587' title='bbox 1723 2605 1737 2622; x_wconf 77' lang='grc' dir='ltr'><strong>ο</strong></span> 
     </span>
     <span class='ocr_line' id='line_1_91' title="bbox 973 2649 1292 2680; baseline -0.003 -6"><span class='ocrx_word' id='word_1_588' title='bbox 973 2665 981 2678; x_wconf 83' lang='grc'>,</span> <span class='ocrx_word' id='word_1_589' title='bbox 997 2649 1079 2674; x_wconf 75' lang='lat' dir='ltr'>¹Di1t.</span> <span class='ocrx_word' id='word_1_590' title='bbox 1094 2655 1119 2680; x_wconf 90' lang='lat' dir='ltr'>v,</span> <span class='ocrx_word' id='word_1_591' title='bbox 1135 2652 1181 2674; x_wconf 69' lang='grc' dir='ltr'>..ιι-</span> <span class='ocrx_word' id='word_1_592' title='bbox 1199 2655 1220 2678; x_wconf 85' lang='grc' dir='ltr'>ι,</span> <span class='ocrx_word' id='word_1_593' title='bbox 1235 2656 1260 2680; x_wconf 80' lang='lat' dir='ltr'>q.</span> <span class='ocrx_word' id='word_1_594' title='bbox 1276 2655 1292 2674; x_wconf 83' lang='grc' dir='ltr'>ι,</span> 
     </span>
    </p>
   </div>
  </div>
 </body>
</html>
