2017 2960
668 185 765 216 DIST.
790 184 856 216 XII.
883 183 972 215 An'l‘.
998 185 1022 216 1.
1047 184 1198 223 QUAEST.
1224 186 1246 216 1.

167 255 199 284 et
213 263 279 285 non
289 255 391 294 potest
405 262 470 284 non
485 262 552 283 esse
565 253 657 284 beata
672 262 679 284 :
696 252 722 283 si
736 253 828 283 beata
841 251 948 282 anima

166 307 353 347 simpliciter
376 308 406 337 et
426 305 569 337 absolute
592 315 659 336 non
680 307 781 346 potest
805 315 944 345 peccare,

166 361 292 392 videtur
313 359 459 390 similiter
483 360 569 399 quod
593 369 651 390 nec
676 360 783 390 anima
805 359 919 389 Christi
937 369 945 389 z

167 422 245 453 ergo
259 413 346 444 nulla
360 413 487 443 videtur
501 422 569 443 esse
586 422 667 453 opus
682 412 894 443 distinctione.

204 467 294 507 Resp.
316 467 490 499 Dicendum
506 468 592 508 quod
609 468 788 498 secundum
804 467 945 497 intellec-

162 523 231 551 tum
247 522 448 561 quaestionis,
469 531 566 562 quem
587 521 719 552 attendit
733 521 945 560 quaestiouem

162 583 352 615 proponens,
369 575 492 606 nullam
515 577 639 615 oportet
653 575 755 605 facere
770 574 945 604 distinctio-

161 637 249 665 nem,
277 631 408 669 propter
421 629 482 660 hoc
509 630 594 669 quod
613 628 747 669 quaestio
762 630 809 658 est
823 627 861 658 de
874 628 943 658 ani-

160 691 213 712 ma
228 682 341 713 Christi
359 682 460 720 unita,
479 684 594 713 utrum
610 682 758 712 habuerit
783 681 944 712 vertibili-

160 738 257 767 tatem
276 736 399 767 arbitrii
429 745 436 767 :
465 739 692 767 verumtamen
721 735 874 774 Magister
902 745 943 766 ex

160 789 336 820 abundanti
365 790 545 829 distinguit,
561 790 601 820 ad
622 789 855 820 removendum
880 789 942 819 iin-

159 843 388 884 portunitatem
404 844 573 884 sophistice
589 843 833 884 opponentium,
850 845 879 872 et
890 852 942 872 sa-

158 896 199 927 tis
213 896 442 928 rationabiliter
457 898 615 937 quaeritnr
641 899 752 927 utrum
775 896 827 927 ille
844 896 941 926 homo

159 960 289 990 peccare
301 952 442 991 potuerit
458 961 465 982 :
484 952 559 991 quia
576 960 651 982 cum
663 950 802 981 verbum
814 958 942 990 possen-

160 1003 198 1035 ἀι·
212 1004 251 1034 sit
275 1005 429 1044 praeteriti
441 1005 606 1045 temporis,
624 1004 870 1035 indeterminate
881 1013 941 1043 po-

159 1058 219 1087 test
233 1058 403 1089 extendere
418 1068 451 1089 se
465 1059 504 1089 ad
521 1067 617 1089 omne
633 1057 844 1098 praeteritum,
862 1066 940 1096 ergo

158 1110 198 1141 ad
220 1113 347 1151 tempus
375 1114 448 1143 ante
485 1113 651 1150 unionem,
681 1112 732 1142 vel
749 1112 788 1142 ad
814 1113 940 1150 tempus

158 1166 228 1203 post
242 1165 408 1196 unionem.
441 1165 474 1196 Si
489 1166 529 1196 ad
543 1168 671 1205 tempus
685 1167 757 1195 ante
772 1164 938 1202 unionem,

157 1227 232 1248 cum
248 1221 321 1249 ante
338 1219 492 1250 unionem
505 1219 653 1259 possibile
668 1219 863 1249 sueritilluni
879 1219 938 1249 ho-

157 1271 278 1302 minem
304 1273 416 1311 creari,
441 1275 471 1303 et
493 1275 601 1303 tamen
623 1272 727 1303 Verbo
752 1281 817 1302 non
838 1273 935 1311 uniri,

155 1326 302 1365 possibile
327 1327 385 1357 fuit
403 1327 488 1367 quod
518 1327 668 1358 habuerit
693 1327 783 1357 liberi
814 1327 937 1357 arbitrii

155 1379 403 1418 vertibilitatem,
420 1381 452 1411 et
466 1381 509 1410 ita
525 1380 611 1420 quod
635 1389 766 1420 peccare
784 1381 934 1420 potuerit.

156 1431 190 1463 Si
203 1434 311 1463 autem
325 1443 382 1473 pro
398 1436 541 1474 tempore
550 1436 619 1474 post
629 1434 796 1471 unionem,
807 1444 936 1474 peecare

155 1495 219 1517 non
238 1487 353 1526 potuit,
369 1488 445 1527 quia
458 1497 525 1518 non
538 1488 641 1528 potuit
655 1497 721 1519 non
731 1497 800 1519 esse
810 1489 934 1527 beatus,

153 1542 209 1570 aut
220 1549 286 1571 non
296 1550 362 1571 esse
379 1541 470 1578 Deus,
489 1551 629 1581 quorum
647 1544 800 1572 neutrum
816 1542 936 1582 patitur

153 1593 186 1623 in
203 1593 326 1625 Christo
339 1595 468 1635 aliquod
483 1604 550 1625 esse
572 1597 750 1635 peccatum.
768 1594 806 1626 Et
820 1595 864 1625 sic
879 1605 935 1634 pa-

152 1649 196 1677 tet
206 1648 322 1678 totum.

394 1721 640 1755 ARTICULUS
664 1722 690 1754 I.

189 1810 238 1842 Ad
253 1810 498 1850 intelligentiam
508 1811 609 1851 hujus
625 1811 734 1850 partis,
750 1812 931 1843 secundum

149 1865 209 1895 tria
236 1874 310 1904 quae
340 1864 492 1904 Magister
521 1865 723 1903 determinat,
746 1865 857 1896 incidit
880 1865 932 1896 hio

148 1919 283 1959 quaestio
312 1919 396 1950 circa
410 1920 481 1950 tria.
504 1918 613 1950 Primo
629 1920 788 1960 quaeritur
802 1920 840 1951 de
853 1929 928 1951 con—

149 1972 288 2011 gruitate
303 1975 426 2004 naturae
443 1976 616 2014 assumptas
642 1975 799 2014 quantum
816 1974 855 2005 ad
871 1984 931 2014 ge-

149 2036 230 2065 nus;
247 2027 385 2058 secundo
413 2028 571 2067 quaeritur
596 2031 756 2068 quantum
776 2029 816 2059 ad
838 2028 930 2060 liberi

148 2082 271 2113 arbitrii
290 2092 404 2120 usnm3
421 2083 516 2114 tertio
534 2092 611 2114 vero
625 2084 785 2123 quaeritur
810 2083 848 2114 de
863 2084 931 2124 ipsa

147 2136 264 2164 natura
277 2137 440 2175 assumpta
455 2136 615 2174 quantum
628 2135 667 2165 ad
682 2135 929 2174 congruentiam

147 2197 254 2219 sexus.
272 2188 360 2219 Circa
387 2188 530 2228 primum
553 2191 748 2228 quaeruntur
759 2189 822 2219 duo
839 2199 846 2220 :
864 2189 930 2229 pri-

147 2251 200 2272 mo
215 2241 374 2282 quaeritur
401 2244 512 2272 utrum
535 2242 679 2273 debuerit
696 2252 858 2273 assumere
874 2242 930 2273 ho—

147 2295 276 2334 minem,
293 2295 350 2335 qui
367 2297 447 2326 esset
463 2295 501 2326 de
515 2305 634 2335 genere
650 2296 768 2334 Adanu
788 2296 928 2327 secundo

147 2356 235 2386 vero,
250 2351 363 2379 utrum
378 2358 563 2388 congruum
577 2349 686 2381 fuisset
701 2358 865 2381 assumere
878 2350 927 2390 ip-

149 2408 221 2431 sum
230 2401 344 2433 Adam.

182 2498 190 2516 ¹
203 2498 244 2529 Cf.
260 2499 408 2531 Richardus,
421 2501 453 2525 ΙΙΙ
468 2500 548 2530 Sem„
559 2501 617 2526 dist.
632 2508 681 2533 ΧΠ,
696 2509 720 2533 q.
738 2508 760 2533 ις
784 2502 928 2533 Stephanus

151 2533 256 2565 Brulef„
269 2535 303 2559 111
318 2536 397 2567 sent„
411 2537 468 2561 dist.
480 2543 528 2568 xxi,
541 2544 566 2568 q.
577 2544 601 2568 1;
617 2538 682 2562 Guil.
694 2538 786 2569 Voril.‚
803 2539 834 2563 ΙΙΙ
848 2539 928 2570 Seni„

150 2569 208 2594 dist.
224 2576 276 2600 xn,
290 2577 315 2601 q.
336 2578 359 2602 η
374 2572 451 2597 Gabr.
468 2573 546 2604 BieL,
563 2574 594 2598 ΙΙΙ
610 2574 689 2603 Sent.,
707 2574 766 2598 dist.
781 2580 819 2599 xn
834 2593 841 2604 ,
862 2582 885 2606 q.
903 2580 927 2606 ι,

150 2605 211 2629 dub.
225 2611 254 2630 11.
265 2618 296 2624 —
307 2606 316 2620 ²
332 2607 422 2638 Eccti„
437 2614 486 2640 111,
502 2611 547 2640 12,
563 2609 599 2634 sic
620 2610 697 2634 habet
718 2618 725 2634 :
744 2610 857 2635 Dedecus
876 2610 929 2642 filii

149 2643 221 2672 pater
231 2643 286 2666 sine
296 2642 395 2667 honore.
405 2644 450 2661 —³
463 2645 587 2677 Ansehn„
598 2645 650 2670 Cur
661 2646 728 2670 Deus
742 2645 823 2678 homo,
836 2646 880 2670 lib.
895 2646 926 2677 ll,

151 2683 175 2702 e.
190 2683 266 2702 xxm.
282 2691 312 2696 —
326 2678 336 2694 ⁸
350 2678 416 2703 Hebr
427 2697 434 2709 ,
451 2685 479 2709 n,
500 2682 536 2704 Η.

1732 191 1785 219 ⁶26¹

1264 311 1445 350 QuAEsrio
1471 313 1493 343 1.

1002 396 1047 422 Αιι
1064 405 1207 430 congruum
1221 398 1307 430 fuerit
1322 398 1371 424 Dei
1381 398 1482 424 Filium
1495 405 1626 424 assumere
1640 398 1783 424 humanam

1145 445 1273 469 naturam
1289 443 1320 469 (le
1336 451 1423 470 massa
1435 443 1603 478 perditionis
1619 442 1638 469 ¹.

1042 520 1156 551 Utrum
1180 521 1320 551 decuerit
1335 522 1452 552 Filium
1469 522 1522 553 Dei
1543 532 1707 554 assumere
1721 523 1780 553 hu-

1002 584 1130 604 manam
1148 577 1296 605 naturam
1324 576 1362 606 de
1378 586 1480 606 massa
1502 577 1698 616 perditionis,
1714 578 1780 608 sive

1000 628 1038 658 de
1051 637 1169 666 genere
1184 628 1305 666 Adam3
1323 631 1354 659 et
1369 630 1453 669 quod
1469 640 1545 668 non,
1562 631 1701 662 videtur.
1722 631 1781 662 Al-

999 682 1100 711 terius
1122 682 1282 721 qualitatis
1308 684 1339 712 et
1366 686 1491 713 naturae
1507 684 1600 714 debet
1610 694 1677 715 esse
1692 694 1780 716 mor-

998 735 1078 772 bus,
1097 738 1128 766 et
1149 735 1308 766 medicina
1328 747 1334 766 :
1351 745 1429 775 ergo
1454 737 1480 766 si
1497 736 1639 767 Christus
1660 739 1780 769 ratione

1000 791 1125 819 naturae
1138 792 1310 829 assumptae
1326 790 1386 820 fuit
1410 790 1553 820 humani*
1569 791 1697 829 generis
1713 801 1781 823 me-

998 843 1113 879 dicina,
1128 843 1254 874 videtur
1268 854 1346 884 ergo
1362 845 1447 884 quod
1462 846 1489 885 ej
1496 855 1533 875 us
1548 855 1620 876 caro
1644 855 1710 877 uon
1722 847 1779 877 de-

998 897 1104 927 buerit
1116 898 1246 928 formari
1262 898 1299 929 de
1317 908 1421 929 massa
1435 902 1595 939 corrupta.

1037 953 1067 982 2.
1088 951 1164 982 Item
1189 952 1338 982 nobiliori
1353 954 1464 984 formae
1484 953 1598 983 nobilis
1613 953 1704 984 debet
1719 963 1779 994 ap-

997 1005 1057 1035 tari
1074 1006 1206 1036 materia
1229 1017 1234 1036 :
1252 1015 1331 1045 ergo
1346 1006 1372 1036 si
1385 1007 1491 1037 anima
1508 1006 1624 1038 Christi
1640 1008 1697 1038 fuit
1714 1017 1778 1048 pu-

997 1058 1123 1089 rissima
1137 1062 1167 1090 et
1176 1059 1332 1090 immunis
1345 1061 1384 1090 ab
1398 1061 1485 1091 omni
1502 1064 1639 1100 peccato,
1650 1061 1777 1092 videtur

996 1110 1081 1149 quod
1095 1120 1167 1141 caro
1184 1110 1297 1141 Christi
1313 1111 1457 1142 debuerit
1472 1121 1538 1142 esse
1553 1111 1593 1142 ab
1606 1113 1695 1143 omni
1705 1122 1775 1143 cor-

996 1164 1143 1203 ruptione
1152 1164 1271 1194 aliena:
1283 1174 1347 1195 uon
1360 1174 1438 1203 ergo
1447 1165 1484 1195 de
1495 1174 1598 1196 massa
1610 1168 1772 1206 corrupta,

995 1226 1031 1246 ac
1047 1226 1102 1256 per
1119 1218 1180 1248 hoc
1196 1227 1254 1248 nec
1268 1218 1306 1249 de
1317 1228 1436 1258 genere
1454 1218 1567 1248 Adam.

1035 1272 1063 1301 3.
1088 1271 1168 1301 Item
1184 1271 1418 1312 improperium
1434 1274 1603 1312 parentum
1620 1272 1776 1303 redundat

993 1324 1025 1354 in
1041 1324 1174 1364 prolem,
1200 1326 1378 1356 secundum
1395 1327 1481 1366 quod
1495 1326 1570 1357 dicit
1586 1326 1718 1367 Sapiens
1734 1328 1745 1344 ²
1764 1339 1771 1358 ι

993 1379 1046 1409 sed
1056 1379 1200 1410 Christus
1215 1380 1323 1411 debuit
1338 1390 1404 1411 esse
1422 1381 1552 1412 omnino
1563 1381 1720 1412 immunis
1734 1382 1773 1412 ab

993 1433 1082 1462 omni
1098 1434 1215 1472 peccati
1247 1434 1443 1474 improperio
1463 1447 1469 1465 :
1488 1444 1566 1474 ergo
1581 1445 1646 1466 non
1662 1435 1772 1466 debuit

992 1495 1058 1516 esse
1074 1486 1111 1517 de
1128 1496 1246 1526 genere
1262 1488 1404 1520 hominis
1418 1489 1526 1529 primi.

1031 1542 1060 1570 4.
1093 1540 1172 1570 Item
1212 1541 1356 1572 debitum
1385 1545 1555 1582 parentum
1591 1543 1771 1583 imputatur

991 1593 1069 1633 proli
1090 1605 1096 1624 :
1114 1594 1167 1625 sed
1183 1594 1336 1625 Mediator
1350 1595 1460 1627 debuit
1473 1605 1540 1627 esse
1563 1597 1683 1636 absque
1697 1607 1771 1628 om-

990 1648 1023 1677 ni
1039 1647 1153 1685 debito,
1171 1651 1206 1678 ut
1219 1650 1289 1689 eJus
1312 1649 1428 1680 solutio
1443 1650 1574 1680 omnino
1589 1653 1769 1690 acceptare-

990 1702 1043 1731 tur
1057 1711 1076 1731 a
1090 1701 1164 1739 Deo,
1181 1702 1262 1733 sicut
1277 1705 1287 1721 ³
1301 1703 1378 1733 dicit
1394 1703 1567 1734 Anselmus
1586 1715 1592 1735 :
1608 1714 1687 1744 ergo
1703 1714 1769 1736 non

989 1753 1098 1785 debuit
1113 1764 1180 1785 esse
1196 1755 1233 1785 de
1248 1765 1367 1795 genere
1382 1756 1470 1787 Adae.

1029 1807 1088 1839 Sed
1106 1811 1253 1840 contra⁵2
1269 1810 1330 1845 Qui
1344 1811 1540 1849 sanctificat,
1557 1814 1586 1843 ec
1602 1813 1660 1851 qui
1674 1820 1768 1844 sanc-

988 1862 1168 1901 tificantur,
1185 1871 1226 1894 αϊ
1248 1872 1310 1896 uno
1330 1872 1435 1896 omnes
1451 1875 1462 1894 .·
1478 1865 1532 1895 sed
1559 1865 1701 1896 Christus
1721 1870 1768 1897 est

987 1916 1043 1955 qui
1059 1918 1251 1955 sanctificat;
1272 1918 1327 1958 qui
1342 1927 1419 1949 vero
1443 1919 1681 1950 sanctificantur
1694 1923 1768 1951 sunt

986 1971 1043 2003 filii
1069 1972 1172 2003 Adam
1190 1983 1196 2002 :
1226 1972 1352 2003 videtur
1381 1982 1460 2012 ergo
1484 1973 1581 2012 quod,
1605 1974 1686 2004 sicut
1713 1974 1768 2004 alii

986 2029 1062 2057 sunt
1072 2026 1110 2057 de
1129 2035 1247 2066 genere
1261 2026 1350 2064 Adae,
1375 2026 1418 2056 ita
1429 2026 1525 2057 etiam
1540 2026 1682 2058 Christus
1697 2027 1766 2058 fue-

985 2080 1036 2118 rit,
1053 2082 1085 2111 et
1095 2080 1241 2111 debuerit
1254 2089 1332 2110 esse.

1027 2133 1106 2164 Item
1119 2143 1176 2173 pro
1191 2133 1284 2173 culpa
1298 2133 1438 2164 hominis
1453 2143 1517 2164 non
1533 2134 1621 2165 decet
1634 2135 1695 2165 nisi
1709 2136 1765 2166 ho-

986 2188 1107 2218 minem
1122 2188 1318 2218 satisfacere:
1337 2197 1416 2227 ergo
1432 2197 1489 2227 pro
1506 2188 1598 2228 culpa
1617 2189 1763 2220 omnium

984 2241 1125 2272 filiorum
1147 2241 1236 2279 Adae,
1254 2243 1285 2272 et
1309 2241 1410 2281 ipsius
1437 2242 1525 2279 Adae,
1541 2242 1650 2273 nullus
1673 2243 1765 2273 debet

985 2295 1180 2333 satisfacere,
1205 2295 1267 2325 nisi
1294 2295 1351 2335 qui
1378 2295 1418 2326 sit
1433 2296 1520 2326 filius
1548 2296 1650 2327 Adam
1677 2307 1683 2326 :
1710 2297 1762 2327 sed

984 2349 1128 2380 Christus
1158 2349 1306 2380 satisfecit
1326 2358 1383 2389 pro
1414 2349 1508 2389 culpa
1528 2352 1636 2380 nostra
1654 2361 1660 2380 :
1685 2359 1764 2389 ergo

984 2402 1094 2432 debuit
1122 2411 1190 2433 esse
1215 2403 1253 2434 de
1267 2404 1375 2433 nostro
1404 2412 1534 2442 genere,
1551 2404 1581 2434 et
1594 2403 1640 2442 ⁸de
1655 2405 1763 2434 nostra

984 2465 1099 2487 massa.

1025 2509 1115 2548 Item,
1145 2509 1171 2539 si
1185 2509 1283 2540 homo
1306 2509 1453 2548 stetisset,
1479 2509 1559 2541 nulli
1582 2509 1637 2540 alii
1651 2512 1763 2550 generi

983 2566 1139 2594 creaturae
1166 2566 1246 2594 esset
1262 2563 1421 2594 obnoxius
1433 2588 1440 2601 ‚
1458 2566 1613 2603 tanquam
1642 2573 1699 2604 per
1714 2564 1762 2605 ip-

983 2627 1057 2650 sum
1067 2618 1198 2649 haberet
1209 2620 1293 2649 stare
1307 2627 1316 2648 z
1330 2627 1409 2657 ergo
1424 2617 1450 2648 si
1464 2618 1562 2649 homo
1576 2628 1633 2659 per
1655 2618 1762 2650 Chris-

983 2674 1055 2703 tum
1076 2674 1244 2703 revocatur
1259 2672 1293 2702 in
1309 2671 1478 2712 pristinam
1493 2671 1694 2713 dignitatem,
1709 2674 1762 2706 vi·-

1796 529 1829 549 Ad
1839 536 1890 557 opp.

1785 1829 1888 1851 Fun-iam.
