2017 2960
216 232 274 262 ¹98

214 297 391 328 differentia
404 297 521 327 horum
531 296 641 331 trium,
660 295 735 335 quia
749 294 873 325 dilectio
888 293 986 323 refer-

215 354 267 382 tur
280 350 318 381 ad
334 350 455 381 cultum
470 349 663 385 interiorem,
674 347 865 378 sacrificium
881 345 919 376 ad
929 354 985 376 ex-

215 405 374 441 teriorem,
392 403 569 434 reverentia
584 401 622 432 ad
651 403 836 440 utrumque.
855 399 911 429 Vel
926 398 985 429 ali-

214 460 272 494 ter,
285 457 406 487 dilectio
416 457 549 486 refertur
559 455 597 484 ad
609 453 801 493 principium
815 452 984 490 motivum,

215 510 403 540 sacrificium
433 508 566 538 refertur
586 507 623 537 ad
640 508 766 543 actum;
796 504 984 540 reverentia,

214 563 252 594 ad
268 563 401 593 sormam
416 564 446 591 et
470 561 612 591 modum.
636 559 682 589 Ad
699 558 787 597 ⁸illud
803 558 885 598 quod
902 557 986 596 obji-

215 616 298 646 citur
314 615 350 645 de
379 614 562 645 adoratione
587 614 618 643 et
644 611 864 652 prostratione,
880 610 987 640 dicen-

215 669 292 699 dum
306 668 390 708 quod
410 667 463 697 illa
485 669 585 707 potest
607 664 832 705 comprehendi
858 663 987 694 nomine

214 719 358 751 sacrificii
375 728 383 750 :
399 719 495 750 etiam
511 720 612 758 potest
625 717 685 748 dici
709 716 793 756 quod
809 716 895 745 illam
922 723 987 744 non

215 773 370 811 nominat,
385 772 460 813 quia
485 780 551 803 non
566 773 611 802 est
632 770 735 801 cultus
749 769 807 799 soli
823 768 884 798 Deo
899 767 986 798 debi-

215 829 286 858 tus:
303 836 368 857 non
392 828 518 857 tantum
533 825 619 856 enim
634 822 866 864 prosternimur
881 830 987 852 coram

216 881 289 919 Deo,
308 879 362 911 sed
373 879 468 910 etiam
484 887 591 909 coram
605 877 747 908 homine.
767 875 855 907 Unde
868 884 932 905 non
943 877 989 906 est

215 933 459 973 intelligendum
486 931 571 971 quod
602 930 749 962 Rabanus
774 929 850 961 velit
871 929 987 966 dicere,

216 987 300 1027 quod
316 995 379 1016 non
392 986 579 1016 deberemus
599 993 657 1015 nos
667 992 774 1014 coram
790 982 989 1013 humanitate

217 1042 432 1080 prosternere3
451 1038 504 1069 sed
518 1038 603 1078 quod
617 1036 844 1078 prosternendo
859 1044 917 1066 nos
933 1044 989 1065 co-

216 1103 285 1124 ram
300 1093 508 1130 humanitate,
525 1101 589 1122 non
603 1091 755 1122 debemus
777 1089 918 1129 profiteri
932 1097 989 1118 nos

217 1157 283 1177 esse
294 1148 414 1177 creatos
427 1145 549 1176 ratione
563 1143 781 1181 humanitatis,
793 1143 845 1173 sed
854 1142 989 1173 deitatis.

218 1200 282 1230 Dici
297 1200 391 1230 etiam
407 1201 520 1239 posset,
537 1199 622 1238 quod
637 1197 777 1228 adoratio
786 1195 991 1236 comprehen-

218 1253 304 1283 ditur
317 1253 376 1283 sub
391 1253 449 1282 hoc
464 1251 548 1291 quod
564 1251 678 1281 dicitur
707 1248 894 1286 reverentia,
912 1249 991 1278 sicut

219 1308 249 1336 et
266 1306 342 1336 fides
365 1304 553 1343 intelligitur
577 1313 632 1343 per
647 1303 845 1333 dilectionem
869 1312 876 1332 ε
896 1304 926 1332 et
948 1302 992 1332 sic

219 1361 304 1398 patet
319 1357 480 1398 responsio
495 1357 533 1388 ad
546 1365 691 1397 sequens.

543 1457 611 1479 DUB.
633 1457 665 1478 11.

252 1523 333 1551 Quem
348 1521 485 1545 adoramus
498 1527 554 1544 cum
572 1521 642 1543 Patre
657 1521 681 1543 ct
700 1519 793 1550 Spiritu
809 1520 897 1543 sancto
913 1525 963 1543 una

531 1556 689 1580 adoratione.

262 1628 376 1660 Contra
389 1628 448 1659 1100
472 1628 606 1659 verbum
624 1626 805 1657 Damasceni
819 1626 967 1665 objicitur
985 1634 992 1655 :

224 1683 314 1713 Pater
329 1685 359 1712 et
374 1681 509 1721 Spiritus
527 1683 655 1711 sauctus
673 1682 747 1710 sunt
773 1688 915 1719 personae
932 1679 995 1709 dis-

222 1735 339 1772 1100110,
356 1737 386 1765 et
400 1735 527 1765 cuilibet
543 1743 653 1764 earum
678 1733 811 1763 debetur
832 1741 897 1762 una
919 1732 994 1762 ado-

222 1789 301 1818 ratio
329 1798 385 1828 per
411 1797 467 1818 se:
492 1796 570 1825 ergo
591 1787 617 1816 si
640 1786 678 1816 ad
699 1785 994 1825 multiplicationem

222 1841 336 1880 objecti
351 1841 495 1880 sequitur
509 1839 728 1879 multiplicatio
743 1840 832 1868 actus
843 1862 850 1876 ,
870 1838 995 1868 videtur

221 1894 305 1932 quod
321 1893 382 1924 illae
397 1902 539 1933 personae
552 1894 627 1923 suut
636 1891 812 1931 multiplici,
823 1900 888 1921 non
902 1891 996 1922 unica

221 1946 403 1977 adoratione
427 1946 606 1976 adorandae.
636 1944 713 1975 Item
729 1944 869 1974 adoratio
883 1944 994 1974 subse-

222 2000 333 2039 quitur
347 1999 550 2030 directiouem
567 1998 657 2029 fidei:
670 1997 723 2028 sed
739 1997 814 2027 fides
829 1997 996 2036 distinguit

223 2053 304 2083 inter
319 2061 468 2092 personas
485 2063 491 2082 :
509 2060 586 2090 ergo
606 2053 636 2081 et
650 2051 802 2088 adorans,
819 2050 994 2080 secundum

223 2106 307 2145 quod
321 2105 516 2144 hujiismodi,
533 2104 699 2142 distinguit
714 2103 795 2134 inter
819 2112 969 2143 personas
985 2114 992 2135 :

223 2162 252 2189 et
269 2159 294 2189 si
308 2159 380 2197 hoc,
397 2159 476 2189 redit
492 2158 575 2188 idem
594 2158 677 2197 quod
694 2157 793 2197 prius.

262 2212 353 2251 Resp.
397 2211 570 2241 Dicendum
618 2211 702 2250 quod
748 2213 811 2241 tres
850 2219 994 2250 personae

220 2265 315 2295 unica
329 2266 359 2295 et
374 2264 507 2303 simplici
523 2264 702 2294 adoratione
724 2266 797 2294 sunt
812 2263 991 2294 adorandae.

220 2317 258 2348 Et
269 2317 347 2347 ratio
362 2316 462 2356 hujus
477 2318 533 2354 est,
544 2316 618 2355 quia
632 2316 708 2347 illud
724 2316 992 2356 secundumquod

220 2370 368 2409 competit
396 2369 519 2399 adorari
541 2378 668 2399 summa
684 2370 841 2409 maiestas,
857 2373 902 2399 est
919 2370 992 2400 11111-

220 2432 293 2453 cum
309 2423 398 2453 nullo
412 2422 504 2452 modo
516 2421 762 2461 multiplicatum
778 2433 783 2452 ε
801 2424 832 2452 et
847 2423 900 2460 ita,
911 2422 992 2453 sicut

219 2476 314 2506 unica
330 2475 494 2506 dilectione
520 2474 714 2513 diliguntur,
730 2475 806 2514 quia
828 2476 861 2506 in
883 2476 927 2506 eis
946 2477 992 2506 est

219 2537 284 2558 una
306 2538 433 2559 summa
455 2528 593 2564 bonitas,
621 2527 664 2557 510
688 2528 780 2558 unica
809 2529 990 2559 adoratione

219 2583 401 2614 adorantur.
423 2583 469 2613 Ad
484 2582 560 2613 illud
577 2582 663 2622 quod
677 2582 836 2621 objicitur,
852 2584 937 2623 quod
952 2584 990 2613 il-

217 2635 256 2666 1ae
273 2645 416 2675 personae
438 2635 701 2674 distinguuntur,
723 2635 889 2666 dicendum
904 2637 989 2675 quod

218 2688 276 2720 etsi
305 2689 548 2727 distinguuntur
575 2687 696 2719 ratione
724 2689 934 2719 emanationis
957 2692 988 2721 et

772 225 1085 258 SENTENTlARUM
1106 225 1180 257 LIB.
1203 225 1256 256 111.

1042 292 1189 332 originis,
1217 300 1283 322 non
1312 293 1419 322 tamen
1448 292 1570 322 ratione
1584 291 1778 322 adorationis
1804 300 1813 322 ς

1043 344 1112 375 ideo
1126 354 1189 375 non
1211 345 1355 385 sequitur
1371 345 1454 384 quod
1468 347 1612 385 respectu
1626 345 1742 375 harum
1757 344 1816 374 ha-

1043 398 1137 428 beant
1165 398 1304 429 diversas
1335 397 1544 434 adorationes,
1560 398 1613 428 sed
1645 397 1729 438 quod
1754 397 1815 428 ha·-

1043 451 1137 481 beaut
1161 450 1302 482 diversas
1327 451 1490 482 relationes
1510 463 1516 480 :
1541 454 1572 482 et
1598 451 1659 482 hoc
1686 451 1816 491 quidem

1043 504 1135 534 dictat
1154 504 1230 534 tides
1245 513 1332 543 sana,
1358 513 1456 543 quam
1471 504 1680 544 ,consequitur
1709 504 1816 535 adora-

1043 557 1098 588 tio.
1118 557 1156 588 Et
1170 567 1226 598 per
1241 558 1300 588 1100
1316 559 1400 597 patet
1413 566 1548 597 sequens
1563 558 1717 597 2objectio,
1732 557 1815 597 quod

1044 610 1160 641 scilicet
1189 610 1331 641 adoratio
1366 610 1510 650 sequitur
1540 610 1657 647 fidem,
1685 619 1750 640 non
1783 609 1816 640 111

1045 666 1200 703 quantum
1216 663 1383 703 distinguit
1407 665 1469 694 tres
1501 671 1650 703 personas
1665 672 1720 702 per
1735 662 1818 693 rela-

1045 717 1169 748 tionum
1193 717 1416 757 pluralitatem,
1441 716 1495 747 sed
1518 716 1551 747 in
1575 719 1732 756 quantum
1746 715 1818 747 unit

1045 779 1101 810 per
1117 770 1290 810 maiestatis
1306 770 1473 800 unitatem.

1365 886 1433 908 DUB.
1451 886 1497 907 111.

1223 962 1276 993 Ego
1289 961 1444 986 dominicam
1459 967 1561 985 carnem
1571 980 1577 991 ,
1596 963 1644 985 etc.

1086 1039 1200 1070 Contra
1217 1048 1223 1068 :
1240 1037 1272 1068 Si
1288 1037 1320 1067 111
1335 1037 1456 1067 Christo
1472 1037 1621 1067 adoratur
1635 1037 1821 1068 divinitaset

1046 1092 1239 1129 humanitas,
1256 1093 1286 1121 et
1299 1091 1333 1120 in
1347 1090 1415 1121 aliis
1427 1090 1568 1130 personis
1593 1090 1751 1128 divinitas,
1767 1091 1820 1122 vi-

1047 1145 1139 1176 detur
1153 1144 1242 1184 {quod
1270 1144 1374 1183 magis
1400 1143 1440 1173 sit
1462 1143 1640 1173 adorandus
1668 1143 1819 1182 Christus,

1047 1207 1142 1238 quam
1177 1197 1246 1227 aliae
1276 1205 1429 1236 personae.
1468 1196 1546 1226 Item
1580 1196 1652 1235 plus
1675 1198 1822 1226 tenemur

1047 1251 1166 1290 gratias
1193 1250 1314 1280 Christo
1335 1259 1429 1289 agere
1459 1251 1529 1289 post
1554 1249 1818 1287 incarnationem,

1048 1313 1144 1344 quam
1157 1306 1229 1334 aute
1242 1314 1249 1334 z
1262 1312 1339 1342 ergo
1354 1303 1458 1342 magis
1472 1303 1623 1333 debemus
1639 1302 1744 1341 ipsum
1759 1302 1820 1333 ho-

1048 1366 1172 1394 norare,
1199 1357 1329 1387 adorare
1353 1359 1384 1387 et
1407 1356 1554 1386 venerari
1578 1366 1584 1385 ;
1610 1364 1688 1394 ergo
1706 1356 1732 1385 si
1749 1355 1820 1394 hoc,

1049 1410 1152 1449 magis
1168 1412 1313 1440 tenemur
1329 1409 1458 1439 adorare
1469 1407 1588 1439 Filium
1607 1408 1819 1445 incarnatum,

1048 1472 1145 1502 quam
1165 1471 1229 1493 non
1243 1463 1443 1493 incarnatum
1457 1469 1465 1491 t
1482 1463 1512 1492 et
1526 1461 1551 1491 si
1568 1461 1640 1498 hoc,
1656 1462 1759 1501 magis
1772 1461 1822 1492 Fi-

1048 1516 1140 1555 lium,
1165 1525 1263 1556 quam
1293 1515 1435 1553 Patrem,
1463 1515 1512 1545 vel
1548 1514 1702 1554 Spiritum
1735 1524 1822 1546 sanc·

1049 1572 1130 1600 tum.

1090 1623 1121 1653 Si
1138 1625 1172 1653 tu
1187 1623 1282 1660 dicas,
1299 1622 1383 1662 quod
1407 1622 1511 1661 magis
1525 1621 1677 1652 debemus
1691 1621 1823 1652 adorare

1050 1676 1190 1707 Verbum
1207 1685 1271 1706 non
1286 1675 1453 1712 intensive,
1477 1674 1529 1705 sed
1544 1674 1725 1712 extensive3
1751 1683 1823 1705 con-

1051 1733 1097 1761 tra
1121 1740 1127 1761 :
1156 1730 1250 1760 Plura
1276 1730 1359 1760 bona
1381 1728 1582 1768 paucioribus
1607 1728 1698 1758 bonis
1719 1729 1822 1768 magis

1050 1785 1123 1814 sunt
1137 1782 1312 1822 appetenda
1327 1793 1334 1813 ε
1352 1791 1429 1821 ergo
1437 1781 1529 1821 plura
1543 1781 1741 1812 honorabilia
1751 1790 1822 1812 ma-

1050 1837 1100 1876 gis
1116 1837 1191 1866 sunt
1202 1835 1383 1866 veneranda
1392 1837 1423 1865 et
1437 1834 1631 1865 honoranda.

1090 1890 1180 1929 Resp.
1212 1888 1384 1919 Dicendum
1412 1888 1497 1927 quod
1517 1896 1582 1917 11011
1610 1887 1713 1927 magis
1745 1887 1823 1918 ado-

1050 1944 1169 1974 randus
1183 1946 1229 1974 est
1243 1943 1395 1980 Christus,
1415 1951 1511 1981 quam
1531 1941 1632 1977 Pater,
1657 1941 1709 1972 vel
1723 1940 1822 1980 Spiri-

1051 1999 1101 2027 tus
1123 1998 1264 2033 sanctus3
1294 2005 1352 2025 nec
1368 1995 1510 2025 Verbum
1532 1994 1733 2024 incarnatum
1752 1994 1823 2034 plus

1050 2050 1141 2081 (101101
1168 2049 1292 2080 adorari
1321 2051 1391 2088 post
1418 2048 1690 2086 incarnationem,
1725 2056 1822 2087 quam

1050 2106 1132 2134 ante.
1150 2102 1187 2133 Et
1200 2103 1297 2142 hujus
1313 2102 1393 2133 ratio
1408 2104 1464 2138 est,
1482 2101 1557 2141 quia
1572 2101 1713 2131 adoratio
1726 2101 1823 2140 respi-

1050 2158 1091 2188 cit
1115 2158 1311 2196 majestatem
1332 2158 1362 2187 et
1385 2155 1573 2194 dignitatem
1591 2165 1597 2184 :
1615 2157 1645 2184 et
1668 2154 1821 2193 quoniam

1049 2211 1151 2241 Verbo
1173 2210 1262 2240 nulla
1282 2209 1417 2240 accrevit
1440 2208 1577 2248 dignitas
1603 2217 1642 2238 ex
1668 2207 1821 2239 humanae

1049 2265 1172 2294 naturae
1187 2261 1405 2301 assumptione
1418 2271 1425 2297 3
1439 2261 1508 2291 ideo
1521 2269 1585 2291 11011
1593 2260 1683 2290 debet
1696 2259 1820 2290 adorari

1049 2316 1162 2356 majori
1190 2314 1382 2345 adoratione.
1404 2312 1467 2344 Nec
1488 2313 1571 2344 valet
1592 2312 1677 2353 quod
1700 2312 1817 2352 objicit,

1048 2370 1131 2410 quod
1165 2369 1257 2408 plura
1275 2367 1358 2398 bona
1385 2366 1587 2407 paucioribus
1614 2367 1689 2396 sunt
1717 2365 1819 2404 1113111-

1048 2424 1170 2463 genda;
1187 2422 1247 2452 hoc
1258 2421 1343 2451 enim
1359 2420 1455 2450 habet
1469 2419 1676 2458 multiplicem
1693 2418 1818 2449 instan-

1046 2478 1123 2508 tiam
1137 2487 1143 2507 :
1163 2484 1228 2506 una
1242 2477 1287 2505 cst
1303 2485 1310 2504 :
1327 2473 1455 2514 quando
1466 2481 1568 2503 unum
1581 2475 1626 2502 est
1637 2473 1764 2511 propter
1771 2472 1818 2502 al-

1046 2533 1162 2567 terum,
1180 2529 1222 2558 ibi
1233 2528 1317 2558 enim
1334 2529 1380 2557 est
1389 2534 1492 2556 unum
1506 2526 1646 2562 tantum;
1673 2524 1757 2555 unde
1770 2524 1816 2554 si-

1045 2575 1098 2614 cut
1121 2586 1225 2613 tenere
1246 2590 1365 2622 equum
1385 2583 1416 2610 et
1435 2579 1577 2617 frenum,
1601 2587 1666 2609 non
1685 2582 1731 2608 est
1745 2578 1816 2618 plus

1044 2640 1150 2668 tenere
1170 2644 1267 2676 quam
1288 2642 1407 2673 equum
1420 2656 1427 2669 ,
1456 2631 1499 2661 sic
1515 2631 1645 2662 adorare
1664 2631 1763 2661 Deum
1784 2633 1815 2662 et

1044 2699 1184 2727 cai-nem,
1198 2697 1264 2719 non
1282 2689 1328 2718 est
1348 2685 1418 2727 plus
1431 2692 1529 2724 quam
1555 2684 1685 2714 adorare
1700 2683 1810 2715 Deum.
