2017 2960
260 181 318 211 574

262 248 506 286 repugnantiam
521 248 614 278 hahet
629 256 703 277 cum
725 247 842 278 virtute
858 246 1029 282 cardinali,

261 301 352 339 cnjus
366 300 524 339 objectum
540 303 586 330 est
601 300 720 329 bonum
735 301 874 329 creatum
886 323 893 337 ,
910 301 940 329 et
957 299 1030 329 fini-

262 356 341 389 tum,
368 356 396 383 et
423 354 592 383 limitatum
618 363 623 382 ;
651 362 684 381 ac
708 362 763 391 per
789 352 849 382 1100
874 353 1030 389 exigitur,

261 406 346 445 quod
363 407 394 436 iu
410 409 480 435 actu
495 406 533 434 sit
550 405 662 435 modus
684 405 931 441 determinatus,
950 405 1030 434 ultra

261 468 356 498 quem
372 460 397 488 si
414 458 556 497 procedat
568 481 575 495 ,
592 458 755 496 egreditur
769 459 901 488 limitem
915 458 972 487 sibi
988 466 1032 488 se—

261 513 401 542 cundum
412 511 706 541 (101011111113110110111
722 512 848 542 virtutis
862 513 1027 541 statutum.

301 568 330 595 2.
348 564 396 595 Ad
411 564 485 595 illud
509 564 594 603 quod
615 564 782 603 objicitur,
798 565 882 603 quod
902 573 973 604 spes
987 566 1033 594 est

262 617 364 647 media
379 617 517 647 duarum
536 616 730 647 malitiarum
741 641 749 655 ,
766 617 933 647 dicendum
947 617 1031 656 quod

262 670 367 709 aliqua
389 670 490 700 virtus
515 672 614 709 potest
636 669 694 699 dici
717 670 819 700 media
839 671 877 709 (a.)
894 670 1031 700 duarum

262 724 454 753 malitiarum
465 723 639 762 dupliciter,
652 723 787 753 autsicut
802 723 968 762 utriusque
982 723 1033 752 eli-

263 777 414 806 minativa
424 778 453 806 ct
467 776 669 812 destructiva,
681 777 737 805 aut
748 776 828 805 sicut
841 785 880 805 ex
890 776 1032 815 utrisque

262 830 439 866 constituta7
456 832 613 868 quantum
627 829 665 858 ad
682 838 735 865 03,
752 837 824 867 quae
839 832 913 859 sunt,
928 830 960 858 in
976 829 1030 864 eis,

263 884 354 913 bona.
371 883 402 913 Si
413 883 449 912 sit
460 883 563 913 media
574 883 657 912 sicut
668 892 705 912 ex
715 882 858 921 utrisque
873 883 908 921 (b)
921 882 1033 912 cousti-

262 938 344 970 tuta,
360 936 627 975 quemadmodum
652 936 780 974 largitas
804 935 899 965 habet
915 935 1033 975 aliquid

262 989 299 1020 de
309 989 440 1019 avaritia
454 989 487 1019 in
502 989 561 1019 hoc
575 990 658 1029 quod
673 991 758 1020 tenet
772 989 918 1027 tenenda,
928 991 959 1019 et
972 989 1033 1019 ali-

262 1042 338 1081 quid
348 1042 386 1072 de
394 1042 579 1072 liberalitate
588 1043 621 1072 in
629 1042 686 1073 hoc
699 1042 783 1081 quod
792 1042 844 1072 dat
854 1042 955 1072 danda
968 1051 975 1080 3
990 1043 1033 1072 sic

263 1098 307 1125 est
322 1095 353 1124 in
370 1104 488 1133 genere
502 1095 628 1125 virtutis
641 1095 820 1125 cardinalis
833 1095 864 1125 Si
875 1097 982 1125 autem
995 1095 1034 1124 sit

264 1148 365 1178 media
375 1148 479 1178 solun]
494 1149 574 1178 sicut
588 1149 794 1186 eliminativa,
809 1148 851 1179 510
866 1157 929 1178 non
945 1157 1034 1188 opor-

263 1203 306 1231 tet
329 1211 398 1231 eam
421 1211 487 1231 csse
511 1202 663 1232 virtutem
689 1201 879 1232 cardinalem
898 1212 904 1232 z
922 1203 952 1231 et
975 1201 1034 1232 1100

265 1255 358 1285 modo
374 1255 477 1284 media
491 1257 538 1285 est
553 1264 624 1294 spes
639 1255 720 1285 inter
737 1255 989 1294 desperationem
1005 1256 1035 1285 et

263 1308 558 1347 praesumptionem.
583 1307 709 1338 Liberat
730 1308 815 1338 euim
838 1308 876 1337 ah
896 1308 948 1338 illo
972 1308 1034 1338 du-

264 1361 335 1400 plici
351 1360 446 1397 malo,
462 1361 542 1390 sicut
556 1360 632 1390 fides
647 1360 685 1390 de
699 1360 851 1390 Trinitate
867 1364 897 1390 ct
912 1360 1034 1391 Unitate

263 1414 374 1443 liberat
388 1416 418 1444 et
434 1414 473 1443 ab
489 1422 594 1443 errore
612 1413 678 1443 Arii
694 1414 740 1451 (c),
758 1416 788 1443 et
801 1413 840 1443 ab
853 1422 959 1443 errore
974 1413 1034 1444 Sa-

263 1466 346 1496 bellii
357 1477 364 1496 ι
377 1468 408 1496 01
422 1465 492 1496 ideo
506 1475 571 1496 non
586 1466 671 1504 cogit
686 1466 745 1496 ista
760 1466 850 1503 ratiO,
862 1465 948 1505 quod
965 1474 1034 1505 spes

263 1528 327 1549 non
342 1519 380 1549 sit
394 1519 496 1549 virtus
511 1518 700 1557 theologica.

303 1574 332 1603 3.
348 1571 396 1602 Ad
418 1571 496 1602 illud
510 1571 595 1611 quod
610 1571 776 1610 objicitur,
791 1571 876 1611 quod
890 1581 944 1612 spe
969 1581 1034 1602 non

263 1627 387 1655 tantum
408 1627 552 1664 speratur
566 1624 686 1664 gloria,
703 1624 757 1655 sed
772 1625 868 1655 etiam
888 1625 990 1664 gratia
1004 1626 1035 1655 et

263 1679 375 1716 venia,
401 1678 571 1708 dicendum
602 1677 686 1717 quod
713 1687 777 1708 non
805 1678 1034 1709 determinatur

262 1741 366 1771 genus
389 1731 439 1763 vel
461 1731 579 1770 species
603 1731 702 1771 ipsius
716 1731 843 1762 virtutis
865 1740 961 1771 penes
976 1731 1034 1761 ob-

258 1786 380 1825 jectum
398 1785 638 1825 quodcumque,
653 1784 707 1815 sed
723 1793 819 1824 penes
834 1785 912 1816 illud
927 1785 1031 1824 objec-

261 1841 343 1875 tum,
359 1839 443 1879 quod
459 1839 554 1869 hahet
568 1838 727 1869 rationem
743 1838 866 1868 motivi.
882 1837 1034 1874 Quamvis

261 1893 370 1921 autem
384 1900 454 1931 spes
468 1893 612 1922 versetur
627 1891 710 1921 circa
729 1890 815 1921 bona
837 1892 940 1921 creata
960 1898 1033 1930 quae

262 1945 421 1983 expectat;
438 1944 520 1974 ratio
542 1945 649 1974 tamen
671 1952 803 1974 movens
822 1952 887 1974 non
909 1945 955 1974 est
974 1943 1034 1974 311-

262 1996 346 2036 quod
360 1998 512 2034 creatum,
529 1996 582 2027 sed
595 1996 703 2035 aliqua
723 1996 920 2027 immensitas
934 1996 1033 2036 ipsius

262 2050 380 2080 summi
402 2049 477 2080 boni
496 2049 641 2085 increati,
659 2049 710 2079 cui
725 2049 882 2080 innititur.
900 2049 937 2080 Et
951 2050 1031 2086 ideo,

262 2103 409 2142 quamvis
436 2111 491 2142 per
517 2111 605 2142 spem
636 2104 780 2142 expectet
802 2102 873 2142 quis
897 2103 1033 2141 gratiam

263 2156 400 2196 plenam,
411 2158 443 2187 et
456 2156 583 2187 veniam
596 2156 776 2195 perfectam,
792 2155 867 2194 quia
880 2155 918 2186 ad
931 2155 1032 2194 ipsam

263 2211 465 2249 comparatur
485 2217 555 2248 spes
578 2211 729 2248 tanquam
750 2208 834 2239 circa
855 2209 1031 2247 materiam,

264 2264 391 2302 propter
406 2261 460 2292 illa
473 2270 539 2292 non
553 2263 676 2301 oportet
698 2270 770 2292 eam
793 2261 903 2301 reponi
925 2261 959 2291 in
976 2270 1035 2301 ge-

264 2323 339 2345 nere
353 2314 480 2345 virtutis
493 2314 661 2345 cardinalis
673 2338 681 2352 ,
699 2314 780 2344 sicut
802 2314 835 2344 in
857 2314 1034 2354 praeceden-

265 2368 349 2398 tibus
368 2368 513 2398 habitum
538 2369 584 2397 est
609 2367 647 2397 de
670 2367 742 2397 fide.
768 2367 802 2397 Si
824 2369 860 2397 tu
884 2367 1033 2406 objicias,

263 2421 348 2461 quod
364 2420 544 2452 obedientia
565 2421 667 2459 potest
680 2428 746 2450 esse
766 2419 869 2450 virtus
892 2420 1034 2450 cardina-

265 2474 314 2510 lis,
339 2477 370 2504 et
394 2474 490 2504 etiam
510 2473 612 2510 latria,
628 2472 705 2512 quia
728 2481 791 2503 non
813 2473 1035 2504 tantummodo

265 2522 462 2552 considerant
476 2521 637 2560 objectum
652 2520 827 2551 increatum
838 2544 846 2558 ‚
871 2521 925 2552 sed
939 2522 1034 2552 etiam

296 2603 328 2632 (a)
350 2602 409 2626 Coet.
429 2601 488 2625 edit.
506 2601 664 2624 1110111301-
676 2600 708 2630 (b)
728 2600 793 2624 deest
814 2608 843 2625 ex
869 2602 988 2632 utrisque.
1004 2615 1034 2620 —

274 2646 295 2666 cs
312 2637 385 2660 Arrii.

813 178 1122 212 SENTENTIARUM
1144 179 1216 211 LIB.
1244 181 1296 211 111.

1087 246 1206 286 aliquid
1226 250 1367 279 creatum
1391 254 1604 288 concernunt,
1621 251 1766 282 videlicet
1782 253 1857 283 ohe—

1087 298 1203 329 dientia
1225 303 1429 341 praeceptum,
1453 305 1483 333 et
1510 303 1601 334 latria
1625 304 1746 334 cultum
1771 304 1856 335 debi-

1088 353 1168 388 tum,
1180 361 1215 381 ac
1231 362 1286 391 per
1304 354 1363 384 hoc
1378 355 1460 393 quod
1474 355 1517 385 ita
1529 356 1639 386 delicat
1651 366 1717 386 csse
1734 357 1765 386 in
1781 366 1835 396 spe
1848 368 1854 387 ε

1087 403 1255 435 dicendum
1283 407 1366 445 quod
1394 416 1458 437 non
1491 410 1538 438 cst
1561 409 1661 439 simile
1690 410 1765 448 quia
1794 412 1858 440 tam

1087 455 1199 494 latria,
1223 467 1319 497 quam
1347 459 1524 490 obedientia
1549 462 1707 491 concernit
1730 462 1855 500 aliquod

1087 511 1229 540 creatum
1254 511 1307 541 tali
1329 513 1438 549 modo,
1463 513 1546 552 quod
1567 514 1688 545 ratione
1708 515 1791 545 illius
1812 524 1859 546 re-

1088 561 1224 600 spiciunt
1246 567 1351 594 actum
1374 565 1574 596 exteriorem.
1593 565 1663 596 Non
1686 567 1731 596 sic
1752 569 1858 598 autem

1087 617 1133 645 est
1148 615 1185 645 de
1200 625 1254 655 spe
1271 629 1277 647 :
1296 626 1365 656 spes
1388 618 1473 648 enim
1498 619 1696 649 solummodo
1720 619 1860 650 consistit

1088 667 1121 697 in
1136 668 1246 699 effectu
1263 669 1421 708 interiori,
1437 680 1509 710 quae
1525 672 1720 711 praecipuam
1734 672 1859 704 modifi—

1087 722 1177 752 candi
1204 723 1360 754 rationem
1384 725 1484 754 sumit
1508 734 1548 755 ex
1574 727 1659 764 parte
1682 726 1858 765 superiori,

1089 775 1229 805 videlicet
1245 785 1286 806 ex
1300 779 1388 815 parte
1403 777 1516 816 obJecti
1532 778 1674 809 increati.

1127 831 1156 858 lt.
1174 828 1220 859 Ad
1237 829 1314 860 illud
1333 830 1417 870 quod
1431 831 1595 870 objicitur,
1611 831 1696 871 quod
1711 832 1860 872 longani-

1088 881 1206 911 mitatis
1220 884 1265 912 est
1279 886 1444 922 expectare
1455 907 1462 921 ,
1486 884 1662 915 secundum
1677 885 1761 924 quod
1776 885 1857 926 spei,

1088 933 1256 964 dicendum
1272 936 1357 974 quod
1371 936 1433 966 alia
1452 938 1499 966 est
1519 938 1695 976 expectatio
1715 938 1861 977 longani—

1089 984 1205 1015 mitatis
1216 1008 1224 1023 ‚
1240 994 1313 1024 quae
1327 988 1373 1016 est
1388 995 1459 1025 pars
1473 987 1668 1018 fortitudinis
1678 1011 1685 1025 ‚
1701 997 1799 1027 quam
1822 990 1861 1019 sit

1089 1038 1263 1076 expectatio
1279 1039 1356 1078 spei.
1373 1039 1454 1070 Nam
1469 1040 1643 1079 expectatio
1660 1040 1727 1081 spei
1742 1041 1861 1072 consis-

1092 1091 1129 1120 tit
1143 1090 1176 1120 in
1191 1091 1327 1129 quadam
1345 1093 1544 1131 protensione
1558 1094 1598 1125 ad
1615 1094 1698 1124 bona
1718 1096 1836 1125 aeterna
1852 1105 1859 1125 :

1088 1151 1161 1182 quae
1182 1143 1310 1182 quidem
1330 1146 1493 1184 consurgit
1514 1156 1553 1177 ex
1573 1147 1781 1184 confidentia,
1799 1155 1862 1186 qua

1089 1196 1197 1227 anima
1212 1197 1359 1228 innititur
1374 1198 1433 1238 ipsi
1448 1199 1511 1230 Deo
1526 1208 1566 1229 ex
1579 1201 1642 1230 tota
1659 1200 1776 1230 virtute
1791 1209 1859 1231 sua.

1089 1248 1151 1279 Sed
1165 1251 1342 1289 expectatio
1363 1251 1612 1290 longanimitatis
1628 1255 1691 1290 est,
1714 1262 1776 1292 qua
1795 1253 1862 1284 ani-

1089 1311 1142 1332 ma
1163 1304 1337 1333 constantia
1357 1305 1489 1342 inentis,
1506 1307 1535 1335 et
1552 1305 1665 1336 robore
1679 1306 1779 1336 animi
1802 1315 1861 1336 ex-

1090 1357 1192 1394 pectat
1204 1356 1241 1386 de
1256 1357 1404 1387 omnibus
1419 1358 1636 1396 affligentibus
1650 1361 1681 1389 et
1699 1359 1861 1390 deterren-

1091 1408 1174 1438 tibus
1190 1408 1388 1448 triumphare
1405 1420 1411 1440 z
1430 1412 1461 1440 et
1474 1410 1518 1440 sic
1533 1414 1620 1441 actus
1635 1411 1864 1451 longanimita-

1090 1461 1143 1498 tis,
1158 1461 1335 1492 secundum
1356 1463 1440 1502 quod
1464 1466 1510 1493 est
1530 1464 1743 1502 fortitudinis,
1760 1465 1864 1496 differt

1089 1513 1129 1544 ab
1145 1516 1217 1544 actu
1232 1515 1311 1554 spei,
1329 1517 1359 1545 et
1374 1518 1531 1554 quantum
1551 1517 1589 1547 ad
1605 1518 1764 1557 objectum
1781 1518 1863 1549 circa

1089 1567 1185 1606 quod,
1202 1569 1232 1598 et
1246 1570 1404 1607 quantum
1418 1569 1457 1599 ad
1472 1569 1630 1600 motivum
1645 1581 1651 1600 :
1669 1572 1700 1601 et
1714 1571 1784 1602 ideo
1798 1580 1863 1603 non

1089 1620 1243 1659 sequitur,
1257 1621 1341 1660 quod
1357 1621 1383 1651 si
1398 1622 1623 1661 longanimitas
1637 1626 1683 1654 est
1696 1624 1730 1654 iu
1743 1633 1861 1663 genere

1089 1673 1216 1704 virtutis
1239 1674 1407 1705 cardinalis
1418 1698 1427 1713 ,
1443 1675 1529 1714 quod
1544 1678 1671 1716 propter
1687 1677 1746 1708 hoc
1761 1678 1863 1709 virtus

1089 1726 1155 1766 spei
1169 1726 1280 1757 debeat
1294 1727 1353 1757 sul)
1369 1728 1479 1758 eodem
1495 1737 1613 1767 genere
1626 1730 1748 1769 reponi.

1129 1782 1159 1810 5.
1174 1780 1223 1810 Ad
1238 1780 1316 1810 illud
1331 1780 1415 1820 quod
1434 1781 1599 1820 objicitur,
1617 1783 1702 1822 quod
1714 1792 1785 1823 spes
1798 1784 1862 1814 for-

1088 1833 1186 1863 tificat
1201 1835 1310 1864 contra
1324 1834 1509 1872 affligentia,
1527 1835 1696 1867 dicendum
1710 1836 1793 1876 quod
1808 1837 1863 1868 ali-

1088 1885 1160 1925 quis
1180 1887 1268 1916 actus
1292 1889 1393 1925 potest
1412 1896 1479 1917 esse
1500 1887 1637 1928 alicuius
1657 1889 1784 1920 virtutis
1805 1890 1860 1921 tri-

1089 1938 1210 1977 pliciter
1224 1948 1231 1977 ;
1248 1939 1298 1970 vel
1314 1940 1394 1969 sicut
1410 1940 1564 1971 elicientis
1575 1965 1583 1980 ,
1599 1942 1650 1973 vel
1664 1942 1744 1973 sicut
1759 1942 1860 1983 impe-

1089 1992 1187 2022 rantis
1199 2016 1207 2030 ,
1235 1992 1285 2023 vel
1308 1992 1389 2023 sicut
1423 1993 1691 2026 adminiculantis.
1726 1994 1863 2027 Fortiter

1089 2046 1197 2075 autem
1213 2045 1350 2084 perferre
1375 2046 1526 2077 terribilia
1547 2049 1594 2077 est
1613 2047 1712 2087 ipsius
1734 2048 1862 2080 virtutis

1089 2097 1282 2128 fortitudinjs
1299 2098 1378 2128 sicut
1399 2099 1572 2137 elicientis;
1589 2100 1643 2131 sed
1659 2100 1732 2131 fidei
1746 2103 1794 2132 est
1814 2102 1859 2132 si-

1090 2152 1143 2181 cut
1158 2150 1342 2190 imperantis
1357 2153 1388 2181 et
1403 2151 1557 2191 dictantis,
1572 2153 1666 2192 juxta
1682 2153 1760 2185 illud
1774 2154 1859 2195 quod

1090 2204 1204 2234 dicitur
1221 2205 1259 2235 de
1274 2204 1351 2235 viris
1367 2205 1494 2242 sanctis,
1510 2206 1595 2245 quod
1607 2212 1614 2228 ¹
1628 2214 1686 2245 per
1704 2207 1800 2245 sidem
1815 2208 1861 2239 vi-

1089 2260 1197 2289 cerunt
1216 2265 1327 2297 regma,
1344 2259 1374 2287 01
1388 2258 1484 2296 fortes
1507 2259 1586 2296 sacti
1608 2263 1684 2291 sunt
1708 2261 1745 2291 in
1768 2260 1861 2299 bello,-

1091 2311 1145 2341 sed
1169 2310 1267 2350 ipsius
1289 2310 1356 2350 spei
1379 2312 1410 2342 et
1431 2311 1589 2342 charitatis
1605 2314 1651 2344 est
1670 2313 1749 2344 sicut
1763 2314 1861 2344 admi-

1090 2364 1271 2394 niculantis.
1288 2364 1388 2395 Amor
1402 2365 1487 2395 enim
1503 2365 1557 2396 Dei
1572 2367 1604 2396 et
1618 2367 1702 2396 certa
1715 2369 1861 2406 expecta·

1091 2417 1134 2448 tio
1159 2417 1278 2447 futurae
1312 2417 1514 2448 beatitudinis
1544 2418 1680 2448 multum
1707 2419 1860 2458 adiuvant

1090 2470 1242 2501 virtutem
1256 2469 1449 2501 fortitudinis
1460 2493 1468 2508 ‚
1484 2472 1520 2500 ut
1534 2470 1631 2510 possit
1645 2472 1754 2503 omnia
1775 2472 1859 2504 mala

1090 2523 1243 2562 perferre,
1263 2523 1358 2562 juxta
1373 2523 1451 2554 illud
1464 2523 1546 2554 beati
1561 2523 1708 2564 Gregorii
1725 2536 1732 2556 :
1753 2537 1768 2555 α
1782 2525 1859 2566 Spes

1090 2575 1216 2616 praemii
1231 2576 1348 2607 minuit
1361 2576 1428 2608 vim
1441 2575 1570 2616 flagelli.
1586 2588 1601 2607 υ

1124 2640 1129 2655 ¹
1144 2639 1229 2669 Helm,
1244 2645 1280 2670 xi,
1296 2640 1334 2669 33,
1350 2640 1388 2664 34.
