2017 2960
662 145 758 179 DIST.
781 145 902 178 XXVII.
925 144 1017 177 ART.
1041 145 1080 177 ΙΙ.
1105 143 1255 183 QUAEST.
1280 143 1330 176 IV.

200 217 284 248 idem
299 219 480 257 potestesse
497 218 584 248 actus
607 214 782 247 dilectionis
808 213 841 244 in
862 213 975 251 Deum,

199 272 275 302 etin
288 271 472 311 proximum
486 282 493 301 :
510 270 646 301 charitas
658 269 744 300 enim
760 268 793 298 in
807 267 861 298 illo
874 268 975 304 motu,

199 334 264 364 quo
277 325 380 364 diligit
391 324 587 364 proximum,
600 324 686 363 optat
699 322 847 362 proximo
863 321 974 351 Deum.

199 378 231 409 Si
255 381 362 409 autem
386 379 533 418 respiciat
552 377 766 414 uniformiter,
787 375 831 406 sic
851 383 977 405 necesse

199 433 246 463 est
258 434 383 462 motum
397 431 571 463 dilectionis
597 439 665 461 esse
689 429 790 460 alium
801 452 808 465 ,
825 430 856 458 et
877 427 976 457 alium

199 486 232 516 in
246 486 359 524 Deum,
376 489 406 517 et
420 487 454 517 in
470 486 668 526 proximum.
687 484 776 514 Alius
792 483 879 513 enim
906 491 975 512 mo-

199 543 251 572 tus
264 541 438 572 dilectionis
453 543 510 579 est,
528 550 592 580 quo
607 540 680 571 volo
704 539 826 569 bonum
852 538 924 574 Deo,
947 540 977 567 et

199 595 280 626 alius
294 604 358 635 quo
375 594 448 625 volo
468 594 592 625 bonum
606 592 755 633 proximo
773 603 780 622 :
797 591 874 631 quia
896 591 978 621 alius

199 651 229 679 et
241 648 322 680 alius
336 650 382 679 est
395 647 569 679 dilectionis
586 646 743 677 terminus
755 657 762 683 ;
781 646 812 676 et
823 653 909 675 unus
932 646 979 675 est

199 701 353 733 intensior
365 725 372 739 ‚
397 702 428 732 et
448 701 529 732 alius
548 699 720 732 remissior.
740 698 777 730 Et
801 697 978 728 secundum

198 755 258 785 hoc
279 754 361 785 circa
384 755 491 784 actum
513 752 689 784 dilectionis
715 751 891 782 consistunt
914 750 977 781 duo

198 809 366 848 praecepta.
380 807 418 838 Et
432 806 609 837 secundum
630 806 713 836 hanc
731 805 816 835 viam
836 804 976 834 rationes

196 862 236 893 ad
251 862 346 894 istam
361 862 485 901 partem
499 860 643 891 adductae
658 858 835 899 procedunt
849 869 854 889 :
869 857 977 888 etideo

198 915 326 947 concedi
341 916 483 955 possunt.

239 972 267 1000 1.
286 968 333 999 Ad
349 968 426 998 illud
448 976 524 998 vero
543 967 630 1006 quod
647 966 750 1006 primo
772 965 922 1005 objicitur
944 964 977 995 in

197 1022 414 1060 contrarium,
433 1023 518 1062 patet
538 1020 720 1061 responsio,
742 1019 818 1059 quia
836 1019 978 1059 procedit

197 1076 373 1107 secundum
383 1075 468 1115 quod
480 1077 569 1106 actus
578 1073 754 1105 dilectionis
766 1076 812 1103 est
824 1073 856 1103 in
870 1072 979 1113 proxi-

198 1140 289 1161 mum
302 1130 382 1161 sicut
397 1130 431 1160 in
446 1129 619 1169 objectum,
637 1130 668 1159 et
683 1128 716 1158 in
731 1127 833 1158 Deum
848 1127 928 1157 sicut
943 1126 978 1156 in

197 1184 294 1214 finem
317 1192 324 1214 ι
342 1185 373 1214 et
395 1183 439 1213 sic
461 1191 526 1213 nou
548 1182 678 1222 respicit
699 1180 975 1218 numerationem,

197 1239 252 1270 sed
266 1238 439 1284 quamdam
454 1237 658 1275 relationem,
674 1239 704 1267 et
718 1238 838 1267 rectam
854 1235 978 1265 ordina-

196 1292 328 1323 tionem.

236 1346 266 1375 2.
283 1343 332 1375 Ad
347 1343 426 1374 illud
442 1343 528 1383 quod
547 1342 687 1373 secundo
707 1341 874 1381 objicitur,
891 1340 977 1380 quod

198 1400 244 1429 est
260 1397 346 1428 idem
362 1396 536 1436 utrobique
550 1395 713 1432 dilectum,
730 1394 877 1425 similiter
892 1396 978 1434 patet

197 1450 378 1491 responsio,
396 1450 473 1490 quia
493 1449 635 1489 procedit
651 1449 829 1480 secundum
845 1448 977 1479 alteram

198 1505 297 1542 viam,
311 1505 459 1536 videlicet
473 1504 650 1535 secundum
666 1504 752 1544 quod
767 1503 850 1534 Deus
862 1503 978 1534 dicitur

199 1558 302 1598 diligi,
313 1567 387 1589 cum
397 1559 524 1598 optatur
540 1557 687 1597 proximo
699 1568 704 1586 :
716 1557 770 1588 sed
780 1557 807 1587 si
819 1557 978 1596 intelliga-

198 1621 272 1643 mus
287 1612 325 1643 de
335 1611 458 1649 dilecto,
471 1611 595 1642 utillud
610 1610 733 1641 dicatur
747 1610 912 1647 dilectum,
926 1610 977 1641 cui

198 1665 321 1697 bonum
337 1666 476 1705 optatur,
493 1673 560 1695 non
575 1666 621 1694 est
636 1664 720 1695 idem
736 1663 886 1694 dilectum
903 1673 977 1694 cum

198 1719 343 1758 diligitur
365 1718 463 1757 Deus,
486 1720 517 1749 et
538 1727 612 1749 cum
632 1718 777 1757 diligitur
796 1718 973 1757 proximus.

239 1775 268 1804 3.
292 1773 341 1804 Ad
360 1772 440 1803 illud
461 1772 547 1812 quod
567 1771 735 1811 objicitur,
759 1771 844 1811 quod
867 1771 978 1802 eadem

198 1829 245 1858 est
259 1826 419 1865 adoratio,
437 1835 501 1866 qua
521 1826 674 1857 adoratur
695 1825 805 1864 imago
828 1825 931 1863 Petri,
948 1827 979 1855 et

199 1879 327 1917 Petrus,
345 1879 515 1910 dicendum
535 1878 619 1918 quod
635 1888 699 1909 non
721 1880 768 1909 est
783 1879 886 1909 simile
903 1879 978 1909 hinc

199 1936 229 1964 et
244 1933 317 1964 inde
327 1957 335 1971 ‚
352 1933 428 1973 quia
443 1933 534 1963 aliter
546 1933 682 1963 refertur
697 1932 821 1963 dilectio
836 1933 978 1972 proximi

199 1987 239 2018 ad
258 1987 358 2018 Deum
369 2010 377 2024 ‚
394 1986 485 2017 aliter
499 1986 602 2017 honor
617 1985 770 2025 imaginis
785 1985 921 2016 refertur
937 1986 976 2017 ad

198 2042 417 2081 prototypum.
436 2039 545 2070 Honor
560 2039 646 2070 enim
666 2039 818 2079 imaginis
840 2040 979 2070 refertur

197 2094 237 2125 ad
252 2095 458 2134 prototypum
470 2117 477 2130 ,
493 2102 559 2124 non
577 2093 681 2123 solum
703 2093 784 2123 sicut
799 2092 838 2123 ad
860 2094 976 2132 finem,

199 2148 252 2178 sed
268 2148 364 2178 etiam
380 2147 462 2178 sicut
481 2147 520 2178 ad
537 2147 697 2187 objectum
710 2171 717 2184 ‚
736 2147 821 2178 unde
840 2148 979 2179 totaliter

198 2202 335 2233 refertur
349 2201 454 2232 honor
469 2201 502 2231 in
524 2201 615 2232 illum
627 2225 634 2239 ,
651 2201 706 2241 qui
724 2210 780 2241 per
802 2201 979 2241 imaginem

198 2254 346 2294 signatur
368 2265 375 2285 ;
398 2263 466 2285 non
486 2254 572 2285 enim
594 2255 745 2286 adoratur
766 2255 899 2294 signum
925 2265 973 2286 se-

197 2307 339 2338 cundum
355 2307 441 2347 quod
464 2316 532 2345 reS‚
550 2307 604 2338 sed
618 2307 722 2338 solum
744 2307 850 2348 ipsum
865 2308 975 2348 signa-

196 2362 278 2391 tum.
295 2359 366 2391 Non
380 2360 424 2391 sic
442 2362 550 2391 autem
570 2362 616 2391 est
637 2361 670 2391 in
692 2361 876 2401 dilectione,
898 2362 976 2402 quia

196 2422 271 2445 cum
286 2414 435 2454 diligitur
449 2414 618 2454 proximus
631 2417 761 2455 propter
777 2415 890 2454 Deum,
902 2425 978 2448 vere

195 2466 332 2497 afficitur
361 2467 459 2499 homo
488 2477 567 2508 erga
590 2468 796 2508 proximum,
827 2471 858 2500 et
886 2469 978 2500 aliter

194 2528 293 2560 quam
309 2520 392 2551 circa
407 2521 522 2554 Deum.

226 2600 235 2616 ¹
250 2600 290 2629 Cf.
313 2600 384 2624 Alex.
398 2601 511 2632 Alensis,
526 2602 609 2632 Cone„
623 2610 649 2634 p.
671 2603 713 2633 ΙΙΙ,
733 2603 790 2627 coll.
813 2609 854 2634 Lx,
876 2606 924 2629 art.
944 2606 976 2634 45

195 2636 432 2673 s.'r110mas,11-11‚
444 2644 469 2669 q.
481 2640 678 2672 xxv1,art.2;et
689 2639 718 2663 ΙΙΙ
732 2641 811 2671 sent„
821 2640 878 2664 dist.
891 2646 974 2672 xxxii,

1749 149 1807 177 619

1074 215 1103 243 4.
1116 213 1165 244 Ad
1176 212 1252 243 illud
1264 211 1350 252 quod
1361 211 1520 251 objicitur,
1536 212 1622 251 quod
1638 213 1691 244 ubi
1705 222 1808 243 unum

1034 269 1162 307 propter
1176 267 1331 304 alterum,
1349 266 1393 297 ibi
1414 267 1539 296 tantum
1558 276 1662 297 unum
1676 291 1685 305 ,
1701 267 1809 297 dicen-

1034 320 1112 351 dum
1127 321 1212 360 quod
1225 320 1304 350 illud
1319 329 1434 351 verum
1450 321 1496 350 est
1512 319 1544 349 in
1560 319 1628 356 his,
1652 330 1724 359 quse
1743 329 1808 351 non

1034 376 1165 413 possunt
1179 374 1218 404 ab
1234 373 1370 404 invicem
1387 373 1526 413 separari
1540 384 1546 403 z
1559 373 1602 402 sic
1620 374 1729 403 autem
1744 382 1809 403 non

1034 429 1079 457 est
1096 427 1130 457 in
1149 427 1321 467 proposito.
1343 426 1423 457 Nam
1439 427 1483 456 sic
1499 428 1599 466 potest
1614 426 1711 456 homo
1727 426 1810 456 affici

1034 480 1116 510 circa
1130 480 1242 518 Deum,
1259 480 1345 520 quod
1358 480 1439 510 nihil
1455 480 1571 520 cogitet
1586 480 1624 511 de
1640 479 1807 520 proximo:

1034 534 1078 563 sic
1093 534 1188 564 etiam
1205 536 1306 573 potest
1321 534 1402 564 affici
1418 534 1502 564 circa
1517 534 1712 574 proximum,
1725 533 1810 574 quod

1033 589 1109 617 tunc
1124 596 1189 617 non
1200 588 1357 618 afficiatur
1372 588 1454 618 circa
1467 587 1568 618 Deum
1585 598 1591 617 ε
1611 589 1642 618 et
1656 587 1725 618 ideo
1739 596 1812 618 con-

1034 640 1182 671 sideratio
1197 640 1250 670 illa
1266 649 1330 671 non
1344 640 1440 671 habet
1456 640 1508 670 hic
1521 640 1639 671 locum.

1076 696 1104 724 5.
1119 694 1167 724 Ad
1192 694 1270 725 illud
1294 694 1378 734 quod
1394 695 1545 734 objicitur
1570 695 1683 725 ultimo
1697 719 1704 732 ,
1726 694 1812 734 qnod

1037 747 1148 777 eadem
1163 750 1208 777 est
1221 748 1301 778 ratio
1316 748 1470 787 diligendi
1483 748 1665 788 utrobique,
1682 748 1763 778 sicut
1779 748 1812 778 in

1039 801 1155 832 divinis
1171 801 1330 841 personis,
1348 801 1617 841 dicendumquod
1634 811 1697 831 non
1715 804 1762 832 est
1776 802 1814 831 si-

1037 855 1111 885 mile
1122 879 1129 893 ,
1144 855 1218 894 quia
1235 855 1268 885 in
1289 854 1408 886 dlvinis
1423 855 1566 894 personis
1587 856 1633 885 est
1651 864 1717 885 una
1732 855 1813 886 ratio

1034 908 1207 947 diligendi,
1233 911 1264 939 et
1286 909 1397 939 eodem
1426 909 1519 939 modo
1546 911 1751 949 comparatur
1774 910 1813 941 ad

1035 961 1104 991 illas
1120 964 1182 992 tres
1204 972 1356 1002 personas
1377 962 1505 993 dilectas
1526 971 1533 992 ε
1550 972 1615 993 non
1639 963 1683 993 sic
1704 965 1812 994 autem

1034 1020 1080 1048 est
1096 1018 1129 1048 in
1145 1018 1311 1049 dilectione
1328 1018 1392 1057 Dei,
1405 1020 1435 1049 et
1448 1018 1599 1058 proximi,
1613 1018 1690 1058 quia
1702 1028 1814 1058 quam-

1034 1072 1082 1102 vis
1097 1072 1269 1112 utrobique
1292 1073 1329 1102 sit
1346 1081 1412 1103 una
1427 1072 1509 1102 ratio
1528 1072 1702 1111 diligendi,
1719 1072 1813 1103 diffe-

1034 1125 1117 1155 renti
1141 1127 1248 1156 tamen
1272 1126 1366 1156 modo
1388 1126 1484 1156 habet
1506 1125 1544 1156 ait
1569 1126 1670 1156 Deum
1688 1149 1696 1162 ,
1720 1128 1751 1156 et
1774 1126 1813 1156 ad

1034 1179 1220 1218 proximum
1235 1179 1424 1219 comparari.
1440 1178 1478 1209 Et
1493 1179 1569 1219 quia
1581 1188 1618 1209 cx
1632 1179 1814 1210 diversitate

1034 1233 1312 1271 comparationum
1354 1233 1520 1272 consurgit
1561 1233 1726 1273 pluralitas
1760 1242 1812 1263 ac-

1034 1287 1148 1323 tuum;
1167 1294 1207 1316 ex
1230 1286 1353 1316 unitate
1375 1289 1483 1317 autem
1505 1286 1637 1316 rationis
1654 1286 1815 1326 principa-

1032 1339 1104 1369 liter
1133 1339 1294 1371 moventis
1329 1340 1496 1379 consurgit
1528 1339 1634 1370 unitas
1662 1339 1790 1370 habitus
1804 1350 1811 1377 ;

1033 1393 1110 1423 hinc
1123 1395 1186 1431 est,
1201 1393 1288 1433 quod
1302 1393 1432 1424 habitus
1446 1402 1511 1433 quo
1528 1395 1654 1423 amatur
1669 1393 1763 1431 Deus,
1781 1395 1811 1423 et

1033 1447 1221 1486 proximus,
1249 1449 1296 1477 est
1322 1456 1407 1477 unus
1424 1471 1431 1485 ,
1459 1447 1532 1477 licet
1556 1448 1662 1477 motus
1685 1448 1755 1486 eJus
1779 1447 1813 1477 in

1036 1500 1152 1538 Deum,
1170 1504 1201 1531 et
1215 1501 1248 1531 in
1271 1500 1476 1540 proximum,
1496 1500 1535 1530 sit
1552 1500 1651 1538 alius,
1669 1502 1699 1530 et
1717 1500 1812 1531 alius.

1293 1613 1471 1651 QUAESTIO
1495 1613 1545 1645 lV.

1034 1700 1080 1727 An
1095 1702 1180 1727 motus
1199 1700 1343 1727 charitatis
1358 1701 1437 1734 prius
1454 1700 1545 1727 tendat
1560 1701 1590 1727 in
1616 1701 1715 1734 Deum,
1733 1709 1813 1735 quam

1309 1746 1339 1772 in
1350 1747 1507 1780 promz‘mum
1522 1745 1540 1772 ¹.

1075 1824 1150 1862 Quis
1162 1825 1297 1855 istorum
1309 1827 1456 1856 motuum
1469 1826 1627 1866 praecedat
1638 1826 1810 1866 reliquum3

1035 1880 1065 1909 et
1080 1878 1207 1909 videtur
1222 1878 1308 1918 quod
1333 1879 1422 1918 prius
1443 1879 1482 1910 sit
1514 1882 1620 1911 motus
1637 1880 1815 1911 dilectionis

1035 1934 1069 1964 in
1091 1933 1295 1974 proximum,
1313 1943 1412 1974 quam
1434 1934 1468 1964 in
1489 1934 1607 1973 Deum,
1631 1935 1736 1975 primo
1758 1944 1815 1975 per

1034 1987 1112 2018 illud
1128 1987 1214 2027 quod
1229 1987 1346 2018 dicitur
1360 1991 1388 2018 ²:
1408 1988 1469 2023 Qui
1479 1996 1542 2020 non
1554 1988 1666 2028 diliyit
1682 1989 1814 2027 fratrem

1034 2049 1128 2072 suum
1140 2065 1148 2079 ,
1166 2049 1257 2080 quem
1274 2041 1382 2078 videt,
1396 2042 1500 2073 Deum
1514 2050 1606 2081 quem
1624 2050 1688 2073 ηοη
1704 2041 1791 2075 videt
1804 2067 1812 2081 ,

1034 2093 1189 2134 quomodo
1197 2097 1299 2134 polest
1310 2093 1443 2134 diligere
1451 2094 1658 2126 PSecundum
1666 2095 1726 2125 hoc
1735 2104 1814 2134 ergo

1035 2147 1074 2178 ad
1089 2147 1338 2178 destructionem
1354 2148 1530 2179 dilectionis
1545 2148 1683 2188 proximi
1704 2148 1814 2188 sequi—

1035 2202 1087 2231 tur
1097 2200 1269 2232 destructio
1283 2200 1459 2231 dilectionis
1470 2201 1541 2232 Dei:
1558 2201 1584 2231 si
1599 2210 1676 2240 ergo
1689 2201 1728 2232 ad
1745 2201 1813 2232 des-

1034 2254 1225 2285 tructionem
1242 2254 1423 2294 posterioris
1437 2264 1503 2285 non
1517 2255 1663 2295 sequitur
1675 2255 1814 2286 destruc-

1034 2307 1079 2338 tio
1100 2307 1234 2348 prioriS‚
1255 2308 1309 2338 sed
1326 2317 1343 2339 e
1364 2317 1517 2339 converso
1531 2332 1540 2347 ‚
1560 2317 1638 2348 ergo
1662 2308 1748 2348 prior
1768 2310 1815 2339 est

1034 2362 1142 2392 motus
1167 2361 1343 2392 dilectionis
1367 2361 1401 2392 in
1425 2362 1630 2402 proximum,
1656 2371 1756 2402 quam
1779 2362 1813 2393 in

1035 2415 1145 2447 Deum.

1075 2471 1154 2501 Item
1172 2472 1181 2489 ⁸
1201 2479 1208 2502 :
1225 2470 1321 2503 Prius
1339 2470 1426 2511 quod
1450 2470 1589 2502 animale
1608 2474 1670 2509 esc,
1696 2470 1812 2504 deinde

1034 2578 1059 2601 q.
1071 2571 1156 2600 11,a1·t.
1170 2571 1196 2600 35
1207 2569 1335 2600 Richard.‚
1347 2569 1377 2592 ΙΙΙ
1391 2569 1471 2594 Seni..
1481 2569 1537 2593 dist.
1553 2575 1636 2600 xxvii,
1649 2572 1699 2594 art.
1711 2571 1735 2600 7,
1747 2577 1773 2601 q.
1786 2576 1810 2600 1;

1034 2605 1159 2630 Guilielm.
1172 2605 1264 2634 Voril..
1278 2606 1309 2629 ΙΙΙ
1322 2606 1401 2635 δεηί.,
1412 2605 1461 2629 dist
1484 2611 1565 2636 xxvii,
1579 2612 1605 2637 q.
1622 2611 1675 2629 1.-—
1689 2606 1699 2622 ¹
1712 2605 1812 2633 moon..

1035 2648 1070 2672 μ’,
1087 2643 1125 2666 20.
1136 2656 1165 2659 -
1176 2641 1289 2671 ³1Cor.,
1303 2647 1345 2671 Ar,
1362 2642 1400 2665 41).

1834 1839 1865 1859 Ad
1879 1844 1933 1865 opp.
