2017 2960
278 226 317 254 94
833 221 1141 253 SENTENTIARUM
1166 223 1237 254 ΗΒ.
1264 224 1314 254 111.

317 292 393 321 Item
407 296 414 311 ¹
428 301 435 321 ε
453 292 594 330 Spiritus
607 294 736 322 sanctus
747 291 944 328 superrem'ec
956 290 990 320 t'n
1005 294 1044 321 le.

319 344 431 375 ltem':
454 345 522 380 Qud
567 345 649 375 enim
676 345 711 375 in
731 352 767 375 ca
792 348 903 374 natum
924 346 986 379 est,
1010 342 1047 373 de

277 398 401 438 Spiritu
417 403 526 429 sancto
543 402 598 429 est.

316 452 391 482 ltem
407 452 542 487 ratione,
559 460 595 479 vo
612 450 695 489 quod
721 459 800 489 opus
822 448 1047 479 incarnationis

275 505 542 535 manifestativum
559 506 603 534 est
622 503 737 533 divina*
755 503 901 532 bonitatis
920 505 949 532 et
971 502 1046 532 clia-

274 558 375 588 ritatis
388 557 526 587 1501111ου
539 556 763 595 appropriatur
774 555 902 595 Spiritui
917 558 1025 585 sancto
1036 565 1043 585 :

273 620 362 649 ergo,
377 613 434 640 otc.

541 733 765 765 (ttiNtlLUslo.

272 814 427 839 incarnatio
450 813 516 838 filii
542 814 589 839 Dei
606 815 659 838 turn
675 815 785 847 propter
799 813 896 838 erroris
916 814 1044 839 evitatio-

306 865 362 882 nem
376 878 381 885 .
412 859 464 882 tum
493 860 602 890 propter
628 858 749 882 cti-itatis
782 858 1044 889 manifestationem,

308 902 428 936 Spe-itm·
442 904 532 927 sancto
548 901 622 927 (lebet
638 902 823 935 appropriari.

313 980 402 1020 Resp.
421 981 457 1011 ad
474 991 542 1020 arg.
562 981 731 1011 Dicendum
751 981 835 1021 quod
850 991 930 1020 opus
943 982 1046 1012 incar-

272 1034 407 1064 nationis
430 1035 700 1064 nianifcstativum
724 1037 769 1065 est
790 1034 909 1065 ‹livinae
934 1037 1045 1074 poten-

273 1087 335 1124 tiae,
352 1087 514 1126 sapientise
531 1090 561 1117 et
576 1087 733 1125 bonitatis,
750 1088 926 1117 secundum
945 1087 1047 1118 diver-

271 1150 321 1170 sas
344 1140 538 1170 conditiones
558 1140 590 1169 in
613 1141 680 1179 ipso
705 1143 855 1179 repertas.
883 1140 1046 1179 Contingit

271 1194 356 1224 enim
372 1193 457 1232 loqui
474 1193 510 1223 dc
526 1193 593 1233 ipso
615 1196 771 1232 (plantum
795 1194 832 1223 ad
849 1193 915 1232 ipsa
936 1194 1046 1223 unibi-

271 1247 322 1285 lia,
339 1250 369 1277 et
384 1250 541 1287 quantum
558 1247 595 1277 ad
613 1247 741 1276 unionis
751 1246 893 1283 modum,
908 1249 938 1277 et
947 1256 1047 1286 quan-

272 1303 341 1331 tum
362 1301 399 1331 ad
422 1301 552 1331 unionis
576 1301 726 1330 fructum.
754 1300 790 1330 In
812 1300 1045 1339 comparatione

271 1354 308 1384 ad
324 1354 473 1390 uniliilia,
490 1354 573 1384 inter
587 1363 659 1393 quce
675 1356 720 1384 est
737 1354 861 1384 infinita
877 1354 1023 1383 distantia
1036 1378 1043 1391 ,

272 1407 489 1438 manifestatur
509 1408 616 1438 divina
639 1408 797 1447 potentia3
824 1407 856 1436 in
880 1416 1045 1446 compara—

272 1461 355 1490 tione
377 1470 453 1491 vero
469 1461 508 1491 ad
524 1461 652 1491 unionis
669 1460 798 1490 modum
821 1459 1043 1498 congruentis-

271 1514 406 1552 simum,
423 1516 517 1553 prout
532 1513 725 1553 competebat
741 1513 779 1543 ad
795 1513 976 1543 humanum
995 1522 1044 1542 re-

272 1568 413 1597 medium
424 1592 431 1604 ,
469 1567 686 1597 manifestatur
721 1567 774 1597 Dei
809 1566 963 1606 sapientia
977 1576 983 1596 :
1013 1566 1045 1595 111

271 1620 505 1660 comparatione
528 1630 603 1650 vero
625 1620 664 1650 ad
685 1620 841 1656 fructum,
860 1619 926 1650 sive
950 1618 1045 1649 effec-

271 1676 340 1703 tum
363 1676 626 1713 consequentem,
652 1683 715 1713 quo
740 1683 772 1703 se
794 1673 909 1703 obtulit
930 1672 992 1703 Deo
1014 1674 1045 1703 et

271 1726 376 1757 Ρειῑῑί3
400 1728 436 1758 z'n
457 1727 583 1758 odorem
605 1727 801 1763 suar-itam,
826 1725 1045 1755 manifestatur

270 1780 379 1810 divina
401 1780 539 1817 bonitas,
557 1779 772 1809 misericordia
794 1780 824 1808 et
844 1778 990 1808 charitas.
1007 1777 1044 1808 Et

270 1832 330 1862 1100
345 1835 391 1863 est
406 1833 490 1872 quod
505 1832 580 1862 dicit
598 1832 808 1862 Damascenus
829 1831 862 1860 in
884 1831 964 1861 libro
980 1833 1042 1862 ter-

271 1885 331 1921 tio,
355 1886 455 1924 capite
480 1886 593 1924 primo.
610 1885 801 1915 Monstratur
821 1884 917 1914 simul
937 1885 970 1914 in
994 1884 1044 1915 in-

271 1939 452 1969 carnatione
466 1939 600 1975 bonitas
613 1939 736 1978 ,iustitia
750 1940 781 1968 et
797 1937 950 1977 sapientia
964 1937 1017 1967 Dei
1034 1947 1040 1967 ε

270 1992 392 2023 bonitas
412 1993 556 2032 quidem,
573 1993 648 2032 quia
670 2001 734 2022 non
759 1992 902 2031 despexit
922 1991 1042 2031 proprii

270 2046 432 2085 plasmatis
467 2046 703 2082 infirmitatem,
736 2045 789 2076 sed
821 2045 941 2075 viscera
973 2045 1043 2083 ejus

271 2102 429 2130 commota
444 2102 519 2130 sunt
535 2100 602 2139 ipso
616 2099 757 2137 cadente,
774 2100 805 2129 et
821 2107 954 2129 manum
972 2107 1043 2137 por-

270 2153 351 2182 rexit
364 2162 370 2189 3
384 2153 507 2191 justitia
519 2177 527 2191 ,
544 2153 695 2192 quoniam
718 2152 847 2182 homine
872 2151 969 2189 vieto,
988 2160 1044 2190 per

271 2207 380 2242 ilium,
406 2210 436 2237 et
460 2217 522 2237 non
546 2208 666 2243 alium,
687 2207 757 2237 fecit
784 2206 911 2237 vincere
934 2208 1043 2246 tyran-

270 2269 368 2296 num;
385 2261 547 2300 sapientia,
558 2262 708 2300 quoniam
724 2262 845 2293 invenit
855 2261 970 2301 aporiae
987 2261 1040 2300 (a),

270 2316 301 2346 id
317 2319 362 2347 est
376 2315 518 2345 vulneris
538 2315 673 2345 difficilis
693 2324 819 2352 curam,
844 2314 895 2345 vel
910 2314 1039 2345 solutio-

271 2380 343 2400 nem
359 2369 623 2400 decentissimam.
637 2368 793 2405 Quoniam
803 2378 880 2407 ergo
895 2368 928 2398 in
944 2369 1042 2398 incar-

271 2424 406 2454 nationis
421 2433 513 2463 opere
528 2423 702 2453 secundum
719 2421 983 2452 considerationes
997 2421 1044 2451 di-

272 2486 378 2507 versas
394 2476 543 2507 convenit
566 2475 710 2506 invenire
726 2475 927 2514 appropriata
942 2474 1042 2505 tribus

270 2531 412 2571 personis
428 2531 517 2561 valde
531 2530 721 2560 excellenter
735 2531 765 2559 et
780 2528 954 2568 praecipue3
968 2527 1043 2558 hinc

270 2587 315 2614 est
333 2585 418 2624 quod
433 2584 608 2624 conceptio,
624 2592 698 2614 cum
710 2583 749 2612 sit
764 2591 843 2621 opus
857 2582 954 2611 trium
970 2590 1043 2620 per-

304 2668 310 2682 1
326 2666 413 2695 Istumst,
435 2667 473 2689 35.
486 2679 515 2683 -—
525 2665 535 2680 Ξ
549 2663 650 2692 Mutela,
664 2670 682 2694 1y
699 2664 738 2687 20.
752 2674 781 2678 —
795 2662 805 2678 ³
820 2661 921 2692 tiphos„
936 2666 959 2690 V,
980 2663 1003 2684 2.
1013 2673 1042 2677 —

271 2702 280 2717 ⁵
297 2702 358 2725 Dist.
375 2707 429 2730 xix,
445 2709 489 2730 per
503 2702 671 2728 totum.—(a,
688 2698 756 2722 Edit.
779 2698 835 2720 ren.
852 2696 978 2727 aporiam.

1101 300 1264 326 sonarum,
1282 292 1479 331 appropriari
1500 294 1601 332 potest
1615 293 1717 324 tribus
1730 294 1872 333 personis

1101 343 1275 373 secundum
1310 343 1449 374 diversas
1479 346 1744 376 considerationes
1756 369 1763 383 ,
1792 346 1872 377 sicut

1101 397 1270 426 ostendunt
1284 397 1433 434 rationes,
1446 407 1517 437 quae
1532 399 1621 439 prius
1637 399 1774 430 inductae
1785 402 1870 430 sunt.

1102 447 1264 488 Scriptura
1283 451 1390 480 tamen
1412 451 1515 489 magis
1536 453 1718 492 appropriat
1742 452 1872 492 Spiritui

1101 503 1208 531 sancto
1219 525 1226 538 ,
1251 511 1348 541 quam
1365 503 1459 533 alicui
1475 504 1573 534 trium
1596 514 1803 545 personarum
1818 516 1824 542 3
1843 507 1873 535 et

1100 552 1160 583 hoc
1175 554 1290 593 duplici
1307 555 1440 593 ratione,
1456 556 1601 587 videlicet
1617 560 1745 598 propter
1757 558 1873 589 erroris

1100 607 1326 646 exclusionem,
1344 611 1374 639 et
1390 612 1516 649 propter
1533 610 1672 641 veritatis
1690 612 1872 642 manifesta-

1100 660 1218 691 tionem
1237 672 1242 692 :
1260 664 1387 702 propter
1411 664 1527 694 erroris
1544 664 1760 695 exclusionem
1774 688 1781 701 ,
1798 665 1874 704 quia

1101 713 1134 743 in
1149 716 1351 755 conceptione
1366 716 1508 747 humana
1523 717 1687 749 consuevit
1702 726 1734 748 se
1750 717 1873 748 immis-

1101 776 1169 797 cere
1196 768 1343 799 soeditatis
1368 771 1642 810 concupiscentia,
1670 780 1705 801 ac
1732 780 1789 810 per
1813 770 1873 801 1100

1101 821 1266 859 originalis
1280 823 1384 862 culpa.
1399 822 1443 853 Ne
1457 824 1533 854 illud
1549 833 1626 863 ergo
1642 824 1764 854 dicatur
1777 824 1873 855 fuisse

1100 873 1132 903 in
1169 876 1371 914 conceptione
1400 876 1532 914 Christi,
1559 877 1674 907 <licitur
1704 879 1875 917 conceptus

1100 926 1194 956 fnisse
1218 927 1255 957 de
1280 928 1400 967 Spiritu
1424 931 1531 959 sancto
1550 929 1612 960 :ad
1639 929 1873 960 excludendum

1101 980 1185 1009 enim
1201 981 1361 1011 carnalem
1377 982 1650 1021 commixtionem,
1665 974 1779 1012 dicitur
1793 991 1873 1013 con-

1101 1034 1208 1071 ceptus
1235 1033 1330 1063 fuisse
1354 1034 1393 1064 de
1418 1034 1532 1074 spiritu
1550 1045 1556 1065 z
1578 1035 1617 1065 ad
1639 1034 1873 1065 excludendum

1101 1095 1177 1116 vero
1199 1086 1461 1126 concupiscentiae
1476 1087 1663 1126 foeditatem,
1680 1087 1794 1118 dicitur
1809 1096 1875 1118 non

1101 1139 1204 1169 solum
1233 1142 1403 1180 conceptus
1427 1141 1523 1171 fuisse
1547 1141 1585 1171 de
1607 1141 1732 1180 spiritu,
1757 1141 1811 1172 sed
1836 1141 1875 1172 de

1101 1192 1219 1231 Spiritu
1235 1195 1354 1224 sancto.
1370 1193 1436 1224 Alia
1449 1203 1525 1225 vera
1542 1194 1633 1230 ratio,
1652 1195 1779 1234 propter
1792 1194 1875 1225 veri-

1101 1246 1172 1276 tatis
1207 1246 1491 1277 manifestationem
1521 1258 1527 1277 :
1560 1247 1640 1278 illud
1669 1247 1754 1278 enim
1789 1247 1876 1287 quod

1102 1298 1240 1329 maxime
1262 1300 1455 1339 praeparavit
1478 1299 1644 1339 Virginem
1668 1300 1708 1330 ad
1729 1299 1800 1330 Filii
1820 1299 1875 1330 Dei

1101 1353 1350 1392 conceptionem,
1367 1353 1427 1383 fuit
1442 1362 1532 1383 amor
1547 1353 1689 1391 divinus;
1702 1353 1787 1384 unde
1799 1362 1875 1392 que-

1101 1406 1308 1437 madmodum
1323 1407 1436 1437 mulier
1447 1407 1646 1446 concipitper
1656 1406 1718 1437 viri
1730 1406 1873 1437 dilectio-

1100 1468 1173 1489 nem
1185 1483 1192 1497 ,
1209 1459 1259 1490 vel
1275 1460 1510 1490 delectationem
1521 1484 1528 1497 ,
1547 1462 1577 1490 et
1590 1459 1691 1499 ipsius
1715 1459 1875 1490 «1111130510-

1100 1521 1186 1550 nem,
1203 1521 1275 1552 quae
1291 1515 1337 1543 est
1351 1522 1425 1543 cum
1439 1512 1591 1543 desiderio
1605 1514 1636 1542 et
1651 1520 1758 1542 amore
1773 1511 1874 1543 virtu-

1101 1565 1140 1595 tis
1166 1566 1381 1604 generativae;
1410 1565 1455 1596 510
1480 1565 1571 1595 beata
1598 1564 1716 1604 Virgo,
1747 1566 1875 1604 propter

1100 1620 1217 1650 amoris
1232 1619 1496 1658 singularitatem,
1513 1617 1718 1657 singulariter
1732 1617 1874 1657 concepit

1101 1673 1201 1703 Deum
1225 1682 1264 1703 ex
1279 1673 1341 1703 Deo
1360 1683 1366 1703 z
1385 1675 1416 1702 et
1432 1672 1500 1702 ideo
1516 1671 1695 1711 concepisse
1710 1670 1823 1701 dicitur
1838 1671 1876 1701 de

1101 1726 1221 1766 Spiritu
1242 1728 1361 1756 sancto.
1388 1725 1425 1755 Et
1448 1725 1531 1755 hanc
1554 1724 1710 1754 rationem
1737 1723 1877 1762 assignat

1100 1779 1195 1818 Ilugo
1219 1779 1256 1809 de
1272 1779 1386 1809 Sancto
1408 1777 1533 1808 Victore
1556 1777 1589 1807 in
1609 1777 1748 1816 quodam
1763 1785 1821 1806 5110
1836 1776 1877 1806 li..

1100 1834 1168 1870 bro,
1186 1832 1241 1863 ubi
1255 1832 1298 1862 sic
1313 1832 1387 1862 dicit
1401 1843 1407 1862 :
1422 1843 1436 1860 α
1453 1831 1601 1870 Concepit
1615 1830 1715 1869 Virgo
1728 1829 1826 1860 Maria
1837 1829 1875 1860 de

1100 1886 1221 1926 Spiritu
1235 1888 1342 1916 sancto
1353 1910 1360 1924 ,
1380 1894 1445 1916 non
1460 1884 1545 1924 quod
1564 1884 1603 1915 de
1624 1883 1761 1923 Spiritus
1776 1882 1875 1913 sancti

1101 1939 1276 1970 substantia
1292 1948 1400 1970 semen
1418 1939 1527 1978 partus
1541 1937 1716 1976 acceperit,
1730 1936 1785 1967 sed
1799 1935 1876 1976 quia

1100 2003 1155 2034 per
1170 2002 1312 2024 amorem
1327 1995 1357 2022 et
1379 1991 1599 2032 operationem
1623 1990 1759 2030 Spiritus
1775 1988 1875 2020 sancti

1101 2057 1141 2078 ex
1157 2056 1249 2078 carne
1264 2045 1406 2085 Virginis
1422 2045 1529 2075 divino
1545 2043 1649 2084 partui
1664 2042 1874 2074 substantiam

1100 2099 1305 2131 ministravit.
1324 2098 1404 2129 Nam
1427 2097 1502 2137 quia
1522 2097 1577 2128 Dei
1597 2105 1687 2128 amor
1702 2095 1874 2135 singulari-

1100 2156 1148 2184 ter
1162 2153 1195 2183 in
1211 2152 1302 2183 corde
1317 2151 1458 2191 Virginis
1475 2150 1621 2187 ardebat,
1638 2150 1708 2180 ideo
1723 2149 1759 2179 in
1779 2157 1874 2179 carne

1101 2208 1169 2245 ejiis
1192 2205 1348 2236 mirabilia
1370 2205 1518 2243 faciebat,
1537 2204 1630 2243 cujus
1651 2201 1774 2234 dilectio
1795 2201 1872 2242 quia

1100 2261 1134 2291 in
1154 2259 1247 2290 corde
1266 2268 1331 2290 non
1351 2257 1489 2297 suscepit
1511 2257 1651 2294 socium,
1674 2255 1815 2295 operatio
1839 2255 1873 2285 in

1101 2323 1194 2345 earne
1216 2313 1301 2343 illius
1324 2321 1389 2343 non
1404 2311 1539 2342 habebat
1556 2310 1751 2350 exemplum.
1769 2308 1805 2339 Et
1828 2308 1872 2339 510

1100 2368 1185 2407 patet
1205 2365 1288 2405 quod
1304 2367 1430 2404 propter
1455 2363 1570 2395 erroris
1592 2362 1806 2394 exclusionem
1818 2384 1827 2399 ,
1843 2362 1874 2392 et

1099 2419 1240 2451 veritatis
1270 2417 1575 2454 manifestationem,
1599 2415 1776 2447 incarnatio
1797 2413 1869 2445 Filii

1101 2472 1154 2503 Dei
1186 2471 1347 2511 potissime
1382 2469 1579 2510 appropriari
1616 2469 1708 2500 debet
1740 2467 1872 2507 Spiritui

1100 2527 1217 2556 sancto.
1244 2524 1282 2555 Et
1314 2526 1442 2563 propter
1467 2523 1524 2554 has
1546 2522 1682 2553 rationes
1703 2521 1783 2552 duas
1806 2520 1872 2551 fre-

1099 2580 1232 2618 quenter
1245 2577 1280 2608 in
1304 2577 1466 2616 Scriptura
1486 2576 1522 2605 fit
1540 2573 1753 2615 appropriatio
1764 2597 1773 2612 ,
1789 2573 1873 2604 sicut

1100 2634 1260 2662 ostensum
1275 2630 1333 2661 fuit
1347 2630 1381 2660 in
1393 2630 1473 2660 libro
1488 2629 1590 2668 primo
1602 2631 1623 2658 ¹·.

1141 2684 1188 2715 Ex
1206 2684 1256 2715 1115
1276 2687 1383 2714 autem
1402 2682 1566 2713 manifesta
1585 2685 1632 2712 est
1652 2681 1812 2722 responsio
1831 2679 1871 2711 ad
