2017 2960
197 205 255 232 572

193 277 258 299 non
282 268 340 299 nisi
364 268 480 304 bonos,
506 267 591 307 quod
624 265 831 305 semiplenam
857 264 970 295 habuit

192 321 369 357 victoriam.
386 320 554 351 dicendum
578 318 792 358 quodfalsum
812 319 875 348 est:
894 317 970 348 inuti

193 374 279 405 enim
306 383 361 414 per
390 375 553 413 peccatum
576 372 666 411 quasi
692 371 774 402 nihil
793 371 865 401 sacti
882 372 968 409 sunt,

194 427 275 458 etad
290 436 353 457 non
369 436 433 457 ess-c
451 425 584 455 tendunt
602 435 608 456 :
626 426 655 455 ct
670 424 738 454 ideo
754 424 896 464 ipsorum
914 424 965 454 ‹le-

194 480 276 511 fectu
291 480 323 510 in
338 479 474 509 nihilum
490 479 716 517 computantur
733 488 740 507 :
759 479 789 508 et
800 479 968 517 propterca

195 533 227 562 in
242 532 329 563 nullo
346 531 501 561 minuitur
516 530 680 569 plenitudo
697 529 849 568 victoriae,
869 530 894 559 si
910 530 972 569 ipsi

196 595 261 617 non
283 585 471 622 liberantur,
496 584 577 615 sicut
600 584 632 614 in
648 583 736 614 nullo
752 583 911 614 diminuta
926 584 972 613 est

196 637 357 679 plenitudo
377 637 513 668 civitatis
541 645 689 677 supernae
717 645 772 676 per
795 635 971 666 absentiam

198 692 368 722 malorum.

238 748 267 777 5.
292 746 339 776 Ad
361 745 439 776 illud
461 745 546 785 quod
569 744 728 784 objicitur,
746 743 831 783 quod
848 743 917 774 illos
931 742 973 772 li-

198 799 318 830 beravit
345 808 401 838 pro
431 798 550 838 quibus
579 806 690 837 passus
718 798 774 834 est,
803 796 973 827 (licendum

199 852 296 892 quod,
312 852 393 882 sicut
408 851 580 888 dicebatur,
596 850 655 880 hoc
666 858 779 880 verum
796 852 842 880 est
859 849 896 879 dc
910 847 974 878 illis

200 913 256 944 pro
275 904 389 944 quibus
413 903 590 943 patiebatur
615 904 774 942 quantum
799 901 838 932 ad
864 901 974 931 effica-

201 957 282 987 ciam
295 967 302 987 z
319 959 349 987 et
364 957 412 986 isti
424 956 480 986 soli
493 956 582 986 erant
597 955 695 993 electi,
713 955 767 994 qui
780 956 870 985 erant
884 954 916 983 in
926 953 974 983 in-

200 1011 298 1041 ferno.
326 1010 363 1041 Et
385 1010 409 1040 si
428 1012 463 1040 tn
482 1009 614 1049 objicias
631 1019 637 1039 :
661 1020 675 1038 α
690 1008 830 1039 Christus
852 1016 915 1038 nou
932 1015 978 1038 so-

200 1063 269 1093 lum
287 1072 344 1102 pro
367 1062 489 1100 electis,
506 1062 558 1093 sed
574 1062 669 1093 etiam
693 1069 748 1101 pro
764 1061 877 1100 impiis
891 1068 978 1092 mor-

204 1119 277 1147 {ints
292 1119 353 1153 est;
368 1128 382 1143 n
404 1115 573 1146 dicendum
598 1114 682 1154 quod
703 1114 764 1145 hoc
788 1113 978 1153 intelligitur

203 1170 241 1200 <lc
257 1169 362 1209 impiis
378 1169 432 1208 qni
448 1170 538 1199 crant
553 1168 585 1198 in
602 1169 685 1198 statu
700 1167 773 1205 viae,
791 1176 856 1197 non
872 1168 979 1197 autem

206 1223 244 1253 de
260 1222 319 1252 illis
340 1222 397 1262 qui
418 1224 508 1252 erant
532 1221 671 1251 damnati
693 1230 750 1260 per
773 1218 979 1251 diffinitivam

206 1276 406 1313 sententiam,
431 1274 540 1314 quales
562 1276 650 1304 erant
674 1274 718 1303 illi
742 1273 796 1313 qni
826 1274 915 1303 erant
948 1273 981 1302 in

209 1328 492 1368 profundissimum
508 1327 671 1357 infernum
687 1326 821 1357 detrusi.

249 1383 278 1411 6.
300 1381 346 1411 Aa
367 1380 443 1410 illud
473 1380 558 1420 quod
581 1380 694 1410 ultimo
718 1379 921 1418 quaerebatur
944 1378 982 1408 de

108 1456 133 1468 u„
153 1455 169 1467 ἢ.
191 1434 367 1473 parvulis,
391 1433 474 1472 quod
497 1433 674 1463 debuerunt
698 1432 843 1468 Itberari,
875 1431 981 1462 dicen-

111 2395 143 2415 Ad
157 2401 208 2423 opp,

210 1487 286 1517 dum
307 1486 391 1526 quod
412 1495 469 1516 nec
491 1486 549 1525 ipsi
565 1488 737 1525 potuerunt
750 1484 893 1521 liberari,
908 1484 985 1523 qula

211 1549 274 1570 non
295 1541 384 1570 erant
407 1540 436 1569 iu
458 1541 541 1569 statu
572 1539 606 1570 in
629 1548 693 1579 quo
725 1540 830 1569 essent
855 1546 985 1577 capaces

211 1594 323 1633 gratim
341 1593 471 1631 Christi3
498 1602 555 1624 nec
572 1593 685 1623 merita
709 1592 821 1623 Christi
843 1593 987 1632 poterant

213 1648 257 1678 eis
267 1646 448 1685 suffragari,
472 1655 529 1676 nec
551 1646 719 1676 satisfactio
743 1647 813 1685 eius
836 1654 892 1685 pro
913 1654 986 1685 pec·

212 1703 280 1731 cato
303 1700 379 1731 Adae
403 1701 440 1730 ad
464 1709 517 1730 eos
537 1699 675 1730 habebat
689 1699 829 1730 extendi.
849 1699 896 1729 Ad
918 1699 987 1729 illos

213 1756 299 1786 enim
314 1765 345 1786 se
361 1755 512 1793 extendit,
529 1755 582 1795 qui
600 1755 741 1786 membra
757 1755 826 1794 ejus
842 1754 988 1784 efficiun-

212 1811 266 1839 tur
280 1818 335 1849 per
350 1808 456 1846 Iidem,
474 1808 524 1838 vel
539 1817 594 1848 per
608 1807 736 1847 aliquod
751 1808 988 1837 sacramentum

215 1861 299 1892 fidei.
317 1860 404 1892 Unde
423 1861 504 1892 sicut
524 1860 649 1900 parvuli
664 1859 847 1890 decedentes
870 1858 904 1888 in
925 1858 988 1888 ori-

215 1914 317 1953 ginali
341 1916 468 1954 peccato
495 1915 602 1943 carent
636 1913 666 1942 iu
702 1916 893 1952 perpetuum
925 1911 992 1942 vita

216 1969 307 2000 beata
320 1993 327 2005 ,
346 1969 388 1999 sic
408 1971 438 1999 et
458 1968 501 1998 illi
518 1968 570 2008 qui
583 1969 653 2007 ,iam
674 1967 708 1998 in
723 1967 885 1998 infernum
902 1968 992 1997 erant

219 2021 353 2052 detrusi.
367 2021 434 2052 Alia
451 2030 526 2052 vero
542 2029 614 2060 quae
630 2019 865 2060 quaerebantur,
878 2028 934 2059 pcr
942 2028 990 2057 ea,

219 2083 291 2114 quae
321 2074 403 2105 dicta
428 2075 518 2111 sunt,
535 2073 609 2104 satis
635 2076 767 2112 possunt
785 2071 990 2103 manifestari.

481 2185 659 2224 QUAESTIO
681 2184 732 2216 Vl.

223 2269 268 2296 An
283 2269 380 2295 anz'moe
386 2274 435 2302 per
445 2266 578 2294 Christum
592 2267 713 2293 liberatoe
723 2267 818 2293 statim
828 2265 995 2293 ascenderint

528 2312 556 2337 z'n
571 2311 662 2338 coelum
674 2314 693 2341 ¹,

265 2391 377 2422 Utrum
398 2390 503 2420 statim
540 2391 609 2429 post
630 2390 766 2419 mortem
788 2388 1000 2419 introduxerit

225 2453 278 2475 eas
292 2444 325 2474 in
340 2443 455 2474 coelum
469 2454 476 2481 3
493 2445 522 2473 et
534 2441 618 2482 quod
629 2441 683 2480 sic,
699 2441 825 2472 videtur
840 2450 896 2481 per
908 2440 998 2479 illud,

227 2498 311 2537 quod
331 2497 409 2529 dixit
431 2495 585 2528 Dominus
608 2495 646 2526 ad
667 2494 823 2525 latronem
837 2494 848 2511 ’
865 2505 872 2525 :
893 2493 998 2526 Hodie

230 2558 349 2582 mecum
367 2550 430 2582 eris
450 2551 486 2581 in
510 2547 676 2588 paradiso.
708 2547 744 2579 Et
769 2549 890 2578 constat
915 2547 1000 2588 quod

265 2631 321 2659 ¹Cs.
333 2631 501 2661 S.Th0m.,p.
514 2630 589 2660 111,q.
604 2634 666 2658 Lm,
676 2630 722 2652 art.
736 2630 766 2658 ¹5
781 2630 805 2652 et
816 2629 846 2653 III
856 2629 1000 2658 Sent.,dIst.

232 2672 298 2696 xxix,
310 2669 355 2690 art,
370 2669 390 2696 t,
400 2674 424 2698 q.
438 2666 617 2697 111;et0pusc.
633 2664 674 2695 III,
687 2664 1001 2695 e.ccx1.vu;1tiehardus,

713 196 1026 230 SENTENTIARUM
1049 197 1122 228 LlB.
1147 197 1199 228 Ill.

1026 265 1103 297 illud
1119 274 1183 296 non
1198 264 1388 304 intelligitur
1410 264 1448 296 de
1478 265 1622 305 paradiso
1646 266 1798 303 terrestri,

1025 319 1099 358 quia
1118 328 1182 349 non
1206 327 1363 358 inagnum
1388 320 1467 349 esset
1490 318 1534 348 illi
1554 318 1670 349 animae
1685 327 1751 350 esse
1765 319 1798 349 in

1026 371 1078 401 illo
1094 371 1237 411 paradiso
1255 381 1262 402 :
1279 380 1356 410 ergo
1372 370 1564 409 intelligitur
1576 370 1613 402 de
1629 370 1758 401 coelesti.

1065 426 1094 455 2.
1114 424 1191 454 Item
1213 424 1319 454 statim
1346 424 1414 463 post
1441 425 1578 454 mortem
1605 426 1712 463 aperta
1740 424 1800 455 fnit

1023 478 1134 517 janua,
1151 479 1181 508 et
1194 477 1273 508 nihil
1295 477 1353 507 fnit
1377 476 1508 507 omniuo
1523 477 1706 508 retardans:
1723 487 1801 518 ergo

1028 530 1155 561 vitlctur
1178 531 1263 570 quod
1283 530 1389 560 anima
1414 529 1528 559 Christi
1554 538 1628 559 cnm
1644 529 1712 560 aliis
1732 530 1800 560 ani-

1030 583 1141 614 mabus
1157 583 1262 613 statim
1278 583 1310 612 in
1324 582 1442 613 coelum
1457 581 1641 613 evolaverit.

1070 637 1099 666 3.
1130 636 1209 667 Item
1233 636 1320 667 loeus
1349 635 1494 674 superior
1532 634 1681 674 competit
1708 634 1804 665 statui

1030 689 1152 728 gloria),
1178 689 1259 720 sicut
1284 689 1369 719 locus
1391 688 1519 719 inferior
1542 687 1690 727 competit
1710 687 1804 718 statui

1031 743 1132 783 cnlpae
1149 752 1156 774 :
1174 752 1252 783 ergo
1278 743 1359 773 sicut
1385 742 1501 773 anImae
1526 742 1683 772 damnatae
1699 741 1805 771 statim

1031 796 1225 827 descendunt
1240 796 1273 826 in
1287 796 1462 834 infernum,
1479 795 1522 826 ita
1537 794 1651 825 animae
1665 794 1806 825 liberatae

1031 849 1138 880 statim
1151 849 1265 880 debent
1281 848 1407 879 evolare
1422 848 1456 878 in
1472 848 1587 879 coelum
1602 858 1609 879 ε
1630 847 1682 878 sed
1698 847 1804 877 statim

1033 904 1102 942 post
1127 904 1262 933 mortem
1287 901 1401 933 Christi
1422 902 1538 932 animae
1553 901 1625 940 illae,
1649 909 1722 940 quae
1736 900 1805 930 fue-

1033 957 1110 986 runt
1128 956 1161 985 iu
1176 955 1310 992 inferno,
1328 955 1460 985 suerunt
1473 954 1542 984 luce
1558 961 1706 993 supernae
1719 953 1806 984 veri-

1034 1008 1105 1039 tatis
1127 1007 1285 1039 irradiatae
1308 1018 1314 1037 :
1340 1015 1418 1046 ergo
1446 1007 1550 1038 statim
1577 1006 1755 1037 debuerunt
1776 1005 1809 1035 in

1035 1062 1151 1093 coelum
1167 1061 1302 1092 traduci.

1076 1117 1106 1145 [ι.
1131 1114 1209 1145 Item
1232 1114 1321 1145 nulla
1345 1114 1452 1144 anima
1477 1113 1588 1153 purior
1612 1113 1681 1151 suit,
1712 1121 1811 1153 quam

1036 1168 1143 1199 anima
1158 1167 1271 1198 Christi
1289 1178 1294 1197 :
1313 1167 1367 1198 sed
1391 1167 1508 1198 animae
1531 1168 1713 1197 sanctornm
1729 1175 1812 1196 mar-

1037 1224 1164 1260 tyrum,
1192 1220 1246 1259 qni
1274 1220 1367 1250 modo
1387 1220 1585 1257 moriuntur,
1604 1219 1711 1249 statim
1734 1227 1810 1250 evo-

1037 1275 1103 1304 lant
1119 1285 1125 1305 z
1144 1282 1222 1313 crgo
1237 1273 1342 1303 anima
1368 1272 1482 1303 Christi
1503 1272 1608 1303 statim
1627 1271 1765 1303 evolavit
1779 1271 1812 1302 in

1039 1328 1155 1358 coelum
1174 1337 1179 1358 z
1198 1327 1249 1357 sed
1266 1336 1331 1357 non
1347 1326 1486 1357 aseendit
1508 1327 1602 1365 caput
1623 1325 1689 1356 sine
1709 1333 1811 1355 mem-

1039 1381 1123 1411 bris:
1143 1389 1220 1419 crgo
1235 1380 1305 1410 aliae
1321 1380 1438 1410 animae
1458 1380 1527 1419 post
1549 1379 1685 1409 mortem
1700 1377 1812 1408 Christi

1040 1433 1145 1463 statim
1161 1432 1199 1463 ad
1214 1432 1329 1463 coelum
1344 1432 1473 1462 fuerunt
1490 1431 1661 1471 perductae.

1081 1484 1141 1516 Seii
1161 1485 1310 1515 contra³z
1330 1483 1480 1516 Ascendit
1497 1482 1642 1523 pandens
1662 1483 1724 1515 iter
1743 1485 1814 1515 ame

1042 1546 1104 1574 eos,
1127 1537 1242 1568 dicitur
1267 1537 1304 1568 de
1326 1537 1446 1568 Christo
1469 1548 1475 1567 ι
1503 1537 1555 1568 sed
1582 1536 1724 1567 Christus
1751 1545 1815 1567 non

1043 1591 1181 1622 ascendit
1204 1591 1243 1620 ad
1263 1590 1380 1620 coelum
1403 1598 1503 1630 usque
1519 1589 1558 1620 ad
1574 1589 1659 1620 diem
1679 1589 1816 1628 quadra-

1044 1645 1205 1685 gesimum
1232 1646 1301 1684 post
1326 1644 1589 1675 resurrectionem
1618 1653 1625 1673 z
1655 1651 1734 1682 ergo
1760 1651 1818 1674 nec

1044 1697 1160 1728 animae
1184 1697 1319 1727 aliorum
1342 1697 1537 1733 sanctorum,
1565 1704 1638 1735 quae
1668 1696 1758 1726 erant
1784 1694 1819 1726 in

1044 1751 1154 1781 limbo.

1086 1803 1163 1834 Item
1183 1802 1371 1834 resurrectio
1395 1801 1503 1832 debuit
1523 1800 1699 1841 praecedere
1714 1809 1820 1832 ascen-

1046 1856 1168 1887 sionem
1195 1867 1201 1886 :
1231 1856 1284 1887 sed
1316 1864 1381 1886 non
1412 1854 1588 1885 resurrexit
1616 1853 1722 1884 statim
1751 1855 1821 1893 post

1047 1911 1183 1940 mortem
1208 1920 1215 1939 ε
1244 1917 1322 1947 ergo
1356 1907 1481 1938 videtur
1507 1906 1593 1947 quod
1624 1915 1682 1937 nec
1713 1906 1822 1938 anima

1047 1963 1158 2003 ipsius,
1183 1971 1239 1992 nec
1263 1961 1334 1992 aliae
1353 1961 1470 1991 animae
1484 1959 1694 1991 ascenderunt
1708 1959 1742 1990 in
1759 1967 1820 1991 cae-

1049 2016 1116 2047 luni
1134 2017 1205 2046 ante
1221 2015 1304 2045 diem
1317 2013 1460 2044 tertium.

1090 2068 1167 2099 Item
1181 2068 1214 2098 in
1229 2067 1366 2107 quadam
1375 2065 1502 2097 collecta
1515 2065 1547 2096 in
1556 2065 1605 2096 die
1615 2064 1825 2096 Resurrectio-

1050 2122 1097 2153 nis
1113 2121 1247 2153 dieitur:
1266 2121 1359 2158 Deus,
1374 2120 1431 2159 qui
1444 2119 1636 2152 oeterm'catis
1647 2118 1739 2151 nobis
1750 2118 1825 2151 adi-

1051 2179 1116 2207 tum
1140 2175 1266 2207 devicta
1287 2175 1382 2205 morte
1407 2173 1585 2205 reserasti:
1608 2181 1685 2212 ergo
1700 2172 1825 2204 videtur

1050 2229 1134 2269 quod
1150 2229 1221 2258 ante
1239 2227 1324 2257 diem
1341 2226 1581 2257 resurrectionis
1605 2234 1671 2256 non
1694 2225 1825 2256 fuerunt

1051 2282 1167 2312 animae
1182 2281 1303 2311 eductae
1318 2279 1356 2310 de
1371 2279 1469 2310 limbo
1483 2278 1609 2309 inferni.

1092 2335 1170 2365 Item
1186 2332 1327 2365 Christus
1337 2356 1345 2371 ‚
1359 2340 1434 2362 cum
1454 2330 1639 2368 resurrexit,
1654 2329 1770 2360 dIcitur
1784 2329 1824 2360 ab

1053 2387 1161 2418 inferis
1187 2386 1314 2417 rediisse
1337 2385 1376 2416 ad
1404 2392 1535 2424 superos
1559 2394 1566 2414 :
1590 2382 1643 2414 sed
1667 2382 1694 2413 si
1716 2382 1825 2413 anima

1054 2441 1123 2480 ejus
1147 2440 1252 2471 statim
1276 2439 1346 2480 post
1367 2439 1502 2469 mortem
1525 2435 1603 2467 alias
1626 2435 1748 2466 animas
1761 2435 1824 2467 du-

1054 2494 1151 2525 xisset
1172 2493 1212 2524 ad
1227 2492 1336 2530 coetos,
1357 2499 1423 2522 non
1436 2489 1476 2521 ab
1490 2489 1600 2520 inferis
1622 2488 1764 2520 rediisset
1783 2489 1824 2520 ad

1054 2555 1195 2588 superOS,
1212 2546 1265 2578 sed
1284 2545 1387 2586 potius
1401 2543 1439 2575 de
1455 2542 1602 2583 supernis
1615 2541 1825 2574 descendisset

1057 2628 1086 2651 ΙΙΙ
1098 2628 1175 2657 sient„
1187 2627 1245 2651 dist.
1256 2632 1321 2656 nir,
1331 2627 1376 2649 art.
1390 2625 1412 2654 4,
1423 2622 1822 2655 q.1352ep11.Bruler.‚111Sem,

1057 2664 1114 2689 dist.
1131 2668 1194 2693 xxii,
1207 2670 1232 2695 q.
1247 2661 1345 2687 v1.—-¹
1357 2661 1423 2689 Luc„
1439 2661 1605 2689 xx111‚42.-
1617 2659 1627 2676 ⁸
1639 2658 1725 2690 fuich..
1740 2664 1768 2690 11,
1785 2659 1822 2684 ¹3.

1830 1494 1934 1515 Fundam.
