<?xml version="1.0" encoding="UTF-8"?>
<!DOCTYPE html PUBLIC "-//W3C//DTD XHTML 1.0 Transitional//EN"
    "http://www.w3.org/TR/xhtml1/DTD/xhtml1-transitional.dtd">
<html xmlns="http://www.w3.org/1999/xhtml" xml:lang="en" lang="en">
 <head>
  <title>
</title>
<meta http-equiv="Content-Type" content="text/html;charset=utf-8" />
  <meta name='ocr-system' content='tesseract 3.04.00' />
  <meta name='ocr-capabilities' content='ocr_page ocr_carea ocr_par ocr_line ocrx_word'/>
</head>
<body>
  <div class='ocr_page' id='page_1' title='image "./operaomniasixtiv04bonauoft/operaomniasixtiv04bonauoft_0387.png"; bbox 0 0 2017 2960; ppageno 0'>
   <div class='ocr_carea' id='block_1_1' title="bbox 805 134 1760 174">
    <p class='ocr_par' dir='ltr' id='par_1_1' title="bbox 805 134 1760 174">
     <span class='ocr_line' id='line_1_1' title="bbox 805 134 1760 174; baseline 0.005 -7"><span class='ocrx_word' id='word_1_1' title='bbox 805 135 990 168; x_wconf 85' lang='lat' dir='ltr'>DISTINCT.</span> <span class='ocrx_word' id='word_1_2' title='bbox 1015 134 1113 166; x_wconf 83' lang='lat' dir='ltr'>XVII.</span> <span class='ocrx_word' id='word_1_3' title='bbox 1702 145 1760 174; x_wconf 83' lang='lat'>365</span> 
     </span>
    </p>
   </div>
   <div class='ocr_carea' id='block_1_2' title="bbox 39 203 1761 480">
    <p class='ocr_par' dir='ltr' id='par_1_2' title="bbox 158 203 1760 423">
     <span class='ocr_line' id='line_1_2' title="bbox 160 203 1755 251; baseline -0.001 -11"><span class='ocrx_word' id='word_1_4' title='bbox 160 207 285 240; x_wconf 89' lang='lat' dir='ltr'>ratione</span> <span class='ocrx_word' id='word_1_5' title='bbox 307 207 397 251; x_wconf 86' lang='lat' dir='ltr'>cupit</span> <span class='ocrx_word' id='word_1_6' title='bbox 416 206 549 239; x_wconf 90' lang='lat' dir='ltr'>dissolvi</span> <span class='ocrx_word' id='word_1_7' title='bbox 573 209 605 238; x_wconf 82' lang='lat' dir='ltr'>et</span> <span class='ocrx_word' id='word_1_8' title='bbox 623 216 690 239; x_wconf 90' lang='lat' dir='ltr'>esse</span> <span class='ocrx_word' id='word_1_9' title='bbox 713 215 789 238; x_wconf 86' lang='lat' dir='ltr'>cum</span> <span class='ocrx_word' id='word_1_10' title='bbox 814 203 964 244; x_wconf 84' lang='lat' dir='ltr'>Christo3</span> <span class='ocrx_word' id='word_1_11' title='bbox 995 214 1092 236; x_wconf 88' lang='lat' dir='ltr'>sensu</span> <span class='ocrx_word' id='word_1_12' title='bbox 1117 206 1227 236; x_wconf 82' lang='lat' dir='ltr'>autem</span> <span class='ocrx_word' id='word_1_13' title='bbox 1250 203 1358 236; x_wconf 88' lang='lat' dir='ltr'>carnis</span> <span class='ocrx_word' id='word_1_14' title='bbox 1380 203 1503 248; x_wconf 80' lang='lat' dir='ltr'>refugit</span> <span class='ocrx_word' id='word_1_15' title='bbox 1531 210 1562 238; x_wconf 83' lang='lat' dir='ltr'>et</span> <span class='ocrx_word' id='word_1_16' title='bbox 1583 213 1720 241; x_wconf 82' lang='lat' dir='ltr'>recusat.</span> <span class='ocrx_word' id='word_1_17' title='bbox 1739 223 1755 240; x_wconf 71' lang='lat' dir='ltr'>n</span> 
     </span>
     <span class='ocr_line' id='line_1_3' title="bbox 158 260 1759 307; baseline 0.001 -10"><span class='ocrx_word' id='word_1_18' title='bbox 158 264 227 297; x_wconf 91' lang='lat' dir='ltr'>Hoc</span> <span class='ocrx_word' id='word_1_19' title='bbox 254 264 352 297; x_wconf 86' lang='lat' dir='ltr'>habet</span> <span class='ocrx_word' id='word_1_20' title='bbox 380 264 546 296; x_wconf 87' lang='lat' dir='ltr'>humanus</span> <span class='ocrx_word' id='word_1_21' title='bbox 569 263 716 304; x_wconf 86' lang='lat' dir='ltr'>affectus,</span> <span class='ocrx_word' id='word_1_22' title='bbox 743 261 900 307; x_wconf 87' lang='lat' dir='ltr'>quoniam</span> <span class='ocrx_word' id='word_1_23' title='bbox 929 261 987 306; x_wconf 87' lang='lat' dir='ltr'>qui</span> <span class='ocrx_word' id='word_1_24' title='bbox 1017 260 1125 303; x_wconf 79' lang='lat' dir='ltr'>diligit</span> <span class='ocrx_word' id='word_1_25' title='bbox 1150 260 1266 302; x_wconf 86' lang='lat' dir='ltr'>vitam,</span> <span class='ocrx_word' id='word_1_26' title='bbox 1291 261 1360 294; x_wconf 87' lang='lat' dir='ltr'>odit</span> <span class='ocrx_word' id='word_1_27' title='bbox 1390 266 1539 296; x_wconf 88' lang='lat' dir='ltr'>mortem.</span> <span class='ocrx_word' id='word_1_28' title='bbox 1570 263 1759 299; x_wconf 87' lang='lat' dir='ltr'>Secundum</span> 
     </span>
     <span class='ocr_line' id='line_1_4' title="bbox 159 319 1760 362; baseline 0.002 -8"><span class='ocrx_word' id='word_1_29' title='bbox 159 322 259 355; x_wconf 87' lang='lat' dir='ltr'>istum</span> <span class='ocrx_word' id='word_1_30' title='bbox 287 321 439 354; x_wconf 81' lang='lat' dir='ltr'>affectum</span> <span class='ocrx_word' id='word_1_31' title='bbox 468 320 617 354; x_wconf 89' lang='lat' dir='ltr'>Christus</span> <span class='ocrx_word' id='word_1_32' title='bbox 645 321 728 354; x_wconf 89' lang='lat' dir='ltr'>mori</span> <span class='ocrx_word' id='word_1_33' title='bbox 751 320 870 360; x_wconf 87' lang='lat' dir='ltr'>noluit,</span> <span class='ocrx_word' id='word_1_34' title='bbox 895 330 954 352; x_wconf 85' lang='lat' dir='ltr'>nec</span> <span class='ocrx_word' id='word_1_35' title='bbox 982 319 1126 351; x_wconf 87' lang='lat' dir='ltr'>obtinuit</span> <span class='ocrx_word' id='word_1_36' title='bbox 1153 319 1240 362; x_wconf 83' lang='lat' dir='ltr'>quod</span> <span class='ocrx_word' id='word_1_37' title='bbox 1269 319 1451 353; x_wconf 89' lang='lat' dir='ltr'>secundum</span> <span class='ocrx_word' id='word_1_38' title='bbox 1480 321 1580 355; x_wconf 90' lang='lat' dir='ltr'>istum</span> <span class='ocrx_word' id='word_1_39' title='bbox 1605 322 1760 357; x_wconf 84' lang='lat' dir='ltr'>affectum</span> 
     </span>
     <span class='ocr_line' id='line_1_5' title="bbox 161 379 264 423; baseline -0.01 -11"><span class='ocrx_word' id='word_1_40' title='bbox 161 379 264 423; x_wconf 89' lang='lat' dir='ltr'>petiit.</span> 
     </span>
    </p>

    <p class='ocr_par' dir='ltr' id='par_1_3' title="bbox 39 434 1761 480">
     <span class='ocr_line' id='line_1_6' title="bbox 39 434 1761 480; baseline 0.003 -12"><span class='ocrx_word' id='word_1_41' title='bbox 39 442 145 461; x_wconf 60' lang='lat' dir='ltr'>Auctorin</span> <span class='ocrx_word' id='word_1_42' title='bbox 206 437 254 469; x_wconf 81' lang='lat' dir='ltr'>Ex</span> <span class='ocrx_word' id='word_1_43' title='bbox 269 436 387 469; x_wconf 85' lang='lat' dir='ltr'>affectu</span> <span class='ocrx_word' id='word_1_44' title='bbox 403 447 480 480; x_wconf 87' lang='lat' dir='ltr'>ergo</span> <span class='ocrx_word' id='word_1_45' title='bbox 493 436 653 477; x_wconf 89' lang='lat' dir='ltr'>humano,</span> <span class='ocrx_word' id='word_1_46' title='bbox 668 448 766 480; x_wconf 86' lang='lat' dir='ltr'>quem</span> <span class='ocrx_word' id='word_1_47' title='bbox 778 436 817 469; x_wconf 91' lang='lat' dir='ltr'>de</span> <span class='ocrx_word' id='word_1_48' title='bbox 828 435 967 478; x_wconf 74' lang='lat' dir='ltr'>Virgine</span> <span class='ocrx_word' id='word_1_49' title='bbox 983 435 1094 476; x_wconf 78' lang='lat' dir='ltr'>traxit,</span> <span class='ocrx_word' id='word_1_50' title='bbox 1110 434 1241 467; x_wconf 81' lang='lat' dir='ltr'>volebat</span> <span class='ocrx_word' id='word_1_51' title='bbox 1250 446 1316 467; x_wconf 89' lang='lat' dir='ltr'>non</span> <span class='ocrx_word' id='word_1_52' title='bbox 1328 436 1424 478; x_wconf 89' lang='lat' dir='ltr'>mori,</span> <span class='ocrx_word' id='word_1_53' title='bbox 1437 441 1468 469; x_wconf 90' lang='lat' dir='ltr'>et</span> <span class='ocrx_word' id='word_1_54' title='bbox 1478 436 1611 471; x_wconf 82' lang='lat' dir='ltr'>calicem</span> <span class='ocrx_word' id='word_1_55' title='bbox 1624 440 1761 473; x_wconf 87' lang='lat' dir='ltr'>transire</span> 
     </span>
    </p>
   </div>
   <div class='ocr_carea' id='block_1_3' title="bbox 52 471 1762 537">
    <p class='ocr_par' dir='ltr' id='par_1_4' title="bbox 52 471 1762 537">
     <span class='ocr_line' id='line_1_7' title="bbox 52 471 1762 537; baseline 0.002 -8"><span class='ocrx_word' id='word_1_56' title='bbox 52 471 130 529; x_wconf 44' lang='grc' dir='ltr'>ῗτίὲἲῖῗ</span> <span class='ocrx_word' id='word_1_57' title='bbox 163 494 286 528; x_wconf 84' lang='lat' dir='ltr'>orabat.</span> <span class='ocrx_word' id='word_1_58' title='bbox 304 494 399 528; x_wconf 85' lang='lat' dir='ltr'><strong>Unde</strong></span> <span class='ocrx_word' id='word_1_59' title='bbox 413 494 515 527; x_wconf 84' lang='lat' dir='ltr'>Beda¹</span> <span class='ocrx_word' id='word_1_60' title='bbox 532 506 539 527; x_wconf 92' lang='lat'><strong>:</strong></span> <span class='ocrx_word' id='word_1_61' title='bbox 565 507 581 525; x_wconf 87' lang='lat'>«</span> <span class='ocrx_word' id='word_1_62' title='bbox 595 493 674 527; x_wconf 84' lang='lat' dir='ltr'>Orat</span> <span class='ocrx_word' id='word_1_63' title='bbox 690 494 828 527; x_wconf 88' lang='lat' dir='ltr'>transire</span> <span class='ocrx_word' id='word_1_64' title='bbox 839 494 985 534; x_wconf 79' lang='lat' dir='ltr'>calicem,</span> <span class='ocrx_word' id='word_1_65' title='bbox 1002 493 1082 537; x_wconf 84' lang='lat' dir='ltr'>quia</span> <span class='ocrx_word' id='word_1_66' title='bbox 1095 493 1193 525; x_wconf 88' lang='lat' dir='ltr'>homo</span> <span class='ocrx_word' id='word_1_67' title='bbox 1208 497 1288 532; x_wconf 79' lang='lat' dir='ltr'>erat,</span> <span class='ocrx_word' id='word_1_68' title='bbox 1306 493 1415 526; x_wconf 89' lang='lat' dir='ltr'>dicens</span> <span class='ocrx_word' id='word_1_69' title='bbox 1426 498 1436 514; x_wconf 84' lang='lat'>²</span> <span class='ocrx_word' id='word_1_70' title='bbox 1454 507 1461 527; x_wconf 95' lang='lat'>:</span> <span class='ocrx_word' id='word_1_71' title='bbox 1479 497 1592 535; x_wconf 73' lang='lat' dir='ltr'>Pater,</span> <span class='ocrx_word' id='word_1_72' title='bbox 1611 503 1762 531; x_wconf 78' lang='lat' dir='ltr'>transeat</span> 
     </span>
    </p>
   </div>
   <div class='ocr_carea' id='block_1_4' title="bbox 45 534 140 554">
    <p class='ocr_par' dir='ltr' id='par_1_5' title="bbox 45 534 140 554">
     <span class='ocr_line' id='line_1_8' title="bbox 45 534 140 554; baseline 0.011 -1"><span class='ocrx_word' id='word_1_73' title='bbox 45 534 140 554; x_wconf 76' lang='lat' dir='ltr'>diversas</span> 
     </span>
    </p>
   </div>
   <div class='ocr_carea' id='block_1_5' title="bbox 35 551 1766 2458">
    <p class='ocr_par' dir='ltr' id='par_1_6' title="bbox 35 551 1766 2458">
     <span class='ocr_line' id='line_1_9' title="bbox 47 551 1758 598; baseline 0.003 -13"><span class='ocrx_word' id='word_1_74' title='bbox 47 564 68 584; x_wconf 72' lang='lat' dir='ltr'>in</span> <span class='ocrx_word' id='word_1_75' title='bbox 80 564 139 585; x_wconf 80' lang='lat' dir='ltr'>Chri·</span> <span class='ocrx_word' id='word_1_76' title='bbox 163 566 183 586; x_wconf 81' lang='lat' dir='ltr'>a</span> <span class='ocrx_word' id='word_1_77' title='bbox 198 565 251 586; x_wconf 86' lang='lat' dir='ltr'>me</span> <span class='ocrx_word' id='word_1_78' title='bbox 264 554 354 587; x_wconf 72' lang='lat' dir='ltr'>calix</span> <span class='ocrx_word' id='word_1_79' title='bbox 373 554 445 586; x_wconf 82' lang='lat' dir='ltr'>iste.</span> <span class='ocrx_word' id='word_1_80' title='bbox 473 553 553 586; x_wconf 88' lang='lat' dir='ltr'>Ecce</span> <span class='ocrx_word' id='word_1_81' title='bbox 577 553 675 586; x_wconf 81' lang='lat' dir='ltr'>habet</span> <span class='ocrx_word' id='word_1_82' title='bbox 698 552 900 585; x_wconf 84' lang='lat' dir='ltr'>voluntatem</span> <span class='ocrx_word' id='word_1_83' title='bbox 928 551 1108 584; x_wconf 83' lang='lat' dir='ltr'><strong>humanam</strong></span> <span class='ocrx_word' id='word_1_84' title='bbox 1133 562 1331 595; x_wconf 80' lang='lat' dir='ltr'>expressam.</span> <span class='ocrx_word' id='word_1_85' title='bbox 1356 553 1440 585; x_wconf 69' lang='lat' dir='ltr'>Vide</span> <span class='ocrx_word' id='word_1_86' title='bbox 1460 554 1530 598; x_wconf 89' lang='lat' dir='ltr'>jam</span> <span class='ocrx_word' id='word_1_87' title='bbox 1546 560 1671 588; x_wconf 83' lang='lat' dir='ltr'>rectum</span> <span class='ocrx_word' id='word_1_88' title='bbox 1686 567 1758 590; x_wconf 91' lang='lat' dir='ltr'>cor:</span> 
     </span>
     <span class='ocr_line' id='line_1_10' title="bbox 35 595 1759 656; baseline 0.001 -10"><span class='ocrx_word' id='word_1_89' title='bbox 35 595 147 647; x_wconf 44' lang='grc' dir='ltr'>ξιῖζιῖιζω</span> <span class='ocrx_word' id='word_1_90' title='bbox 161 611 227 644; x_wconf 82' lang='lat' dir='ltr'>Sed</span> <span class='ocrx_word' id='word_1_91' title='bbox 239 623 305 645; x_wconf 81' lang='lat' dir='ltr'>non</span> <span class='ocrx_word' id='word_1_92' title='bbox 319 611 406 656; x_wconf 78' lang='lat' dir='ltr'>quod</span> <span class='ocrx_word' id='word_1_93' title='bbox 419 622 475 656; x_wconf 75' lang='lat' dir='ltr'>eqo</span> <span class='ocrx_word' id='word_1_94' title='bbox 486 612 569 651; x_wconf 77' lang='lat' dir='ltr'>volo,</span> <span class='ocrx_word' id='word_1_95' title='bbox 582 610 639 644; x_wconf 80' lang='lat' dir='ltr'>sed</span> <span class='ocrx_word' id='word_1_96' title='bbox 652 610 739 655; x_wconf 78' lang='lat' dir='ltr'>quod</span> <span class='ocrx_word' id='word_1_97' title='bbox 747 617 782 643; x_wconf 78' lang='lat' dir='ltr'>tec</span> <span class='ocrx_word' id='word_1_98' title='bbox 799 610 857 642; x_wconf 65' lang='lat' dir='ltr'>vis.</span> <span class='ocrx_word' id='word_1_99' title='bbox 878 609 969 642; x_wconf 71' lang='lat' dir='ltr'>Unde</span> <span class='ocrx_word' id='word_1_100' title='bbox 983 609 1063 641; x_wconf 87' lang='lat' dir='ltr'>alibi</span> <span class='ocrx_word' id='word_1_101' title='bbox 1073 608 1082 624; x_wconf 81' lang='lat'>³</span> <span class='ocrx_word' id='word_1_102' title='bbox 1100 621 1106 641; x_wconf 91' lang='lat'>:</span> <span class='ocrx_word' id='word_1_103' title='bbox 1124 610 1199 643; x_wconf 81' lang='lat' dir='ltr'>Non</span> <span class='ocrx_word' id='word_1_104' title='bbox 1210 609 1285 642; x_wconf 79' lang='lat' dir='ltr'>veni</span> <span class='ocrx_word' id='word_1_105' title='bbox 1293 610 1407 653; x_wconf 77' lang='lat' dir='ltr'>facere</span> <span class='ocrx_word' id='word_1_106' title='bbox 1417 612 1622 646; x_wconf 75' lang='lat' dir='ltr'>voluntatem</span> <span class='ocrx_word' id='word_1_107' title='bbox 1635 625 1759 656; x_wconf 84' lang='lat' dir='ltr'>meam,</span> 
     </span>
     <span class='ocr_line' id='line_1_11' title="bbox 161 667 1761 715; baseline 0.001 -12"><span class='ocrx_word' id='word_1_108' title='bbox 161 681 261 715; x_wconf 78' lang='lat' dir='ltr'>quam</span> <span class='ocrx_word' id='word_1_109' title='bbox 275 670 395 703; x_wconf 89' lang='lat' dir='ltr'>scilicet</span> <span class='ocrx_word' id='word_1_110' title='bbox 409 669 632 714; x_wconf 86' lang='lat' dir='ltr'>temporaliter</span> <span class='ocrx_word' id='word_1_111' title='bbox 647 668 771 713; x_wconf 89' lang='lat' dir='ltr'>sumpsi</span> <span class='ocrx_word' id='word_1_112' title='bbox 786 680 826 701; x_wconf 82' lang='lat' dir='ltr'>ex</span> <span class='ocrx_word' id='word_1_113' title='bbox 841 668 990 711; x_wconf 78' lang='lat' dir='ltr'>Virgine,</span> <span class='ocrx_word' id='word_1_114' title='bbox 1010 669 1066 700; x_wconf 79' lang='lat' dir='ltr'>sed</span> <span class='ocrx_word' id='word_1_115' title='bbox 1082 667 1284 700; x_wconf 72' lang='lat' dir='ltr'>voluntatem</span> <span class='ocrx_word' id='word_1_116' title='bbox 1299 667 1381 711; x_wconf 77' lang='lat' dir='ltr'>ejus,</span> <span class='ocrx_word' id='word_1_117' title='bbox 1400 669 1456 712; x_wconf 79' lang='lat' dir='ltr'>qui</span> <span class='ocrx_word' id='word_1_118' title='bbox 1473 669 1566 703; x_wconf 75' lang='lat' dir='ltr'>misit</span> <span class='ocrx_word' id='word_1_119' title='bbox 1580 682 1644 712; x_wconf 84' lang='lat' dir='ltr'>me,</span> <span class='ocrx_word' id='word_1_120' title='bbox 1660 683 1761 715; x_wconf 88' lang='lat' dir='ltr'>quam</span> 
     </span>
     <span class='ocr_line' id='line_1_12' title="bbox 160 725 1760 771; baseline 0.001 -10"><span class='ocrx_word' id='word_1_121' title='bbox 160 728 280 761; x_wconf 85' lang='lat' dir='ltr'>scilicet</span> <span class='ocrx_word' id='word_1_122' title='bbox 295 732 435 761; x_wconf 82' lang='lat' dir='ltr'>aeternus</span> <span class='ocrx_word' id='word_1_123' title='bbox 449 727 551 760; x_wconf 88' lang='lat' dir='ltr'>habui</span> <span class='ocrx_word' id='word_1_124' title='bbox 565 738 640 759; x_wconf 87' lang='lat' dir='ltr'>eum</span> <span class='ocrx_word' id='word_1_125' title='bbox 670 726 778 759; x_wconf 82' lang='lat' dir='ltr'>Patre.</span> <span class='ocrx_word' id='word_1_126' title='bbox 798 739 814 756; x_wconf 83' lang='lat'>»</span> <span class='ocrx_word' id='word_1_127' title='bbox 831 726 891 758; x_wconf 87' lang='lat' dir='ltr'>Hic</span> <span class='ocrx_word' id='word_1_128' title='bbox 919 730 1027 770; x_wconf 87' lang='lat' dir='ltr'>aperte</span> <span class='ocrx_word' id='word_1_129' title='bbox 1056 725 1134 758; x_wconf 88' lang='lat' dir='ltr'>dicit</span> <span class='ocrx_word' id='word_1_130' title='bbox 1156 725 1237 758; x_wconf 86' lang='lat' dir='ltr'>duas</span> <span class='ocrx_word' id='word_1_131' title='bbox 1252 725 1287 757; x_wconf 90' lang='lat' dir='ltr'>in</span> <span class='ocrx_word' id='word_1_132' title='bbox 1302 725 1430 759; x_wconf 88' lang='lat' dir='ltr'>Christo</span> <span class='ocrx_word' id='word_1_133' title='bbox 1446 727 1544 760; x_wconf 87' lang='lat' dir='ltr'>fuisse</span> <span class='ocrx_word' id='word_1_134' title='bbox 1561 728 1760 771; x_wconf 84' lang='lat' dir='ltr'>voluntates,</span> 
     </span>
     <span class='ocr_line' id='line_1_13' title="bbox 160 783 1762 831; baseline 0.001 -13"><span class='ocrx_word' id='word_1_135' title='bbox 160 785 339 818; x_wconf 87' lang='lat' dir='ltr'>secundum</span> <span class='ocrx_word' id='word_1_136' title='bbox 361 797 443 830; x_wconf 85' lang='lat' dir='ltr'>quas</span> <span class='ocrx_word' id='word_1_137' title='bbox 468 786 596 818; x_wconf 83' lang='lat' dir='ltr'>diversa</span> <span class='ocrx_word' id='word_1_138' title='bbox 624 784 741 817; x_wconf 84' lang='lat' dir='ltr'>voluit.</span> <span class='ocrx_word' id='word_1_139' title='bbox 763 784 986 828; x_wconf 80' lang='lat' dir='ltr'>Hieronymus</span> <span class='ocrx_word' id='word_1_140' title='bbox 1014 795 1167 828; x_wconf 84' lang='lat' dir='ltr'>quoque,</span> <span class='ocrx_word' id='word_1_141' title='bbox 1192 795 1291 829; x_wconf 87' lang='lat' dir='ltr'>snper</span> <span class='ocrx_word' id='word_1_142' title='bbox 1318 783 1414 817; x_wconf 89' lang='lat' dir='ltr'>illum</span> <span class='ocrx_word' id='word_1_143' title='bbox 1442 785 1551 819; x_wconf 80' lang='lat' dir='ltr'>locum</span> <span class='ocrx_word' id='word_1_144' title='bbox 1566 789 1576 805; x_wconf 64' lang='lat'><strong>³</strong></span> <span class='ocrx_word' id='word_1_145' title='bbox 1593 798 1600 819; x_wconf 91' lang='lat'>:</span> <span class='ocrx_word' id='word_1_146' title='bbox 1617 787 1762 831; x_wconf 73' lang='lat' dir='ltr'>Spiritus</span> 
     </span>
     <span class='ocr_line' id='line_1_14' title="bbox 157 841 1763 888; baseline 0.001 -12"><span class='ocrx_word' id='word_1_147' title='bbox 157 849 330 888; x_wconf 79' lang='lat' dir='ltr'>promptus</span> <span class='ocrx_word' id='word_1_148' title='bbox 346 849 403 883; x_wconf 82' lang='lat' dir='ltr'>est,</span> <span class='ocrx_word' id='word_1_149' title='bbox 422 854 498 876; x_wconf 75' lang='lat' dir='ltr'>caro</span> <span class='ocrx_word' id='word_1_150' title='bbox 520 849 632 876; x_wconf 79' lang='lat' dir='ltr'>autem</span> <span class='ocrx_word' id='word_1_151' title='bbox 659 842 811 886; x_wconf 74' lang='lat' dir='ltr'>infirma,</span> <span class='ocrx_word' id='word_1_152' title='bbox 842 842 923 874; x_wconf 87' lang='lat' dir='ltr'>dans</span> <span class='ocrx_word' id='word_1_153' title='bbox 950 841 1134 884; x_wconf 83' lang='lat' dir='ltr'>intelligere</span> <span class='ocrx_word' id='word_1_154' title='bbox 1159 842 1211 875; x_wconf 88' lang='lat' dir='ltr'>hic</span> <span class='ocrx_word' id='word_1_155' title='bbox 1232 843 1315 876; x_wconf 91' lang='lat' dir='ltr'>duas</span> <span class='ocrx_word' id='word_1_156' title='bbox 1339 843 1524 877; x_wconf 85' lang='lat' dir='ltr'>voluntates</span> <span class='ocrx_word' id='word_1_157' title='bbox 1547 845 1701 888; x_wconf 82' lang='lat' dir='ltr'>exprimi,</span> <span class='ocrx_word' id='word_1_158' title='bbox 1718 846 1763 878; x_wconf 88' lang='lat' dir='ltr'>ita</span> 
     </span>
     <span class='ocr_line' id='line_1_15' title="bbox 161 899 1762 946; baseline 0.001 -13"><span class='ocrx_word' id='word_1_159' title='bbox 161 901 206 933; x_wconf 90' lang='lat' dir='ltr'>ait</span> <span class='ocrx_word' id='word_1_160' title='bbox 220 906 230 922; x_wconf 81' lang='lat'><strong>⁶</strong></span> <span class='ocrx_word' id='word_1_161' title='bbox 245 913 252 933; x_wconf 91' lang='lat'>:</span> <span class='ocrx_word' id='word_1_162' title='bbox 271 914 288 933; x_wconf 91' lang='lat'>«</span> <span class='ocrx_word' id='word_1_163' title='bbox 305 901 374 935; x_wconf 89' lang='lat' dir='ltr'>Hoc</span> <span class='ocrx_word' id='word_1_164' title='bbox 388 906 501 934; x_wconf 85' lang='lat' dir='ltr'>contra</span> <span class='ocrx_word' id='word_1_165' title='bbox 519 900 753 946; x_wconf 84' lang='lat' dir='ltr'>Eutychianos,</span> <span class='ocrx_word' id='word_1_166' title='bbox 782 900 840 945; x_wconf 85' lang='lat' dir='ltr'>qui</span> <span class='ocrx_word' id='word_1_167' title='bbox 870 900 983 932; x_wconf 87' lang='lat' dir='ltr'>dicunt</span> <span class='ocrx_word' id='word_1_168' title='bbox 998 900 1033 932; x_wconf 91' lang='lat' dir='ltr'>in</span> <span class='ocrx_word' id='word_1_169' title='bbox 1047 899 1177 933; x_wconf 88' lang='lat' dir='ltr'>Christo</span> <span class='ocrx_word' id='word_1_170' title='bbox 1191 912 1293 934; x_wconf 91' lang='lat' dir='ltr'>unam</span> <span class='ocrx_word' id='word_1_171' title='bbox 1309 905 1437 934; x_wconf 90' lang='lat' dir='ltr'>tantum</span> <span class='ocrx_word' id='word_1_172' title='bbox 1467 902 1683 935; x_wconf 83' lang='lat' dir='ltr'>voluntatem.</span> <span class='ocrx_word' id='word_1_173' title='bbox 1701 903 1762 936; x_wconf 91' lang='lat' dir='ltr'>Hic</span> 
     </span>
     <span class='ocr_line' id='line_1_16' title="bbox 160 957 1763 1004; baseline 0.001 -12"><span class='ocrx_word' id='word_1_174' title='bbox 160 963 270 992; x_wconf 85' lang='lat' dir='ltr'>autem</span> <span class='ocrx_word' id='word_1_175' title='bbox 300 959 440 992; x_wconf 86' lang='lat' dir='ltr'>ostendit</span> <span class='ocrx_word' id='word_1_176' title='bbox 467 959 661 1000; x_wconf 82' lang='lat' dir='ltr'>humanam,</span> <span class='ocrx_word' id='word_1_177' title='bbox 692 969 765 1003; x_wconf 80' lang='lat' dir='ltr'>quae</span> <span class='ocrx_word' id='word_1_178' title='bbox 794 962 926 1002; x_wconf 86' lang='lat' dir='ltr'>propter</span> <span class='ocrx_word' id='word_1_179' title='bbox 952 957 1179 991; x_wconf 87' lang='lat' dir='ltr'>infirmitatem</span> <span class='ocrx_word' id='word_1_180' title='bbox 1210 959 1317 991; x_wconf 86' lang='lat' dir='ltr'>carnis</span> <span class='ocrx_word' id='word_1_181' title='bbox 1347 964 1473 993; x_wconf 83' lang='lat' dir='ltr'>recusat</span> <span class='ocrx_word' id='word_1_182' title='bbox 1495 960 1701 1004; x_wconf 81' lang='lat' dir='ltr'>passionem,</span> <span class='ocrx_word' id='word_1_183' title='bbox 1732 965 1763 995; x_wconf 88' lang='lat' dir='ltr'>et</span> 
     </span>
     <span class='ocr_line' id='line_1_17' title="bbox 160 1015 1762 1062; baseline 0.001 -12"><span class='ocrx_word' id='word_1_184' title='bbox 160 1017 320 1060; x_wconf 89' lang='lat' dir='ltr'>divinam,</span> <span class='ocrx_word' id='word_1_185' title='bbox 345 1028 418 1062; x_wconf 79' lang='lat' dir='ltr'>quae</span> <span class='ocrx_word' id='word_1_186' title='bbox 444 1021 595 1062; x_wconf 90' lang='lat' dir='ltr'>prompta</span> <span class='ocrx_word' id='word_1_187' title='bbox 622 1021 669 1050; x_wconf 87' lang='lat' dir='ltr'>est</span> <span class='ocrx_word' id='word_1_188' title='bbox 698 1016 854 1060; x_wconf 85' lang='lat' dir='ltr'>perficere</span> <span class='ocrx_word' id='word_1_189' title='bbox 889 1015 1178 1060; x_wconf 83' lang='lat' dir='ltr'>dispensationem.</span> <span class='ocrx_word' id='word_1_190' title='bbox 1208 1030 1224 1047; x_wconf 65' lang='lat'>&gt;³</span> <span class='ocrx_word' id='word_1_191' title='bbox 1249 1017 1458 1060; x_wconf 85' lang='lat' dir='ltr'>Augustinus</span> <span class='ocrx_word' id='word_1_192' title='bbox 1489 1018 1588 1050; x_wconf 86' lang='lat' dir='ltr'>etiam</span> <span class='ocrx_word' id='word_1_193' title='bbox 1617 1018 1699 1051; x_wconf 89' lang='lat' dir='ltr'>duas</span> <span class='ocrx_word' id='word_1_194' title='bbox 1727 1019 1762 1052; x_wconf 91' lang='lat' dir='ltr'>in</span> 
     </span>
     <span class='ocr_line' id='line_1_18' title="bbox 160 1074 1762 1118; baseline 0 -9"><span class='ocrx_word' id='word_1_195' title='bbox 160 1076 289 1110; x_wconf 83' lang='lat' dir='ltr'>Christo</span> <span class='ocrx_word' id='word_1_196' title='bbox 317 1076 431 1109; x_wconf 87' lang='lat' dir='ltr'>asserit</span> <span class='ocrx_word' id='word_1_197' title='bbox 465 1076 672 1116; x_wconf 85' lang='lat' dir='ltr'>voluntates,</span> <span class='ocrx_word' id='word_1_198' title='bbox 703 1074 838 1108; x_wconf 70' lang='lat' dir='ltr'>dicens·</span> <span class='ocrx_word' id='word_1_199' title='bbox 868 1087 874 1106; x_wconf 94' lang='lat'><strong>:</strong></span> <span class='ocrx_word' id='word_1_200' title='bbox 897 1088 914 1106; x_wconf 84' lang='lat'>«</span> <span class='ocrx_word' id='word_1_201' title='bbox 944 1074 1113 1113; x_wconf 87' lang='lat' dir='ltr'>Quantum</span> <span class='ocrx_word' id='word_1_202' title='bbox 1142 1074 1240 1107; x_wconf 88' lang='lat' dir='ltr'>distat</span> <span class='ocrx_word' id='word_1_203' title='bbox 1265 1075 1352 1108; x_wconf 89' lang='lat' dir='ltr'>Deus</span> <span class='ocrx_word' id='word_1_204' title='bbox 1379 1075 1419 1108; x_wconf 91' lang='lat' dir='ltr'>ab</span> <span class='ocrx_word' id='word_1_205' title='bbox 1447 1075 1602 1118; x_wconf 90' lang='lat' dir='ltr'>homine,</span> <span class='ocrx_word' id='word_1_206' title='bbox 1634 1080 1762 1109; x_wconf 88' lang='lat' dir='ltr'>tantum</span> 
     </span>
     <span class='ocr_line' id='line_1_19' title="bbox 161 1132 1761 1178; baseline 0 -11"><span class='ocrx_word' id='word_1_207' title='bbox 161 1134 314 1167; x_wconf 86' lang='lat' dir='ltr'>voluntas</span> <span class='ocrx_word' id='word_1_208' title='bbox 327 1134 386 1167; x_wconf 90' lang='lat' dir='ltr'>Dei</span> <span class='ocrx_word' id='word_1_209' title='bbox 404 1145 423 1167; x_wconf 86' lang='lat' dir='ltr'>a</span> <span class='ocrx_word' id='word_1_210' title='bbox 441 1134 611 1166; x_wconf 89' lang='lat' dir='ltr'>voluntate</span> <span class='ocrx_word' id='word_1_211' title='bbox 633 1132 789 1166; x_wconf 80' lang='lat' dir='ltr'>hominis.</span> <span class='ocrx_word' id='word_1_212' title='bbox 815 1132 910 1165; x_wconf 68' lang='lat' dir='ltr'>Unde</span> <span class='ocrx_word' id='word_1_213' title='bbox 933 1132 1102 1165; x_wconf 90' lang='lat' dir='ltr'>hominem</span> <span class='ocrx_word' id='word_1_214' title='bbox 1127 1132 1276 1165; x_wconf 89' lang='lat' dir='ltr'>Christus</span> <span class='ocrx_word' id='word_1_215' title='bbox 1297 1144 1414 1175; x_wconf 83' lang='lat' dir='ltr'>gerens</span> <span class='ocrx_word' id='word_1_216' title='bbox 1437 1133 1578 1166; x_wconf 84' lang='lat' dir='ltr'>ostendit</span> <span class='ocrx_word' id='word_1_217' title='bbox 1600 1134 1761 1178; x_wconf 83' lang='lat' dir='ltr'>privatam</span> 
     </span>
     <span class='ocr_line' id='line_1_20' title="bbox 161 1190 1762 1237; baseline -0.001 -12"><span class='ocrx_word' id='word_1_218' title='bbox 161 1192 365 1225; x_wconf 84' lang='lat' dir='ltr'>voluntatem</span> <span class='ocrx_word' id='word_1_219' title='bbox 382 1192 560 1237; x_wconf 88' lang='lat' dir='ltr'>quamdam</span> <span class='ocrx_word' id='word_1_220' title='bbox 578 1190 733 1231; x_wconf 83' lang='lat' dir='ltr'>hominis,</span> <span class='ocrx_word' id='word_1_221' title='bbox 752 1190 786 1222; x_wconf 91' lang='lat' dir='ltr'>in</span> <span class='ocrx_word' id='word_1_222' title='bbox 800 1202 867 1234; x_wconf 87' lang='lat' dir='ltr'>qua</span> <span class='ocrx_word' id='word_1_223' title='bbox 882 1193 912 1222; x_wconf 86' lang='lat' dir='ltr'>et</span> <span class='ocrx_word' id='word_1_224' title='bbox 927 1201 1020 1222; x_wconf 90' lang='lat' dir='ltr'>suam</span> <span class='ocrx_word' id='word_1_225' title='bbox 1036 1194 1066 1222; x_wconf 87' lang='lat' dir='ltr'>et</span> <span class='ocrx_word' id='word_1_226' title='bbox 1081 1193 1227 1222; x_wconf 87' lang='lat' dir='ltr'>nostram</span> <span class='ocrx_word' id='word_1_227' title='bbox 1242 1190 1400 1233; x_wconf 75' lang='lat' dir='ltr'>figuravit</span> <span class='ocrx_word' id='word_1_228' title='bbox 1415 1191 1493 1234; x_wconf 87' lang='lat' dir='ltr'>quia</span> <span class='ocrx_word' id='word_1_229' title='bbox 1515 1191 1555 1234; x_wconf 83' lang='lat' dir='ltr'>(a)</span> <span class='ocrx_word' id='word_1_230' title='bbox 1575 1195 1673 1235; x_wconf 89' lang='lat' dir='ltr'>caput</span> <span class='ocrx_word' id='word_1_231' title='bbox 1687 1203 1762 1224; x_wconf 90' lang='lat' dir='ltr'>nos-</span> 
     </span>
     <span class='ocr_line' id='line_1_21' title="bbox 160 1247 1762 1293; baseline -0.001 -10"><span class='ocrx_word' id='word_1_232' title='bbox 160 1254 313 1291; x_wconf 87' lang='lat' dir='ltr'>trumest,</span> <span class='ocrx_word' id='word_1_233' title='bbox 324 1254 355 1282; x_wconf 90' lang='lat' dir='ltr'>et</span> <span class='ocrx_word' id='word_1_234' title='bbox 365 1250 406 1283; x_wconf 90' lang='lat' dir='ltr'>ad</span> <span class='ocrx_word' id='word_1_235' title='bbox 421 1261 497 1283; x_wconf 92' lang='lat' dir='ltr'>eum</span> <span class='ocrx_word' id='word_1_236' title='bbox 509 1249 592 1282; x_wconf 85' lang='lat' dir='ltr'>sicut</span> <span class='ocrx_word' id='word_1_237' title='bbox 608 1249 755 1281; x_wconf 88' lang='lat' dir='ltr'>membra</span> <span class='ocrx_word' id='word_1_238' title='bbox 770 1248 982 1292; x_wconf 84' lang='lat' dir='ltr'>pertinemus.</span> <span class='ocrx_word' id='word_1_239' title='bbox 1000 1249 1112 1289; x_wconf 75' lang='lat' dir='ltr'>Pater,</span> <span class='ocrx_word' id='word_1_240' title='bbox 1131 1247 1253 1292; x_wconf 80' lang='lat' dir='ltr'>inquit,</span> <span class='ocrx_word' id='word_1_241' title='bbox 1270 1248 1375 1292; x_wconf 71' lang='lat' dir='ltr'>sifierz&#39;</span> <span class='ocrx_word' id='word_1_242' title='bbox 1381 1255 1501 1293; x_wconf 74' lang='lat' dir='ltr'>potest,</span> <span class='ocrx_word' id='word_1_243' title='bbox 1520 1255 1762 1283; x_wconf 78' lang='lat' dir='ltr'>transeatame</span> 
     </span>
     <span class='ocr_line' id='line_1_22' title="bbox 161 1305 1758 1351; baseline -0.001 -10"><span class='ocrx_word' id='word_1_244' title='bbox 161 1308 250 1341; x_wconf 60' lang='lat' dir='ltr'>calin:</span> <span class='ocrx_word' id='word_1_245' title='bbox 264 1308 336 1341; x_wconf 81' lang='lat' dir='ltr'>iste.</span> <span class='ocrx_word' id='word_1_246' title='bbox 354 1308 433 1341; x_wconf 83' lang='lat' dir='ltr'>Haec</span> <span class='ocrx_word' id='word_1_247' title='bbox 448 1307 596 1340; x_wconf 86' lang='lat' dir='ltr'>humana</span> <span class='ocrx_word' id='word_1_248' title='bbox 611 1307 764 1340; x_wconf 88' lang='lat' dir='ltr'>voluntas</span> <span class='ocrx_word' id='word_1_249' title='bbox 779 1310 859 1347; x_wconf 86' lang='lat' dir='ltr'>erat,</span> <span class='ocrx_word' id='word_1_250' title='bbox 877 1306 1049 1350; x_wconf 89' lang='lat' dir='ltr'>proprium</span> <span class='ocrx_word' id='word_1_251' title='bbox 1069 1305 1208 1350; x_wconf 81' lang='lat' dir='ltr'>aliquid,</span> <span class='ocrx_word' id='word_1_252' title='bbox 1231 1310 1263 1339; x_wconf 88' lang='lat' dir='ltr'>et</span> <span class='ocrx_word' id='word_1_253' title='bbox 1277 1310 1435 1351; x_wconf 85' lang='lat' dir='ltr'>tanquam</span> <span class='ocrx_word' id='word_1_254' title='bbox 1452 1307 1618 1351; x_wconf 86' lang='lat' dir='ltr'>privatum</span> <span class='ocrx_word' id='word_1_255' title='bbox 1635 1307 1758 1340; x_wconf 73' lang='lat' dir='ltr'>volens</span> 
     </span>
     <span class='ocr_line' id='line_1_23' title="bbox 161 1361 1764 1411; baseline 0 -13"><span class='ocrx_word' id='word_1_256' title='bbox 161 1365 226 1399; x_wconf 89' lang='lat' dir='ltr'>Sed</span> <span class='ocrx_word' id='word_1_257' title='bbox 241 1361 320 1411; x_wconf 85' lang='lat' dir='ltr'>quia</span> <span class='ocrx_word' id='word_1_258' title='bbox 332 1370 459 1399; x_wconf 84' lang='lat' dir='ltr'>rectum</span> <span class='ocrx_word' id='word_1_259' title='bbox 474 1366 547 1398; x_wconf 87' lang='lat' dir='ltr'>vult</span> <span class='ocrx_word' id='word_1_260' title='bbox 560 1376 627 1398; x_wconf 89' lang='lat' dir='ltr'>esse</span> <span class='ocrx_word' id='word_1_261' title='bbox 641 1365 822 1407; x_wconf 84' lang='lat' dir='ltr'>hominem,</span> <span class='ocrx_word' id='word_1_262' title='bbox 839 1368 870 1397; x_wconf 87' lang='lat' dir='ltr'>et</span> <span class='ocrx_word' id='word_1_263' title='bbox 886 1364 926 1397; x_wconf 87' lang='lat' dir='ltr'>ad</span> <span class='ocrx_word' id='word_1_264' title='bbox 940 1364 1046 1397; x_wconf 89' lang='lat' dir='ltr'>Deum</span> <span class='ocrx_word' id='word_1_265' title='bbox 1061 1364 1171 1407; x_wconf 85' lang='lat' dir='ltr'>dirigi,</span> <span class='ocrx_word' id='word_1_266' title='bbox 1188 1363 1298 1397; x_wconf 89' lang='lat' dir='ltr'>subdit</span> <span class='ocrx_word' id='word_1_267' title='bbox 1316 1366 1404 1399; x_wconf 80' lang='lat' dir='ltr'>:Non</span> <span class='ocrx_word' id='word_1_268' title='bbox 1419 1364 1506 1409; x_wconf 82' lang='lat' dir='ltr'>quod</span> <span class='ocrx_word' id='word_1_269' title='bbox 1521 1376 1596 1410; x_wconf 73' lang='lat' dir='ltr'>erqo</span> <span class='ocrx_word' id='word_1_270' title='bbox 1612 1365 1694 1406; x_wconf 85' lang='lat' dir='ltr'>volo,</span> <span class='ocrx_word' id='word_1_271' title='bbox 1707 1365 1764 1398; x_wconf 85' lang='lat' dir='ltr'>sed</span> 
     </span>
     <span class='ocr_line' id='line_1_24' title="bbox 162 1422 1764 1468; baseline -0.001 -11"><span class='ocrx_word' id='word_1_272' title='bbox 162 1424 249 1468; x_wconf 81' lang='lat' dir='ltr'>quod</span> <span class='ocrx_word' id='word_1_273' title='bbox 263 1431 299 1457; x_wconf 82' lang='lat' dir='ltr'>tu</span> <span class='ocrx_word' id='word_1_274' title='bbox 312 1424 372 1457; x_wconf 81' lang='lat' dir='ltr'>vis.</span> <span class='ocrx_word' id='word_1_275' title='bbox 389 1425 437 1457; x_wconf 88' lang='lat' dir='ltr'>Ac</span> <span class='ocrx_word' id='word_1_276' title='bbox 451 1424 478 1456; x_wconf 84' lang='lat' dir='ltr'>si</span> <span class='ocrx_word' id='word_1_277' title='bbox 492 1424 633 1457; x_wconf 86' lang='lat' dir='ltr'>diceret:</span> <span class='ocrx_word' id='word_1_278' title='bbox 653 1423 738 1456; x_wconf 88' lang='lat' dir='ltr'>Vide</span> <span class='ocrx_word' id='word_1_279' title='bbox 753 1427 784 1455; x_wconf 88' lang='lat' dir='ltr'>te</span> <span class='ocrx_word' id='word_1_280' title='bbox 806 1423 841 1455; x_wconf 91' lang='lat' dir='ltr'>in</span> <span class='ocrx_word' id='word_1_281' title='bbox 865 1434 929 1464; x_wconf 82' lang='lat' dir='ltr'>me,</span> <span class='ocrx_word' id='word_1_282' title='bbox 952 1422 1032 1466; x_wconf 85' lang='lat' dir='ltr'>quia</span> <span class='ocrx_word' id='word_1_283' title='bbox 1057 1426 1147 1467; x_wconf 89' lang='lat' dir='ltr'>potes</span> <span class='ocrx_word' id='word_1_284' title='bbox 1170 1422 1298 1467; x_wconf 84' lang='lat' dir='ltr'>aliquid</span> <span class='ocrx_word' id='word_1_285' title='bbox 1321 1423 1492 1467; x_wconf 89' lang='lat' dir='ltr'>proprium</span> <span class='ocrx_word' id='word_1_286' title='bbox 1510 1423 1608 1465; x_wconf 88' lang='lat' dir='ltr'>velle,</span> <span class='ocrx_word' id='word_1_287' title='bbox 1625 1427 1662 1456; x_wconf 88' lang='lat' dir='ltr'>ut</span> <span class='ocrx_word' id='word_1_288' title='bbox 1676 1423 1764 1456; x_wconf 88' lang='lat' dir='ltr'>Deus</span> 
     </span>
     <span class='ocr_line' id='line_1_25' title="bbox 160 1480 1763 1526; baseline -0.001 -11"><span class='ocrx_word' id='word_1_289' title='bbox 160 1482 251 1515; x_wconf 88' lang='lat' dir='ltr'>aliud</span> <span class='ocrx_word' id='word_1_290' title='bbox 267 1482 348 1516; x_wconf 87' lang='lat' dir='ltr'>velit</span> <span class='ocrx_word' id='word_1_291' title='bbox 365 1494 372 1515; x_wconf 75' lang='grc' dir='ltr'><strong><em>ι</em></strong></span> <span class='ocrx_word' id='word_1_292' title='bbox 397 1481 585 1515; x_wconf 86' lang='lat' dir='ltr'>conceditur</span> <span class='ocrx_word' id='word_1_293' title='bbox 604 1481 666 1514; x_wconf 90' lang='lat' dir='ltr'>hoc</span> <span class='ocrx_word' id='word_1_294' title='bbox 687 1481 840 1514; x_wconf 81' lang='lat' dir='ltr'>humanae</span> <span class='ocrx_word' id='word_1_295' title='bbox 865 1480 1048 1523; x_wconf 84' lang='lat' dir='ltr'>fragilitati.</span> <span class='ocrx_word' id='word_1_296' title='bbox 1068 1493 1084 1512; x_wconf 85' lang='lat'>»</span> <span class='ocrx_word' id='word_1_297' title='bbox 1100 1480 1189 1513; x_wconf 87' lang='lat' dir='ltr'>Idem</span> <span class='ocrx_word' id='word_1_298' title='bbox 1211 1480 1291 1513; x_wconf 88' lang='lat' dir='ltr'>alibi</span> <span class='ocrx_word' id='word_1_299' title='bbox 1306 1482 1316 1498; x_wconf 88' lang='lat'>⁷</span> <span class='ocrx_word' id='word_1_300' title='bbox 1333 1493 1340 1513; x_wconf 94' lang='lat'><strong>:</strong></span> <span class='ocrx_word' id='word_1_301' title='bbox 1364 1493 1380 1512; x_wconf 69' lang='lat' dir='ltr'>r&lt;</span> <span class='ocrx_word' id='word_1_302' title='bbox 1402 1481 1550 1514; x_wconf 90' lang='lat' dir='ltr'>Christus</span> <span class='ocrx_word' id='word_1_303' title='bbox 1564 1482 1600 1514; x_wconf 90' lang='lat' dir='ltr'>in</span> <span class='ocrx_word' id='word_1_304' title='bbox 1615 1482 1763 1526; x_wconf 84' lang='lat' dir='ltr'>passione</span> 
     </span>
     <span class='ocr_line' id='line_1_26' title="bbox 160 1538 1762 1585; baseline 0 -12"><span class='ocrx_word' id='word_1_305' title='bbox 160 1540 242 1573; x_wconf 86' lang='lat' dir='ltr'>duas</span> <span class='ocrx_word' id='word_1_306' title='bbox 257 1540 414 1585; x_wconf 78' lang='lat' dir='ltr'>expressit</span> <span class='ocrx_word' id='word_1_307' title='bbox 428 1540 615 1573; x_wconf 85' lang='lat' dir='ltr'>voluntates</span> <span class='ocrx_word' id='word_1_308' title='bbox 629 1539 664 1572; x_wconf 90' lang='lat' dir='ltr'>in</span> <span class='ocrx_word' id='word_1_309' title='bbox 679 1551 711 1572; x_wconf 90' lang='lat' dir='ltr'>se</span> <span class='ocrx_word' id='word_1_310' title='bbox 723 1538 904 1572; x_wconf 84' lang='lat' dir='ltr'>seeundum</span> <span class='ocrx_word' id='word_1_311' title='bbox 919 1538 1001 1571; x_wconf 88' lang='lat' dir='ltr'>duas</span> <span class='ocrx_word' id='word_1_312' title='bbox 1016 1543 1161 1571; x_wconf 84' lang='lat' dir='ltr'>naturas.</span> <span class='ocrx_word' id='word_1_313' title='bbox 1177 1538 1234 1571; x_wconf 87' lang='lat' dir='ltr'>Ait</span> <span class='ocrx_word' id='word_1_314' title='bbox 1249 1538 1338 1571; x_wconf 88' lang='lat' dir='ltr'>enim</span> <span class='ocrx_word' id='word_1_315' title='bbox 1355 1551 1362 1572; x_wconf 93' lang='lat'>:</span> <span class='ocrx_word' id='word_1_316' title='bbox 1382 1540 1496 1579; x_wconf 76' lang='lat' dir='ltr'>Pater,</span> <span class='ocrx_word' id='word_1_317' title='bbox 1514 1539 1543 1572; x_wconf 79' lang='lat' dir='ltr'>si</span> <span class='ocrx_word' id='word_1_318' title='bbox 1554 1539 1631 1583; x_wconf 74' lang='lat' dir='ltr'>fieri</span> <span class='ocrx_word' id='word_1_319' title='bbox 1640 1545 1762 1584; x_wconf 80' lang='lat' dir='ltr'>potest,</span> 
     </span>
     <span class='ocr_line' id='line_1_27' title="bbox 163 1597 1764 1641; baseline -0.001 -9"><span class='ocrx_word' id='word_1_320' title='bbox 163 1605 312 1632; x_wconf 76' lang='lat' dir='ltr'>transeat</span> <span class='ocrx_word' id='word_1_321' title='bbox 326 1611 346 1632; x_wconf 88' lang='grc' dir='ltr'><em>α</em></span> <span class='ocrx_word' id='word_1_322' title='bbox 362 1611 414 1632; x_wconf 85' lang='lat' dir='ltr'>me</span> <span class='ocrx_word' id='word_1_323' title='bbox 429 1599 518 1632; x_wconf 76' lang='lat' dir='ltr'>calioe</span> <span class='ocrx_word' id='word_1_324' title='bbox 532 1598 603 1631; x_wconf 81' lang='lat' dir='ltr'>iste.</span> <span class='ocrx_word' id='word_1_325' title='bbox 628 1598 708 1631; x_wconf 81' lang='lat' dir='ltr'>Ecce</span> <span class='ocrx_word' id='word_1_326' title='bbox 732 1597 831 1630; x_wconf 87' lang='lat' dir='ltr'>habes</span> <span class='ocrx_word' id='word_1_327' title='bbox 853 1597 996 1630; x_wconf 90' lang='lat' dir='ltr'>hominis</span> <span class='ocrx_word' id='word_1_328' title='bbox 1019 1597 1236 1638; x_wconf 87' lang='lat' dir='ltr'>voluntatem,</span> <span class='ocrx_word' id='word_1_329' title='bbox 1261 1608 1363 1641; x_wconf 90' lang='lat' dir='ltr'>quam</span> <span class='ocrx_word' id='word_1_330' title='bbox 1387 1597 1427 1630; x_wconf 84' lang='lat' dir='ltr'>ad</span> <span class='ocrx_word' id='word_1_331' title='bbox 1443 1597 1592 1630; x_wconf 87' lang='lat' dir='ltr'>divinam</span> <span class='ocrx_word' id='word_1_332' title='bbox 1606 1598 1764 1631; x_wconf 84' lang='lat' dir='ltr'>continuo</span> 
     </span>
     <span class='ocr_line' id='line_1_28' title="bbox 161 1654 1764 1700; baseline -0.001 -10"><span class='ocrx_word' id='word_1_333' title='bbox 161 1657 318 1700; x_wconf 85' lang='lat' dir='ltr'>dirigens,</span> <span class='ocrx_word' id='word_1_334' title='bbox 335 1657 379 1690; x_wconf 89' lang='lat' dir='ltr'>ait</span> <span class='ocrx_word' id='word_1_335' title='bbox 395 1669 402 1689; x_wconf 90' lang='lat'>:</span> <span class='ocrx_word' id='word_1_336' title='bbox 427 1658 658 1689; x_wconf 71' lang='lat' dir='ltr'>Verumtamen</span> <span class='ocrx_word' id='word_1_337' title='bbox 672 1667 738 1688; x_wconf 78' lang='lat' dir='ltr'>non</span> <span class='ocrx_word' id='word_1_338' title='bbox 753 1656 838 1688; x_wconf 74' lang='lat' dir='ltr'>sicut</span> <span class='ocrx_word' id='word_1_339' title='bbox 852 1666 909 1700; x_wconf 72' lang='lat' dir='ltr'>eqo</span> <span class='ocrx_word' id='word_1_340' title='bbox 924 1655 1006 1695; x_wconf 82' lang='lat' dir='ltr'>volo,</span> <span class='ocrx_word' id='word_1_341' title='bbox 1023 1654 1080 1688; x_wconf 82' lang='lat' dir='ltr'>sed</span> <span class='ocrx_word' id='word_1_342' title='bbox 1093 1655 1178 1688; x_wconf 71' lang='lat' dir='ltr'>sicut</span> <span class='ocrx_word' id='word_1_343' title='bbox 1193 1661 1240 1687; x_wconf 73' lang='lat' dir='ltr'>tu.</span> <span class='ocrx_word' id='word_1_344' title='bbox 1251 1655 1468 1688; x_wconf 85' lang='lat' dir='ltr'>»Ambrosius</span> <span class='ocrx_word' id='word_1_345' title='bbox 1482 1655 1581 1688; x_wconf 88' lang='lat' dir='ltr'>etiam</span> <span class='ocrx_word' id='word_1_346' title='bbox 1592 1655 1627 1688; x_wconf 90' lang='lat' dir='ltr'>in</span> <span class='ocrx_word' id='word_1_347' title='bbox 1637 1655 1723 1689; x_wconf 89' lang='lat' dir='ltr'>libro</span> <span class='ocrx_word' id='word_1_348' title='bbox 1734 1656 1764 1689; x_wconf 88' lang='lat' dir='ltr'>II</span> 
     </span>
     <span class='ocr_line' id='line_1_29' title="bbox 162 1713 1765 1759; baseline -0.001 -12"><span class='ocrx_word' id='word_1_349' title='bbox 162 1714 202 1748; x_wconf 86' lang='lat' dir='ltr'>de</span> <span class='ocrx_word' id='word_1_350' title='bbox 216 1714 340 1748; x_wconf 58' lang='lat' dir='ltr'>Fidess:</span> <span class='ocrx_word' id='word_1_351' title='bbox 364 1714 561 1759; x_wconf 86' lang='lat' dir='ltr'>«Scriptum</span> <span class='ocrx_word' id='word_1_352' title='bbox 581 1719 628 1747; x_wconf 89' lang='lat' dir='ltr'>est</span> <span class='ocrx_word' id='word_1_353' title='bbox 646 1727 652 1747; x_wconf 91' lang='lat'>:</span> <span class='ocrx_word' id='word_1_354' title='bbox 669 1716 782 1754; x_wconf 73' lang='lat' dir='ltr'>Pater,</span> <span class='ocrx_word' id='word_1_355' title='bbox 802 1714 831 1746; x_wconf 78' lang='lat' dir='ltr'>si</span> <span class='ocrx_word' id='word_1_356' title='bbox 852 1714 928 1758; x_wconf 75' lang='lat' dir='ltr'>fieri</span> <span class='ocrx_word' id='word_1_357' title='bbox 945 1719 1068 1758; x_wconf 77' lang='lat' dir='ltr'>potest,</span> <span class='ocrx_word' id='word_1_358' title='bbox 1095 1714 1240 1758; x_wconf 77' lang='lat' dir='ltr'>transfer</span> <span class='ocrx_word' id='word_1_359' title='bbox 1264 1726 1284 1746; x_wconf 83' lang='grc' dir='ltr'><em>α</em></span> <span class='ocrx_word' id='word_1_360' title='bbox 1310 1725 1362 1746; x_wconf 87' lang='lat' dir='ltr'>me</span> <span class='ocrx_word' id='word_1_361' title='bbox 1386 1713 1522 1746; x_wconf 83' lang='lat' dir='ltr'>calicem</span> <span class='ocrx_word' id='word_1_362' title='bbox 1538 1713 1636 1746; x_wconf 75' lang='lat' dir='ltr'>hunc.</span> <span class='ocrx_word' id='word_1_363' title='bbox 1658 1714 1765 1747; x_wconf 87' lang='lat' dir='ltr'>Verba</span> 
     </span>
     <span class='ocr_line' id='line_1_30' title="bbox 163 1771 1764 1818; baseline -0.001 -12"><span class='ocrx_word' id='word_1_364' title='bbox 163 1773 283 1807; x_wconf 88' lang='lat' dir='ltr'>Christi</span> <span class='ocrx_word' id='word_1_365' title='bbox 297 1777 390 1813; x_wconf 85' lang='lat' dir='ltr'>sunt;</span> <span class='ocrx_word' id='word_1_366' title='bbox 408 1773 463 1806; x_wconf 87' lang='lat' dir='ltr'>sed</span> <span class='ocrx_word' id='word_1_367' title='bbox 476 1784 542 1818; x_wconf 92' lang='lat' dir='ltr'>quo</span> <span class='ocrx_word' id='word_1_368' title='bbox 557 1773 654 1805; x_wconf 90' lang='lat' dir='ltr'>modo</span> <span class='ocrx_word' id='word_1_369' title='bbox 675 1772 715 1816; x_wconf 82' lang='lat' dir='ltr'>(b)</span> <span class='ocrx_word' id='word_1_370' title='bbox 735 1776 766 1805; x_wconf 90' lang='lat' dir='ltr'>et</span> <span class='ocrx_word' id='word_1_371' title='bbox 782 1772 818 1804; x_wconf 91' lang='lat' dir='ltr'>in</span> <span class='ocrx_word' id='word_1_372' title='bbox 833 1783 900 1816; x_wconf 86' lang='lat' dir='ltr'>qua</span> <span class='ocrx_word' id='word_1_373' title='bbox 922 1772 1027 1805; x_wconf 87' lang='lat' dir='ltr'>forma</span> <span class='ocrx_word' id='word_1_374' title='bbox 1041 1771 1205 1813; x_wconf 88' lang='lat' dir='ltr'>dicantur,</span> <span class='ocrx_word' id='word_1_375' title='bbox 1223 1771 1366 1804; x_wconf 88' lang='lat' dir='ltr'>adverte.</span> <span class='ocrx_word' id='word_1_376' title='bbox 1378 1771 1531 1805; x_wconf 86' lang='lat' dir='ltr'>Hominis</span> <span class='ocrx_word' id='word_1_377' title='bbox 1547 1771 1764 1804; x_wconf 84' lang='lat' dir='ltr'>substantiam</span> 
     </span>
     <span class='ocr_line' id='line_1_31' title="bbox 162 1829 1762 1875; baseline -0.002 -10"><span class='ocrx_word' id='word_1_378' title='bbox 162 1832 259 1875; x_wconf 87' lang='lat' dir='ltr'>gerit,</span> <span class='ocrx_word' id='word_1_379' title='bbox 284 1832 428 1865; x_wconf 88' lang='lat' dir='ltr'>hominis</span> <span class='ocrx_word' id='word_1_380' title='bbox 450 1831 625 1875; x_wconf 86' lang='lat' dir='ltr'>assumpsit</span> <span class='ocrx_word' id='word_1_381' title='bbox 649 1831 817 1864; x_wconf 88' lang='lat' dir='ltr'>affectum.</span> <span class='ocrx_word' id='word_1_382' title='bbox 842 1829 916 1863; x_wconf 90' lang='lat' dir='ltr'>Non</span> <span class='ocrx_word' id='word_1_383' title='bbox 944 1841 1021 1874; x_wconf 85' lang='lat' dir='ltr'>ergo</span> <span class='ocrx_word' id='word_1_384' title='bbox 1045 1830 1139 1874; x_wconf 88' lang='lat' dir='ltr'>quasi</span> <span class='ocrx_word' id='word_1_385' title='bbox 1160 1830 1260 1872; x_wconf 91' lang='lat' dir='ltr'>Deus,</span> <span class='ocrx_word' id='word_1_386' title='bbox 1288 1830 1343 1863; x_wconf 90' lang='lat' dir='ltr'>sed</span> <span class='ocrx_word' id='word_1_387' title='bbox 1366 1830 1460 1874; x_wconf 89' lang='lat' dir='ltr'>quasi</span> <span class='ocrx_word' id='word_1_388' title='bbox 1484 1829 1583 1863; x_wconf 89' lang='lat' dir='ltr'>homo</span> <span class='ocrx_word' id='word_1_389' title='bbox 1603 1829 1762 1874; x_wconf 88' lang='lat' dir='ltr'>loquitur.</span> 
     </span>
     <span class='ocr_line' id='line_1_32' title="bbox 163 1887 1761 1934; baseline -0.003 -11"><span class='ocrx_word' id='word_1_390' title='bbox 163 1889 311 1934; x_wconf 85' lang='lat' dir='ltr'>Suscepit</span> <span class='ocrx_word' id='word_1_391' title='bbox 337 1889 472 1934; x_wconf 89' lang='lat' dir='ltr'>quidem</span> <span class='ocrx_word' id='word_1_392' title='bbox 496 1889 702 1922; x_wconf 87' lang='lat' dir='ltr'>voluntatem</span> <span class='ocrx_word' id='word_1_393' title='bbox 726 1899 845 1921; x_wconf 88' lang='lat' dir='ltr'>meam.</span> <span class='ocrx_word' id='word_1_394' title='bbox 876 1888 950 1921; x_wconf 87' lang='lat' dir='ltr'>Mea</span> <span class='ocrx_word' id='word_1_395' title='bbox 971 1893 1018 1921; x_wconf 88' lang='lat' dir='ltr'>est</span> <span class='ocrx_word' id='word_1_396' title='bbox 1040 1888 1206 1930; x_wconf 86' lang='lat' dir='ltr'>voluntas,</span> <span class='ocrx_word' id='word_1_397' title='bbox 1232 1899 1333 1933; x_wconf 87' lang='lat' dir='ltr'>quam</span> <span class='ocrx_word' id='word_1_398' title='bbox 1355 1899 1449 1921; x_wconf 91' lang='lat' dir='ltr'>suam</span> <span class='ocrx_word' id='word_1_399' title='bbox 1471 1887 1566 1929; x_wconf 82' lang='lat' dir='ltr'>dixit,</span> <span class='ocrx_word' id='word_1_400' title='bbox 1595 1899 1670 1920; x_wconf 87' lang='lat' dir='ltr'>cum</span> <span class='ocrx_word' id='word_1_401' title='bbox 1697 1887 1761 1919; x_wconf 85' lang='lat' dir='ltr'>ait:</span> 
     </span>
     <span class='ocr_line' id='line_1_33' title="bbox 162 1945 1761 1992; baseline -0.003 -10"><span class='ocrx_word' id='word_1_402' title='bbox 162 1949 239 1982; x_wconf 84' lang='lat' dir='ltr'>Non</span> <span class='ocrx_word' id='word_1_403' title='bbox 253 1948 338 1981; x_wconf 74' lang='lat' dir='ltr'>sicut</span> <span class='ocrx_word' id='word_1_404' title='bbox 351 1959 408 1992; x_wconf 74' lang='lat' dir='ltr'>eqo</span> <span class='ocrx_word' id='word_1_405' title='bbox 423 1948 505 1987; x_wconf 75' lang='lat' dir='ltr'>volo,</span> <span class='ocrx_word' id='word_1_406' title='bbox 535 1946 593 1980; x_wconf 81' lang='lat' dir='ltr'>sed</span> <span class='ocrx_word' id='word_1_407' title='bbox 611 1947 698 1981; x_wconf 72' lang='lat' dir='ltr'>sicut</span> <span class='ocrx_word' id='word_1_408' title='bbox 731 1954 767 1981; x_wconf 69' lang='lat' dir='ltr'>tu</span> <span class='ocrx_word' id='word_1_409' title='bbox 797 1946 856 1979; x_wconf 74' lang='lat' dir='ltr'>vis.</span> <span class='ocrx_word' id='word_1_410' title='bbox 892 1946 975 1979; x_wconf 91' lang='lat' dir='ltr'>Cum</span> <span class='ocrx_word' id='word_1_411' title='bbox 1010 1950 1120 1980; x_wconf 88' lang='lat' dir='ltr'>autem</span> <span class='ocrx_word' id='word_1_412' title='bbox 1153 1946 1237 1979; x_wconf 76' lang='lat' dir='ltr'>dixit</span> <span class='ocrx_word' id='word_1_413' title='bbox 1251 1950 1261 1966; x_wconf 71' lang='lat'>⁹</span> <span class='ocrx_word' id='word_1_414' title='bbox 1279 1958 1286 1979; x_wconf 74' lang='grc' dir='ltr'><strong>ε</strong></span> <span class='ocrx_word' id='word_1_415' title='bbox 1308 1946 1430 1979; x_wconf 77' lang='lat' dir='ltr'>Omnia</span> <span class='ocrx_word' id='word_1_416' title='bbox 1450 1956 1519 1992; x_wconf 73' lang='lat' dir='ltr'>qzcae</span> <span class='ocrx_word' id='word_1_417' title='bbox 1533 1945 1632 1979; x_wconf 77' lang='lat' dir='ltr'>habet</span> <span class='ocrx_word' id='word_1_418' title='bbox 1647 1947 1761 1986; x_wconf 84' lang='lat' dir='ltr'>Pater,</span> 
     </span>
     <span class='ocr_line' id='line_1_34' title="bbox 162 2003 1766 2051; baseline -0.002 -12"><span class='ocrx_word' id='word_1_419' title='bbox 162 2017 238 2039; x_wconf 84' lang='lat' dir='ltr'>mea</span> <span class='ocrx_word' id='word_1_420' title='bbox 258 2012 347 2046; x_wconf 81' lang='lat' dir='ltr'>szmt,</span> <span class='ocrx_word' id='word_1_421' title='bbox 376 2006 454 2050; x_wconf 89' lang='lat' dir='ltr'>quia</span> <span class='ocrx_word' id='word_1_422' title='bbox 480 2006 566 2039; x_wconf 87' lang='lat' dir='ltr'>nihil</span> <span class='ocrx_word' id='word_1_423' title='bbox 597 2006 771 2050; x_wconf 75' lang='lat' dir='ltr'>excipitur,</span> <span class='ocrx_word' id='word_1_424' title='bbox 802 2007 872 2039; x_wconf 87' lang='lat' dir='ltr'>sine</span> <span class='ocrx_word' id='word_1_425' title='bbox 896 2006 1010 2048; x_wconf 91' lang='lat' dir='ltr'>dubio,</span> <span class='ocrx_word' id='word_1_426' title='bbox 1036 2018 1137 2051; x_wconf 86' lang='lat' dir='ltr'>quam</span> <span class='ocrx_word' id='word_1_427' title='bbox 1158 2006 1255 2040; x_wconf 87' lang='lat' dir='ltr'>Pater</span> <span class='ocrx_word' id='word_1_428' title='bbox 1283 2006 1394 2047; x_wconf 86' lang='lat' dir='ltr'>habet,</span> <span class='ocrx_word' id='word_1_429' title='bbox 1425 2004 1572 2037; x_wconf 88' lang='lat' dir='ltr'>eamdem</span> <span class='ocrx_word' id='word_1_430' title='bbox 1602 2009 1633 2036; x_wconf 86' lang='lat' dir='ltr'>et</span> <span class='ocrx_word' id='word_1_431' title='bbox 1660 2003 1766 2037; x_wconf 86' lang='lat' dir='ltr'>Filius</span> 
     </span>
     <span class='ocr_line' id='line_1_35' title="bbox 163 2062 1766 2109; baseline -0.002 -12"><span class='ocrx_word' id='word_1_432' title='bbox 163 2064 261 2097; x_wconf 88' lang='lat' dir='ltr'>hahet</span> <span class='ocrx_word' id='word_1_433' title='bbox 275 2064 489 2097; x_wconf 86' lang='lat' dir='ltr'>voluntatem.</span> <span class='ocrx_word' id='word_1_434' title='bbox 511 2063 635 2097; x_wconf 90' lang='lat' dir='ltr'>Eadem</span> <span class='ocrx_word' id='word_1_435' title='bbox 658 2069 705 2097; x_wconf 91' lang='lat' dir='ltr'>est</span> <span class='ocrx_word' id='word_1_436' title='bbox 732 2064 852 2097; x_wconf 87' lang='lat' dir='ltr'>Christi</span> <span class='ocrx_word' id='word_1_437' title='bbox 875 2064 1040 2106; x_wconf 88' lang='lat' dir='ltr'>voluntas,</span> <span class='ocrx_word' id='word_1_438' title='bbox 1070 2075 1145 2109; x_wconf 83' lang='lat' dir='ltr'>quae</span> <span class='ocrx_word' id='word_1_439' title='bbox 1173 2068 1319 2109; x_wconf 89' lang='lat' dir='ltr'>paterna.</span> <span class='ocrx_word' id='word_1_440' title='bbox 1349 2063 1423 2097; x_wconf 88' lang='lat' dir='ltr'>Una</span> <span class='ocrx_word' id='word_1_441' title='bbox 1451 2074 1529 2106; x_wconf 86' lang='lat' dir='ltr'>ergo</span> <span class='ocrx_word' id='word_1_442' title='bbox 1550 2062 1704 2095; x_wconf 83' lang='lat' dir='ltr'>voluntas</span> <span class='ocrx_word' id='word_1_443' title='bbox 1719 2065 1766 2095; x_wconf 85' lang='lat' dir='ltr'>est</span> 
     </span>
     <span class='ocr_line' id='line_1_36' title="bbox 162 2121 1764 2164; baseline -0.001 -10"><span class='ocrx_word' id='word_1_444' title='bbox 162 2122 268 2155; x_wconf 87' lang='lat' dir='ltr'>Patris</span> <span class='ocrx_word' id='word_1_445' title='bbox 281 2127 313 2155; x_wconf 90' lang='lat' dir='ltr'>et</span> <span class='ocrx_word' id='word_1_446' title='bbox 326 2122 415 2155; x_wconf 89' lang='lat' dir='ltr'>Filii.</span> <span class='ocrx_word' id='word_1_447' title='bbox 433 2121 497 2155; x_wconf 87' lang='lat' dir='ltr'>Sed</span> <span class='ocrx_word' id='word_1_448' title='bbox 511 2121 575 2154; x_wconf 85' lang='lat' dir='ltr'>alia</span> <span class='ocrx_word' id='word_1_449' title='bbox 589 2126 636 2155; x_wconf 88' lang='lat' dir='ltr'>est</span> <span class='ocrx_word' id='word_1_450' title='bbox 657 2122 811 2155; x_wconf 85' lang='lat' dir='ltr'>voluntas</span> <span class='ocrx_word' id='word_1_451' title='bbox 834 2122 990 2164; x_wconf 90' lang='lat' dir='ltr'>hominis,</span> <span class='ocrx_word' id='word_1_452' title='bbox 1020 2122 1085 2155; x_wconf 89' lang='lat' dir='ltr'>alia</span> <span class='ocrx_word' id='word_1_453' title='bbox 1108 2122 1178 2164; x_wconf 91' lang='lat' dir='ltr'>Dei,</span> <span class='ocrx_word' id='word_1_454' title='bbox 1200 2127 1238 2155; x_wconf 91' lang='lat' dir='ltr'>ut</span> <span class='ocrx_word' id='word_1_455' title='bbox 1250 2123 1331 2155; x_wconf 86' lang='lat' dir='ltr'>scias</span> <span class='ocrx_word' id='word_1_456' title='bbox 1345 2121 1448 2155; x_wconf 86' lang='lat' dir='ltr'>vitam</span> <span class='ocrx_word' id='word_1_457' title='bbox 1463 2121 1498 2154; x_wconf 90' lang='lat' dir='ltr'>in</span> <span class='ocrx_word' id='word_1_458' title='bbox 1512 2121 1683 2154; x_wconf 88' lang='lat' dir='ltr'>voluntate</span> <span class='ocrx_word' id='word_1_459' title='bbox 1697 2130 1764 2153; x_wconf 85' lang='lat' dir='ltr'>esse</span> 
     </span>
     <span class='ocr_line' id='line_1_37' title="bbox 163 2177 1765 2225; baseline -0.002 -12"><span class='ocrx_word' id='word_1_460' title='bbox 163 2180 319 2222; x_wconf 90' lang='lat' dir='ltr'>hominis,</span> <span class='ocrx_word' id='word_1_461' title='bbox 336 2180 519 2225; x_wconf 82' lang='lat' dir='ltr'>passionem</span> <span class='ocrx_word' id='word_1_462' title='bbox 539 2183 649 2213; x_wconf 81' lang='lat' dir='ltr'>autem</span> <span class='ocrx_word' id='word_1_463' title='bbox 674 2180 794 2213; x_wconf 87' lang='lat' dir='ltr'>Christi</span> <span class='ocrx_word' id='word_1_464' title='bbox 813 2180 848 2213; x_wconf 89' lang='lat' dir='ltr'>in</span> <span class='ocrx_word' id='word_1_465' title='bbox 873 2180 1043 2214; x_wconf 87' lang='lat' dir='ltr'>voluntate</span> <span class='ocrx_word' id='word_1_466' title='bbox 1066 2180 1192 2222; x_wconf 84' lang='lat' dir='ltr'>divina,</span> <span class='ocrx_word' id='word_1_467' title='bbox 1220 2184 1257 2213; x_wconf 91' lang='lat' dir='ltr'>ut</span> <span class='ocrx_word' id='word_1_468' title='bbox 1281 2183 1448 2225; x_wconf 86' lang='lat' dir='ltr'>pateretur</span> <span class='ocrx_word' id='word_1_469' title='bbox 1472 2190 1531 2224; x_wconf 88' lang='lat' dir='ltr'>pro</span> <span class='ocrx_word' id='word_1_470' title='bbox 1546 2178 1652 2212; x_wconf 88' lang='lat' dir='ltr'>nohis.</span> <span class='ocrx_word' id='word_1_471' title='bbox 1671 2190 1688 2209; x_wconf 85' lang='grc'>))</span> <span class='ocrx_word' id='word_1_472' title='bbox 1705 2177 1765 2211; x_wconf 89' lang='lat' dir='ltr'>His</span> 
     </span>
     <span class='ocr_line' id='line_1_38' title="bbox 163 2235 1766 2282; baseline -0.002 -10"><span class='ocrx_word' id='word_1_473' title='bbox 163 2238 357 2272; x_wconf 88' lang='lat' dir='ltr'>testimoniis</span> <span class='ocrx_word' id='word_1_474' title='bbox 381 2238 549 2271; x_wconf 87' lang='lat' dir='ltr'>evidenter</span> <span class='ocrx_word' id='word_1_475' title='bbox 570 2238 704 2271; x_wconf 84' lang='lat' dir='ltr'>docetur</span> <span class='ocrx_word' id='word_1_476' title='bbox 725 2238 761 2271; x_wconf 91' lang='lat' dir='ltr'>in</span> <span class='ocrx_word' id='word_1_477' title='bbox 784 2238 913 2271; x_wconf 87' lang='lat' dir='ltr'>Christo</span> <span class='ocrx_word' id='word_1_478' title='bbox 936 2238 1017 2271; x_wconf 86' lang='lat' dir='ltr'>duas</span> <span class='ocrx_word' id='word_1_479' title='bbox 1043 2238 1141 2271; x_wconf 87' lang='lat' dir='ltr'>fuisse</span> <span class='ocrx_word' id='word_1_480' title='bbox 1162 2238 1349 2272; x_wconf 87' lang='lat' dir='ltr'>voluntates</span> <span class='ocrx_word' id='word_1_481' title='bbox 1370 2250 1377 2270; x_wconf 91' lang='lat'>:</span> <span class='ocrx_word' id='word_1_482' title='bbox 1408 2237 1496 2282; x_wconf 89' lang='lat' dir='ltr'>quod</span> <span class='ocrx_word' id='word_1_483' title='bbox 1526 2236 1605 2281; x_wconf 86' lang='lat' dir='ltr'>quia</span> <span class='ocrx_word' id='word_1_484' title='bbox 1633 2235 1766 2279; x_wconf 83' lang='lat' dir='ltr'>negavit</span> 
     </span>
     <span class='ocr_line' id='line_1_39' title="bbox 164 2294 1760 2342; baseline -0.003 -13"><span class='ocrx_word' id='word_1_485' title='bbox 164 2297 324 2330; x_wconf 86' lang='lat' dir='ltr'>Macarius</span> <span class='ocrx_word' id='word_1_486' title='bbox 349 2296 611 2341; x_wconf 88' lang='lat' dir='ltr'>archiepiscopus</span> <span class='ocrx_word' id='word_1_487' title='bbox 637 2296 831 2339; x_wconf 71' lang='lat' dir='ltr'>Antiochiae,</span> <span class='ocrx_word' id='word_1_488' title='bbox 854 2296 889 2329; x_wconf 90' lang='lat' dir='ltr'>in</span> <span class='ocrx_word' id='word_1_489' title='bbox 914 2296 1275 2342; x_wconf 86' lang='lat' dir='ltr'>Constantinopolitana</span> <span class='ocrx_word' id='word_1_490' title='bbox 1296 2296 1420 2341; x_wconf 88' lang='lat' dir='ltr'>synodo</span> <span class='ocrx_word' id='word_1_491' title='bbox 1442 2294 1679 2328; x_wconf 86' lang='lat' dir='ltr'>condemnatus</span> <span class='ocrx_word' id='word_1_492' title='bbox 1699 2297 1760 2325; x_wconf 88' lang='lat' dir='ltr'>est.</span> 
     </span>
     <span class='ocr_line' id='line_1_40' title="bbox 162 2352 1763 2400; baseline -0.002 -12"><span class='ocrx_word' id='word_1_493' title='bbox 162 2355 203 2387; x_wconf 92' lang='lat' dir='ltr'>Et</span> <span class='ocrx_word' id='word_1_494' title='bbox 225 2367 264 2388; x_wconf 84' lang='lat' dir='ltr'>ex</span> <span class='ocrx_word' id='word_1_495' title='bbox 284 2355 401 2388; x_wconf 85' lang='lat' dir='ltr'>affectu</span> <span class='ocrx_word' id='word_1_496' title='bbox 425 2354 571 2388; x_wconf 88' lang='lat' dir='ltr'>humano</span> <span class='ocrx_word' id='word_1_497' title='bbox 595 2355 815 2388; x_wconf 86' lang='lat' dir='ltr'>sensualitatis</span> <span class='ocrx_word' id='word_1_498' title='bbox 835 2354 982 2400; x_wconf 88' lang='lat' dir='ltr'>quidem,</span> <span class='ocrx_word' id='word_1_499' title='bbox 1006 2366 1072 2388; x_wconf 90' lang='lat' dir='ltr'>non</span> <span class='ocrx_word' id='word_1_500' title='bbox 1097 2355 1245 2397; x_wconf 86' lang='lat' dir='ltr'>rationis,</span> <span class='ocrx_word' id='word_1_501' title='bbox 1271 2354 1356 2388; x_wconf 87' lang='lat' dir='ltr'>illud</span> <span class='ocrx_word' id='word_1_502' title='bbox 1377 2353 1484 2387; x_wconf 86' lang='lat' dir='ltr'>voluit</span> <span class='ocrx_word' id='word_1_503' title='bbox 1507 2357 1539 2386; x_wconf 89' lang='lat' dir='ltr'>et</span> <span class='ocrx_word' id='word_1_504' title='bbox 1553 2353 1657 2398; x_wconf 86' lang='lat' dir='ltr'>petiit,</span> <span class='ocrx_word' id='word_1_505' title='bbox 1674 2352 1763 2397; x_wconf 87' lang='lat' dir='ltr'>quod</span> 
     </span>
     <span class='ocr_line' id='line_1_41' title="bbox 163 2411 1763 2458; baseline -0.002 -13"><span class='ocrx_word' id='word_1_506' title='bbox 163 2424 230 2445; x_wconf 88' lang='lat' dir='ltr'>non</span> <span class='ocrx_word' id='word_1_507' title='bbox 243 2413 441 2457; x_wconf 88' lang='lat' dir='ltr'>impetravit.</span> <span class='ocrx_word' id='word_1_508' title='bbox 466 2412 532 2445; x_wconf 84' lang='lat' dir='ltr'>Nec</span> <span class='ocrx_word' id='word_1_509' title='bbox 553 2412 625 2446; x_wconf 89' lang='lat' dir='ltr'>ideo</span> <span class='ocrx_word' id='word_1_510' title='bbox 649 2413 742 2457; x_wconf 87' lang='lat' dir='ltr'>petiit</span> <span class='ocrx_word' id='word_1_511' title='bbox 764 2417 801 2446; x_wconf 94' lang='lat' dir='ltr'>ut</span> <span class='ocrx_word' id='word_1_512' title='bbox 823 2413 1024 2458; x_wconf 86' lang='lat' dir='ltr'>impetraret,</span> <span class='ocrx_word' id='word_1_513' title='bbox 1050 2414 1129 2457; x_wconf 88' lang='lat' dir='ltr'>quia</span> <span class='ocrx_word' id='word_1_514' title='bbox 1149 2413 1270 2446; x_wconf 88' lang='lat' dir='ltr'>sciebat</span> <span class='ocrx_word' id='word_1_515' title='bbox 1293 2413 1397 2446; x_wconf 89' lang='lat' dir='ltr'>Deum</span> <span class='ocrx_word' id='word_1_516' title='bbox 1422 2423 1490 2445; x_wconf 90' lang='lat' dir='ltr'>non</span> <span class='ocrx_word' id='word_1_517' title='bbox 1515 2422 1582 2444; x_wconf 82' lang='lat' dir='ltr'>esse</span> <span class='ocrx_word' id='word_1_518' title='bbox 1597 2411 1763 2443; x_wconf 82' lang='lat' dir='ltr'>facturum</span> 
     </span>
    </p>
   </div>
   <div class='ocr_carea' id='block_1_6' title="bbox 163 2481 1765 2623">
    <p class='ocr_par' dir='ltr' id='par_1_7' title="bbox 163 2481 1765 2623">
     <span class='ocr_line' id='line_1_42' title="bbox 197 2481 1765 2516; baseline -0.002 -8"><span class='ocrx_word' id='word_1_519' title='bbox 197 2485 203 2500; x_wconf 88' lang='lat'><strong>¹</strong></span> <span class='ocrx_word' id='word_1_520' title='bbox 221 2485 292 2513; x_wconf 71' lang='lat' dir='ltr'>aed..</span> <span class='ocrx_word' id='word_1_521' title='bbox 307 2485 350 2508; x_wconf 87' lang='lat' dir='ltr'>lib.</span> <span class='ocrx_word' id='word_1_522' title='bbox 367 2485 409 2514; x_wconf 86' lang='lat' dir='ltr'>lV,</span> <span class='ocrx_word' id='word_1_523' title='bbox 421 2484 489 2508; x_wconf 88' lang='lat' dir='ltr'>Com.</span> <span class='ocrx_word' id='word_1_524' title='bbox 503 2485 526 2507; x_wconf 81' lang='lat' dir='ltr'>iu</span> <span class='ocrx_word' id='word_1_525' title='bbox 542 2485 631 2515; x_wconf 65' lang='lat' dir='ltr'>Marc„</span> <span class='ocrx_word' id='word_1_526' title='bbox 641 2491 665 2508; x_wconf 86' lang='lat' dir='ltr'>c.</span> <span class='ocrx_word' id='word_1_527' title='bbox 678 2490 732 2508; x_wconf 69' lang='lat' dir='ltr'>XIV.</span> <span class='ocrx_word' id='word_1_528' title='bbox 746 2498 770 2501; x_wconf 93' lang='lat'>—</span> <span class='ocrx_word' id='word_1_529' title='bbox 782 2485 793 2501; x_wconf 77' lang='lat'>¹</span> <span class='ocrx_word' id='word_1_530' title='bbox 802 2485 904 2515; x_wconf 63' lang='lat' dir='ltr'>Manli„</span> <span class='ocrx_word' id='word_1_531' title='bbox 916 2491 986 2515; x_wconf 59' lang='lat' dir='ltr'>xxm,</span> <span class='ocrx_word' id='word_1_532' title='bbox 1004 2486 1043 2508; x_wconf 83' lang='lat'>39.</span> <span class='ocrx_word' id='word_1_533' title='bbox 1052 2498 1082 2502; x_wconf 92' lang='lat'>—</span> <span class='ocrx_word' id='word_1_534' title='bbox 1091 2485 1100 2500; x_wconf 79' lang='lat'><strong>³</strong></span> <span class='ocrx_word' id='word_1_535' title='bbox 1111 2485 1194 2516; x_wconf 63' lang='lat' dir='ltr'>loon„</span> <span class='ocrx_word' id='word_1_536' title='bbox 1205 2491 1240 2514; x_wconf 71' lang='lat' dir='ltr'>vl,</span> <span class='ocrx_word' id='word_1_537' title='bbox 1254 2485 1347 2509; x_wconf 70' lang='grc' dir='ltr'>38.--ε</span> <span class='ocrx_word' id='word_1_538' title='bbox 1359 2483 1461 2514; x_wconf 71' lang='lat' dir='ltr'>Manli.¹</span> <span class='ocrx_word' id='word_1_539' title='bbox 1477 2489 1550 2512; x_wconf 72' lang='lat' dir='ltr'>XXVI,</span> <span class='ocrx_word' id='word_1_540' title='bbox 1563 2484 1601 2506; x_wconf 73' lang='lat'>41.</span> <span class='ocrx_word' id='word_1_541' title='bbox 1612 2495 1641 2500; x_wconf 95' lang='lat'><strong>—</strong></span> <span class='ocrx_word' id='word_1_542' title='bbox 1654 2482 1664 2498; x_wconf 78' lang='lat'>⁵</span> <span class='ocrx_word' id='word_1_543' title='bbox 1675 2481 1765 2506; x_wconf 84' lang='lat' dir='ltr'>Glossa</span> 
     </span>
     <span class='ocr_line' id='line_1_43' title="bbox 164 2517 1763 2551; baseline -0.001 -8"><span class='ocrx_word' id='word_1_544' title='bbox 164 2520 255 2551; x_wconf 77' lang='lat' dir='ltr'>allegat</span> <span class='ocrx_word' id='word_1_545' title='bbox 265 2520 311 2543; x_wconf 85' lang='lat' dir='ltr'>sub</span> <span class='ocrx_word' id='word_1_546' title='bbox 326 2520 430 2543; x_wconf 87' lang='lat' dir='ltr'>nomine</span> <span class='ocrx_word' id='word_1_547' title='bbox 442 2520 510 2544; x_wconf 85' lang='lat' dir='ltr'>Hier.</span> <span class='ocrx_word' id='word_1_548' title='bbox 524 2527 602 2550; x_wconf 85' lang='lat' dir='ltr'>super</span> <span class='ocrx_word' id='word_1_549' title='bbox 613 2520 703 2550; x_wconf 66' lang='lat' dir='ltr'>Marc„</span> <span class='ocrx_word' id='word_1_550' title='bbox 714 2526 772 2550; x_wconf 75' lang='lat' dir='ltr'>xxv3</span> <span class='ocrx_word' id='word_1_551' title='bbox 783 2520 828 2544; x_wconf 86' lang='lat' dir='ltr'>sed</span> <span class='ocrx_word' id='word_1_552' title='bbox 839 2527 931 2544; x_wconf 76' lang='lat' dir='ltr'>revera</span> <span class='ocrx_word' id='word_1_553' title='bbox 945 2522 1004 2544; x_wconf 86' lang='lat' dir='ltr'>sunt</span> <span class='ocrx_word' id='word_1_554' title='bbox 1017 2520 1101 2551; x_wconf 76' lang='lat' dir='ltr'>Bedae,</span> <span class='ocrx_word' id='word_1_555' title='bbox 1113 2521 1259 2544; x_wconf 75' lang='lat' dir='ltr'>Comment.</span> <span class='ocrx_word' id='word_1_556' title='bbox 1270 2526 1376 2544; x_wconf 88' lang='lat' dir='ltr'>suorum</span> <span class='ocrx_word' id='word_1_557' title='bbox 1388 2519 1432 2543; x_wconf 87' lang='lat' dir='ltr'>lib.</span> <span class='ocrx_word' id='word_1_558' title='bbox 1448 2518 1491 2548; x_wconf 79' lang='lat' dir='ltr'>lv,</span> <span class='ocrx_word' id='word_1_559' title='bbox 1507 2518 1574 2542; x_wconf 79' lang='lat' dir='ltr'>circa</span> <span class='ocrx_word' id='word_1_560' title='bbox 1589 2517 1656 2540; x_wconf 89' lang='lat' dir='ltr'>huuc</span> <span class='ocrx_word' id='word_1_561' title='bbox 1669 2517 1763 2542; x_wconf 87' lang='lat' dir='ltr'>locum.</span> 
     </span>
     <span class='ocr_line' id='line_1_44' title="bbox 163 2552 1764 2587; baseline -0.002 -8"><span class='ocrx_word' id='word_1_562' title='bbox 163 2568 194 2574; x_wconf 86' lang='lat'>—-</span> <span class='ocrx_word' id='word_1_563' title='bbox 206 2556 216 2573; x_wconf 79' lang='lat'><strong>⁸</strong></span> <span class='ocrx_word' id='word_1_564' title='bbox 232 2557 307 2586; x_wconf 70' lang='lat' dir='ltr'>Aug,</span> <span class='ocrx_word' id='word_1_565' title='bbox 323 2556 348 2578; x_wconf 81' lang='lat' dir='ltr'>in</span> <span class='ocrx_word' id='word_1_566' title='bbox 362 2556 407 2579; x_wconf 77' lang='lat' dir='ltr'>P5.</span> <span class='ocrx_word' id='word_1_567' title='bbox 418 2561 500 2584; x_wconf 75' lang='lat' dir='ltr'>xxxxi,</span> <span class='ocrx_word' id='word_1_568' title='bbox 514 2557 536 2585; x_wconf 81' lang='lat'>1,</span> <span class='ocrx_word' id='word_1_569' title='bbox 551 2556 640 2580; x_wconf 79' lang='lat' dir='ltr'>Enarr.</span> <span class='ocrx_word' id='word_1_570' title='bbox 657 2561 688 2585; x_wconf 79' lang='lat'>11,</span> <span class='ocrx_word' id='word_1_571' title='bbox 703 2562 729 2580; x_wconf 90' lang='lat' dir='ltr'>n.</span> <span class='ocrx_word' id='word_1_572' title='bbox 743 2557 805 2580; x_wconf 82' lang='grc'>2.-</span> <span class='ocrx_word' id='word_1_573' title='bbox 815 2556 825 2573; x_wconf 88' lang='lat'><strong>⁷</strong></span> <span class='ocrx_word' id='word_1_574' title='bbox 838 2556 886 2586; x_wconf 65' lang='grc' dir='ltr'>Ιώ,</span> <span class='ocrx_word' id='word_1_575' title='bbox 901 2557 927 2580; x_wconf 75' lang='lat' dir='ltr'>in</span> <span class='ocrx_word' id='word_1_576' title='bbox 937 2557 978 2580; x_wconf 78' lang='lat' dir='ltr'>Ps.</span> <span class='ocrx_word' id='word_1_577' title='bbox 996 2562 1071 2585; x_wconf 80' lang='lat' dir='ltr'>xcm,</span> <span class='ocrx_word' id='word_1_578' title='bbox 1090 2557 1126 2585; x_wconf 82' lang='lat'>15,</span> <span class='ocrx_word' id='word_1_579' title='bbox 1140 2557 1240 2587; x_wconf 67' lang='lat' dir='ltr'>Enarr„</span> <span class='ocrx_word' id='word_1_580' title='bbox 1255 2562 1282 2580; x_wconf 88' lang='lat' dir='ltr'>n.</span> <span class='ocrx_word' id='word_1_581' title='bbox 1296 2554 1393 2580; x_wconf 79' lang='lat'>¹9.—⁸</span> <span class='ocrx_word' id='word_1_582' title='bbox 1403 2554 1532 2584; x_wconf 73' lang='lat' dir='ltr'>Ambros,</span> <span class='ocrx_word' id='word_1_583' title='bbox 1546 2552 1576 2576; x_wconf 75' lang='lat' dir='ltr'>de</span> <span class='ocrx_word' id='word_1_584' title='bbox 1588 2552 1660 2586; x_wconf 76' lang='lat' dir='ltr'>Fide,</span> <span class='ocrx_word' id='word_1_585' title='bbox 1675 2552 1719 2577; x_wconf 80' lang='lat' dir='ltr'>lib.</span> <span class='ocrx_word' id='word_1_586' title='bbox 1733 2553 1764 2585; x_wconf 75' lang='grc' dir='ltr'>ΙΙ,</span> 
     </span>
     <span class='ocr_line' id='line_1_45' title="bbox 165 2591 1097 2623; baseline -0.002 -7"><span class='ocrx_word' id='word_1_587' title='bbox 165 2599 187 2616; x_wconf 89' lang='lat' dir='ltr'>c.</span> <span class='ocrx_word' id='word_1_588' title='bbox 199 2598 226 2622; x_wconf 83' lang='lat' dir='ltr'>v,</span> <span class='ocrx_word' id='word_1_589' title='bbox 241 2598 267 2615; x_wconf 91' lang='lat' dir='ltr'>n.</span> <span class='ocrx_word' id='word_1_590' title='bbox 278 2591 318 2621; x_wconf 79' lang='lat'>41,</span> <span class='ocrx_word' id='word_1_591' title='bbox 330 2591 379 2621; x_wconf 72' lang='lat'>423</span> <span class='ocrx_word' id='word_1_592' title='bbox 394 2596 466 2622; x_wconf 84' lang='lat' dir='ltr'>c.v1‚</span> <span class='ocrx_word' id='word_1_593' title='bbox 479 2597 505 2615; x_wconf 87' lang='lat' dir='ltr'>n.</span> <span class='ocrx_word' id='word_1_594' title='bbox 518 2592 543 2614; x_wconf 80' lang='lat'>5¹</span> <span class='ocrx_word' id='word_1_595' title='bbox 560 2598 604 2620; x_wconf 91' lang='lat' dir='ltr'>;c.</span> <span class='ocrx_word' id='word_1_596' title='bbox 621 2597 667 2620; x_wconf 85' lang='lat' dir='ltr'>vn,</span> <span class='ocrx_word' id='word_1_597' title='bbox 681 2598 708 2616; x_wconf 90' lang='lat' dir='ltr'>n.</span> <span class='ocrx_word' id='word_1_598' title='bbox 723 2592 763 2622; x_wconf 78' lang='lat'>52,</span> <span class='ocrx_word' id='word_1_599' title='bbox 776 2592 874 2616; x_wconf 79' lang='lat'>5³.-⁹</span> <span class='ocrx_word' id='word_1_600' title='bbox 885 2592 967 2622; x_wconf 68' lang='lat' dir='ltr'>Joan„</span> <span class='ocrx_word' id='word_1_601' title='bbox 985 2597 1042 2623; x_wconf 84' lang='lat' dir='ltr'>xv1,</span> <span class='ocrx_word' id='word_1_602' title='bbox 1057 2593 1097 2616; x_wconf 83' lang='lat'>15.</span> 
     </span>
    </p>
   </div>
   <div class='ocr_carea' id='block_1_7' title="bbox 197 2635 710 2670">
    <p class='ocr_par' dir='ltr' id='par_1_8' title="bbox 197 2635 710 2670">
     <span class='ocr_line' id='line_1_46' title="bbox 197 2635 710 2670; baseline 0.002 -11"><span class='ocrx_word' id='word_1_603' title='bbox 197 2636 230 2667; x_wconf 81' lang='lat' dir='ltr'>(a)</span> <span class='ocrx_word' id='word_1_604' title='bbox 243 2636 303 2660; x_wconf 75' lang='lat' dir='ltr'>Coet.</span> <span class='ocrx_word' id='word_1_605' title='bbox 316 2635 376 2659; x_wconf 76' lang='lat' dir='ltr'>edit.</span> <span class='ocrx_word' id='word_1_606' title='bbox 391 2635 435 2666; x_wconf 79' lang='lat' dir='ltr'>qui</span> <span class='ocrx_word' id='word_1_607' title='bbox 449 2648 480 2654; x_wconf 94' lang='lat'><strong>—</strong></span> <span class='ocrx_word' id='word_1_608' title='bbox 495 2635 527 2666; x_wconf 86' lang='lat' dir='ltr'>(b)</span> <span class='ocrx_word' id='word_1_609' title='bbox 542 2636 583 2660; x_wconf 85' lang='grc' dir='ltr'>ΔΙ.</span> <span class='ocrx_word' id='word_1_610' title='bbox 599 2637 710 2670; x_wconf 82' lang='lat' dir='ltr'>quando.</span> 
     </span>
    </p>
   </div>
  </div>
 </body>
</html>
