2017 2960
853 180 1043 212 DISTINCT.
1067 181 1145 212 XIX.

206 251 391 282 remissione
404 253 626 291 peccatorum
643 252 677 281 in
692 249 831 281 secunda
845 257 934 286 vero,
951 248 985 278 in

205 304 360 335 deletione
387 304 691 344 chirographorum,
715 303 760 335 ibi
789 312 796 333 z
823 302 932 341 Itaque
948 301 984 332 in

207 357 329 390 Christi
340 359 510 398 sanquine,
527 359 584 397 qut
599 358 695 389 solvit
706 365 777 397 quoe
786 363 850 387 non
859 355 982 394 rapuit,

204 413 274 448 etc.;
295 411 328 442 in
344 411 436 442 tertia
448 422 536 450 veto,
553 412 586 442 in
601 412 787 443 liberatione
802 420 820 440 a
833 410 984 450 potestate

203 464 329 503 diaboli,
344 465 388 496 ibi
407 475 413 496 τ
432 466 548 498 Factus
564 469 610 498 est
631 473 702 504 erqo
723 464 879 500 mortalis,
899 465 957 493 etc.
974 473 980 499 ;

201 517 237 548 in
247 521 370 558 quarta,
384 519 418 549 in
433 520 588 550 solutione
601 519 704 559 pretii,
722 518 766 548 ihi
779 527 785 548 :
800 517 826 548 A
844 525 907 556 qua
918 524 985 555 pae-

203 579 247 602 na
258 572 425 612 temporali
436 576 466 605 et
474 576 604 609 oeterna,
617 573 676 602 etc.
687 568 983 602 Similitersecunda

201 634 275 665 pars
304 626 487 666 principalis
516 628 656 666 quatuor
679 625 777 655 habet
805 625 920 663 partes,
950 622 983 652 in

201 687 340 718 quarum
367 679 471 719 prima
498 679 688 709 determinat
714 676 866 717 Magister
881 684 980 716 quare

202 731 344 763 Christus
360 732 475 763 dicitur
488 732 668 770 redemptor
678 731 731 766 ,·in
743 730 881 761 secunda
891 738 979 768 vero,

201 796 301 827 quare
316 787 431 817 dicitur
446 785 615 823 mediator,
630 786 674 815 ibi
692 796 699 815 z
715 786 777 823 Qui
794 784 881 816 solus
894 785 979 816 dict*-

200 842 254 871 tur
269 839 438 877 mediator,
461 842 540 877 etc.;
571 840 604 870 in
628 840 738 877 tertia,
767 847 866 878 quare
896 839 981 869 solus

199 892 341 924 Christus
370 893 486 923 dicitur
513 893 681 930 mediator,
712 893 754 922 ibi
782 902 788 923 :
819 891 881 923 Sed
909 900 981 923 cum

197 950 328 986 peccata
342 946 447 978 deleat
472 955 536 978 non
564 947 666 978 solam
692 946 807 983 Filias,
837 948 918 983 etc.;
948 946 981 976 in

198 1002 323 1040 quarta,
353 1000 531 1031 secundum
557 1009 655 1040 quam
683 1002 836 1030 naturam
865 998 982 1030 dicitur

199 1053 365 1091 mediator,
384 1053 427 1083 ibi
446 1064 453 1084 :
474 1053 563 1085 Unde
574 1056 602 1085 et
617 1053 777 1085 mediator
792 1052 917 1084 dicitur
930 1061 979 1084 se-

197 1109 339 1141 cundam
364 1109 615 1146 humanitatem,
647 1111 706 1139 etc.
739 1107 982 1139 Subdivisiones

197 1165 306 1194 autem
321 1162 357 1193 iu
370 1163 475 1194 littera
489 1163 565 1193 satis
581 1164 745 1202 apparent.

526 1269 596 1291 DUB.
619 1269 642 1290 1.

197 1335 217 1359 Α
232 1334 345 1365 peccatis
366 1341 413 1365 per
430 1334 484 1365 ejus
498 1336 611 1357 mortem
631 1333 708 1357 soluti
732 1340 834 1361 sumus,
851 1332 911 1363 quia
934 1339 980 1363 per

229 1370 283 1400 ejus
295 1372 421 1400 mortem,
437 1372 465 1394 ut
479 1370 514 1393 ait
528 1369 665 1401 Apostolus
674 1387 682 1399 ,
695 1369 891 1393 commendatur
905 1369 980 1393 nohis

230 1406 340 1430 charitas
357 1406 412 1430 Dei.

237 1480 370 1513 Videtur
396 1481 456 1511 ista
479 1481 562 1511 ratio
585 1480 678 1511 nulla
695 1490 783 1519 0550,
805 1481 880 1520 quia
904 1490 977 1511 cum

195 1544 253 1575 per
267 1534 421 1565 beneficia
435 1534 488 1565 Dei
504 1534 748 1565 commendetur
766 1534 859 1564 nobiS
873 1534 977 1565 chari-

196 1590 244 1619 tas
256 1588 322 1626 Dei,
340 1588 421 1618 sicut
438 1597 494 1628 per
509 1588 688 1628 passionem
706 1587 838 1625 Christi,
853 1588 980 1619 videtur

195 1642 284 1682 quod
309 1651 367 1682 per
389 1641 544 1672 beneficia
565 1641 618 1671 Dei
635 1642 853 1681 justificemur
868 1651 886 1672 a
905 1651 976 1681 pec-

195 1696 290 1734 catis,
319 1696 401 1726 sicut
430 1704 486 1735 per
515 1695 696 1734 passionem
725 1694 849 1726 Christi.
878 1695 954 1725 Item
968 1718 976 1733 ‚

195 1751 352 1789 martyres
374 1749 524 1789 patiendo
549 1749 688 1779 excitant
710 1758 768 1779 nos
789 1748 828 1779 ad
852 1750 979 1779 creden-

193 1802 272 1834 dum
295 1805 327 1833 et
350 1803 525 1833 amandum
550 1813 556 1833 :
582 1811 661 1841 ergo
686 1802 711 1832 si
738 1802 843 1842 passio
865 1802 978 1834 Christi

193 1855 311 1887 dicitur
326 1866 385 1888 nos
402 1857 595 1896 justificare,
613 1856 689 1896 quia
703 1866 762 1887 nos
776 1857 918 1887 accendit
939 1857 978 1887 ad

194 1906 392 1947 charitatem,
419 1908 489 1947 pari
514 1907 637 1938 ratione
663 1910 693 1938 et
714 1908 817 1947 passio
840 1908 977 1938 aliorum

194 1963 387 2000 martyrum.
405 1960 495 1998 Item,
513 1960 539 1990 si
554 1960 615 1991 1100
629 1969 743 1991 verum
759 1964 817 1999 est,
835 1964 912 1992 tunc
927 1962 976 1992 vi-

194 2013 285 2045 detur
311 2013 396 2053 quod
417 2013 602 2053 Justiiicatio
625 2023 691 2044 non
712 2014 881 2044 conveniat
904 2024 976 2054 pas—

194 2067 277 2097 sioni
293 2066 406 2097 Christi
419 2090 427 2104 ,
443 2067 504 2097 nisi
520 2067 724 2098 solummodo
740 2077 796 2107 per
810 2068 974 2108 accidens,

194 2120 340 2152 videlicet
352 2120 474 2151 ratione
490 2120 652 2151 charitatis
667 2122 797 2151 nostrae.

235 2173 330 2214 Resp.
354 2173 532 2204 Dicendum
556 2174 640 2213 quod
665 2173 836 2213 Magister,
861 2184 975 2206 secun-

194 2227 274 2258 dum
297 2227 482 2268 praedictam
497 2228 666 2267 rationem,
683 2238 749 2259 non
769 2230 875 2269 tangit
898 2239 973 2261 cau-

181 2290 264 2314 sam
278 2282 514 2322 J'ustificationis
524 2284 633 2320 totam,
645 2282 699 2313 sed
713 2286 836 2322 partem
851 2293 973 2315 causae:

195 2336 417 2376 praesupponit
431 2336 518 2367 enim
532 2336 566 2366 iu
581 2336 648 2376 ipsa
660 2337 806 2377 passione
818 2338 975 2369 rationem

197 2389 311 2428 meriti,
327 2399 384 2430 per
397 2390 483 2430 quod
498 2391 601 2431 passio
617 2390 732 2422 Christi
747 2394 793 2422 est
811 2392 882 2423 fons
899 2402 975 2423 nos-

197 2444 256 2473 trae
269 2443 388 2475 salutis.
405 2444 465 2475 Per
478 2444 565 2475 illam
583 2445 671 2475 enim
686 2445 848 2484 plenitudo
862 2446 975 2485 gratiae

198 2494 313 2526 Christi
336 2497 370 2527 in
388 2507 447 2529 nos
467 2498 636 2529 redundat.
663 2498 701 2529 Et
721 2499 775 2530 illa
799 2501 973 2540 supposita,

198 2548 347 2588 adjungit
360 2550 454 2581 aliam
471 2552 638 2590 rationem,
657 2552 801 2584 videlicet
817 2554 974 2585 rationem

199 2602 337 2642 exempli
357 2605 558 2642 provocantis
582 2607 613 2636 et
635 2605 801 2637 excitantis
823 2617 830 2638 ε
852 2608 883 2638 et
905 2606 976 2638 haec

233 2663 265 2694 (a)
282 2663 342 2687 Coet.
356 2664 417 2688 edit.
433 2671 498 2698 quae.

1765 190 1823 219 405

1043 248 1173 288 quidem
1196 249 1280 279 hona
1301 248 1381 278 ratio
1405 250 1451 279 est
1472 251 1503 279 et
1524 250 1701 290 sufficiens,
1725 255 1824 293 priori

1042 302 1274 342 praesupposita
1288 313 1295 339 ;
1314 311 1370 342 per
1382 311 1414 332 se
1429 303 1537 333 autem
1556 313 1621 334 non
1637 306 1762 338 sufficit.
1786 307 1824 339 Et

1042 354 1112 385 ideo
1134 365 1245 386 omnes
1269 356 1331 386 illae
1356 356 1494 387 rationes
1515 359 1691 397 procedunt
1714 369 1754 390 ex
1778 362 1824 390 111-

1042 408 1237 446 501110101111·,
1263 412 1293 439 et
1321 419 1378 449 per
1406 410 1466 441 hoc
1493 413 1577 451 patet
1600 414 1762 453 responsio
1784 415 1823 444 ad

1041 460 1109 491 illas
1124 463 1187 492 tres
1204 462 1408 502 objectiones.

1363 564 1432 585 DUB.
1459 565 1492 586 11.

1042 619 1156 644 Dicimur
1165 627 1267 651 quoque
1281 621 1306 644 et
1318 620 1390 644 aliter
1402 629 1449 651 per
1460 623 1569 646 mortem
1580 624 1822 658 Christijustificari,

1073 655 1132 686 quin
1148 663 1194 686 per
1208 656 1284 680 fidem
1297 656 1386 680 mortis
1402 656 1455 687 ejus
1467 664 1481 681 a
1496 659 1609 688 peccatis
1626 661 1790 686 mundamur.

1080 731 1145 762 IIoc
1160 732 1286 763 videtur
1302 733 1434 771 falsum,
1449 733 1524 773 quia
1546 735 1638 765 multi
1659 739 1734 767 sunt
1749 738 1822 768 arti-

1039 785 1103 816 culi
1128 788 1199 825 post
1218 786 1388 816 articulum
1410 787 1581 826 passionis,
1599 789 1666 820 siue
1681 799 1821 830 quorum

1042 839 1104 869 fide
1129 849 1194 869 non
1220 850 1391 879 possumus
1410 841 1580 880 Justificari
1607 853 1613 873 ε
1638 852 1715 882 ergo
1739 844 1822 876 sicut

1039 893 1141 932 passio
1175 893 1289 923 Christi
1325 894 1440 924 dicitur
1468 904 1526 925 uos
1550 896 1728 934 justificare
1740 922 1748 935 ,
1785 898 1820 929 111

1038 948 1197 986 quantum
1214 949 1259 977 est
1276 947 1409 986 credita,
1435 949 1502 988 pari
1520 950 1641 980 ratione
1663 952 1693 980 et
1708 960 1820 982 ascen-

1038 999 1095 1037 sio,
1123 1002 1154 1030 et
1176 1000 1332 1031 adventus
1358 1001 1396 1031 ad
1417 1002 1587 1040 jiulicium.
1614 1003 1711 1042 Item,
1739 1004 1821 1036 sicut

1037 1054 1115 1084 fides
1131 1056 1161 1084 ct
1180 1054 1316 1084 charitas
1332 1055 1542 1094 requiruntur
1560 1056 1598 1086 ad
1616 1058 1820 1096 justificatio-

1038 1116 1129 1144 nem,
1146 1107 1189 1137 ita
1204 1108 1299 1137 etiam
1315 1109 1347 1137 et
1366 1108 1437 1138 aliae
1456 1108 1590 1140 virtutes
1606 1119 1614 1140 ε
1630 1119 1721 1150 ergo,
1738 1112 1820 1142 sicut

1037 1160 1177 1190 dicimur
1196 1161 1365 1199 justificari
1381 1171 1437 1200 per
1461 1162 1555 1192 11110111
1580 1165 1610 1193 01
1633 1164 1819 1195 charitatem

1036 1214 1202 1253 passionis,
1216 1214 1259 1244 ita
1275 1216 1305 1244 et
1320 1224 1376 1254 per
1392 1215 1607 1246 humilitatem
1620 1219 1650 1246 et
1664 1217 1741 1247 alias
1754 1219 1818 1248 vir-

1036 1268 1136 1304 tutes,
1155 1267 1274 1306 quihus
1298 1267 1513 1298 assimilamur
1535 1268 1656 1300 Christo
1673 1270 1816 1309 patienti.

1035 1319 1132 1351 Juxta
1158 1320 1218 1351 hoc
1242 1320 1410 1360 quaeritur,
1437 1330 1511 1351 cum
1536 1321 1689 1361 Magister
1715 1323 1819 1355 adhuc

1035 1373 1142 1412 signet
1156 1375 1281 1405 tertiam
1297 1375 1465 1413 rationem,
1482 1385 1581 1415 quare
1596 1377 1734 1407 dicimur
1743 1378 1818 1417 Jus-

1037 1428 1153 1458 tificari
1167 1437 1224 1467 per
1242 1428 1435 1467 passionem,
1454 1428 1598 1459 videlicet
1613 1430 1698 1469 quod
1715 1431 1818 1470 passio

1033 1481 1186 1520 jiistificet
1202 1481 1379 1511 secundum
1397 1482 1530 1512 modum
1545 1483 1692 1513 sacrificii
1708 1484 1815 1522 oblati,

1037 1545 1133 1575 penes
1147 1536 1224 1576 quid
1239 1536 1379 1566 sumitur
1394 1536 1554 1567 sufficiens
1572 1536 1731 1568 distinctio
1746 1538 1817 1569 illa-

1035 1599 1109 1620 rum
1129 1590 1229 1620 trium
1244 1590 1419 1620 rationum.

1076 1643 1168 1683 Resp.
1186 1643 1361 1673 Dicendum
1376 1643 1461 1683 quod
1477 1652 1535 1673 nec
1550 1643 1644 1673 istam
1659 1644 1816 1675 rationem

1034 1696 1176 1735 assignat
1204 1696 1354 1735 Magister
1390 1699 1546 1735 tauquam
1580 1697 1788 1737 principalem
1805 1708 1812 1736 ;

1034 1749 1087 1779 sed
1102 1749 1141 1780 ad
1155 1750 1246 1779 15111111
1263 1750 1484 1789 praesupponit
1499 1750 1597 1787 illam,
1613 1760 1676 1790 qua
1691 1752 1728 1790 (a)
1745 1761 1814 1791 pas-

1034 1804 1080 1833 sio
1097 1803 1212 1833 11101101
1223 1804 1398 1842 justificare
1414 1812 1470 1843 per
1485 1804 1619 1834 modum
1637 1806 1742 1835 meriti
1760 1816 1767 1836 ;
1785 1808 1815 1836 01

1033 1856 1120 1886 illam
1155 1856 1317 1895 assignat,
1349 1866 1424 1887 cum
1454 1857 1530 1887 dicit
1554 1858 1639 1897 quod
1674 1858 1816 1890 Christus

1034 1913 1135 1941 morte
1154 1920 1227 1949 sua,
1246 1914 1399 1950 tauquam
1418 1920 1484 1941 uno
1507 1911 1674 1942 verissimo
1693 1913 1816 1943 sacriti-

1033 1964 1091 2002 cio,
1115 1964 1271 2004 quidquid
1293 1966 1361 1995 erat
1383 1964 1551 2004 culparum
1573 1964 1607 1995 111
1627 1965 1718 1995 nohis
1741 1966 1815 1997 des-

1032 2018 1135 2047 truxit
1152 2027 1159 2047 ι
1174 2019 1205 2048 01
1219 2017 1263 2047 ita
1275 2020 1338 2047 tres
1353 2017 1491 2047 rationes
1505 2017 1621 2055 innuit,
1636 2019 1814 2050 secundum

1034 2080 1114 2110 quas
1127 2072 1230 2111 passio
1247 2071 1360 2102 Christi
1376 2071 1491 2101 dicitur
1503 2072 1680 2111 justificare
1697 2083 1704 2103 z
1719 2073 1814 2112 justi-

1033 2126 1107 2156 ficat
1129 2125 1216 2156 enim
1238 2128 1274 2155 ut
1297 2125 1400 2155 hostia
1424 2125 1539 2162 oblata,
1567 2128 1603 2157 ut
1626 2126 1755 2164 credita,
1778 2130 1814 2158 ut

1032 2180 1148 2209 amata.
1174 2178 1212 2210 Et
1234 2179 1302 2209 istae
1323 2181 1387 2209 tres
1407 2179 1544 2209 rationes
1560 2180 1758 2210 reducuntur
1772 2180 1813 2211 ad

1031 2232 1101 2262 illas
1116 2234 1191 2270 tres,
1208 2242 1281 2272 quae
1296 2233 1443 2272 superius
1459 2233 1549 2263 dictae
1566 2236 1651 2270 sunt,
1667 2233 1812 2265 videlicet

1031 2285 1116 2325 quod
1144 2285 1248 2325 passio
1275 2285 1389 2316 Christi
1413 2285 1568 2324 justificat
1596 2295 1654 2325 per
1679 2286 1811 2317 modum

1032 2339 1136 2369 meriti
1157 2339 1363 2379 disponentis,
1386 2340 1417 2369 et
1440 2347 1496 2377 per
1518 2339 1650 2369 modum
1672 2339 1812 2379 exempli

1031 2393 1209 2431 excitantis,
1232 2395 1264 2423 et
1288 2402 1344 2433 per
1366 2392 1495 2423 modum
1519 2393 1710 2432 exemplaris
1732 2392 1811 2423 diri-

1032 2446 1148 2486 gentis,
1173 2449 1209 2476 ut
1233 2446 1272 2476 sit
1297 2447 1331 2476 in
1353 2455 1390 2476 ea
1415 2446 1567 2476 meritum
1594 2446 1628 2476 in
1651 2448 1809 2485 quantum

1031 2500 1134 2531 hostia
1150 2501 1273 2538 oblata3
1291 2500 1437 2531 excitatio
1453 2500 1485 2529 in
1500 2501 1657 2538 quantum
1672 2500 1807 2539 credita,

1031 2556 1061 2583 et
1086 2553 1215 2584 directio
1238 2554 1271 2583 in
1295 2555 1454 2593 quantum
1480 2555 1604 2591 amata,
1632 2554 1809 2584 secundum

1031 2607 1148 2647 triplex
1168 2616 1274 2647 genus
1297 2615 1401 2638 causae
1420 2616 1426 2636 :
1450 2607 1481 2636 et
1499 2606 1544 2635 sic
1565 2606 1669 2645 passio
1695 2607 1811 2639 dicitur

1027 2660 1204 2700 justificare
1219 2670 1277 2692 nos
1291 2669 1347 2700 per
1361 2659 1457 2690 fidem
1472 2661 1502 2689 et
1517 2659 1716 2700 charitatem,
1732 2662 1810 2702 quia
