2017 2960
152 1482 254 1504 fundam⁴

285 189 343 222 1060

322 260 351 289 5.
367 258 445 290 Item
455 259 524 290 haec
539 263 583 291 est
599 269 675 291 vera
690 268 697 290 ε
716 271 731 288 α
747 259 890 289 Christus
903 259 936 288 in
949 257 1053 289 triduo

276 312 403 352 ,iacebat
418 312 451 343 iu
466 313 653 353 sepulchro:
670 324 685 342 1)
704 314 758 343 aut
778 321 857 351 ergo
878 312 1053 343 secundum

280 366 365 405 quod
382 366 471 403 110115,
489 369 543 396 aut
564 366 738 396 secundum
753 365 838 405 quod
862 365 958 396 homo
976 375 982 396 :
1000 364 1053 396 sed

280 427 345 449 non
364 419 537 449 secundum
554 419 637 458 quod
653 418 735 449 Deus
751 430 756 449 :
781 428 859 458 ergo
876 419 1053 450 secundum

280 472 364 511 quod
390 473 485 503 homo
504 480 511 501 ι
531 481 610 511 ergo
636 472 778 503 Christus
807 473 840 502 iu
862 472 968 503 triduo
987 475 1054 503 erat

279 524 386 555 homo.

319 579 347 607 O.
366 577 442 608 item
463 576 604 608 Christus
617 578 648 608 in
673 579 778 610 triduo
801 588 867 610 non
884 579 1053 611 desiitesse

278 627 421 658 sacerdos
438 639 444 658 :
463 638 540 667 ergo
553 629 694 660 Christus
709 630 741 660 111
757 631 862 661 triduo
884 640 948 661 non
963 631 1054 662 desiit

277 690 344 711 esse
360 682 467 714 homo.
485 682 592 714 Prima
607 686 689 723 patet
703 694 758 724 per
778 684 849 723 hoc,
873 684 957 724 quod
973 684 1053 716 dici-

276 736 330 765 tur
354 735 385 766 111
415 735 540 766 Psalmo
556 737 588 767 ¹:
612 737 656 768 Tu
685 745 718 769 cs
734 737 880 769 sacerdos
900 738 937 769 in
964 741 1053 770 oeler-

275 797 363 819 num.
381 788 418 819 Et
445 789 488 820 acl
513 790 660 822 Hebroeos
674 791 684 806 ²
699 799 709 822 :
730 791 877 822 Christus
905 799 938 823 eo
968 792 1053 831 quod

275 846 402 874 maneat
416 844 451 874 in
468 847 632 882 (eternum,
654 843 743 876 habet
760 845 988 884 sempiternum
1003 854 1052 877 sct-

275 895 459 927 cerdonum.
479 895 601 927 Veritas
622 897 770 927 illationis
798 897 830 928 in
855 898 916 929 hoc
945 900 1052 929 osten-

276 948 372 986 ditur,
395 949 480 989 quod
505 949 650 981 sacerdos
673 952 741 981 erat
766 951 945 983 secundum
966 952 1050 992 quod

275 1000 384 1033 homo.

317 1058 344 1086 7.
363 1055 441 1087 Item
467 1056 620 1096 Christus,
646 1059 774 1098 propter
797 1059 1050 1099 assumptionem

275 1108 392 1140 animae
406 1110 577 1148 rationalis,
589 1111 750 1141 rationalis
766 1114 831 1143 erat
840 1112 1050 1142 rationalitate

274 1164 378 1192 creata
401 1163 478 1194 :sed
501 1164 642 1195 Christus
658 1165 690 1195 in
710 1165 817 1196 triduo
844 1165 957 1196 habuit
980 1165 1051 1196 ani-

275 1224 359 1245 mam
376 1216 563 1247 rationalem
580 1219 638 1248 sibi
654 1219 778 1249 unitam
795 1229 801 1249 ε
815 1228 893 1258 ergo
908 1219 1049 1250 Christus

274 1271 339 1299 erat
362 1269 395 1299 in
422 1269 528 1301 triduo
550 1271 710 1302 rationalis
726 1272 936 1303 rationalitate
958 1282 1049 1303 crea-

274 1324 306 1352 ta
323 1331 330 1352 z
347 1331 425 1361 ergo
449 1326 516 1353 erat
537 1324 683 1363 angelus,
700 1325 751 1355 vel
780 1325 898 1363 anima,
921 1325 970 1356 vel
996 1325 1049 1356 ho-

275 1385 328 1407 mo
345 1387 352 1407 2
369 1377 421 1407 sed
438 1387 501 1408 non
520 1382 586 1409 erat
599 1380 745 1418 angelus,
758 1379 808 1411 vel
824 1380 929 1411 anima
947 1390 954 1410 ε
972 1389 1049 1420 ergo

275 1432 341 1460 erat
354 1430 463 1462 homo.

313 1483 372 1514 Sed
388 1486 496 1515 contra
514 1495 520 1515 :
536 1483 698 1516 Mortuum
711 1484 862 1517 diminuit
872 1486 909 1517 de
924 1485 1048 1518 milone

269 1537 409 1568 hominis
427 1548 434 1569 ι
454 1547 532 1577 ergo
553 1538 749 1579 quicumque
776 1541 822 1570 est
846 1540 943 1571 homo
960 1549 1046 1571 mor-

270 1593 354 1630 tuus⁷
369 1593 415 1622 est
430 1592 608 1623 diminutus
623 1601 641 1623 a
669 1593 825 1632 completa
850 1594 972 1625 ratione
987 1594 1047 1625 ho·

269 1644 386 1676 minis:
404 1645 457 1676 sed
483 1646 677 1686 completum
705 1655 770 1677 non
794 1647 986 1686 praedicatur
1008 1648 1047 1679 de

269 1698 426 1729 diminuto
447 1708 550 1738 :ergo
572 1699 597 1729 si
623 1698 764 1730 Christus
791 1700 825 1730 in
860 1700 965 1731 triduo
980 1703 1047 1732 erat

269 1751 366 1783 homo
381 1753 539 1790 mortum,
560 1752 629 1783 haec
644 1754 690 1783 est
704 1753 781 1783 salsa
798 1761 806 1783 z
825 1764 840 1782 (1
854 1753 997 1785 Christus
1012 1755 1045 1786 in

269 1805 375 1836 triduo
390 1807 457 1835 erat
467 1805 573 1835 horno.
586 1816 601 1833 1)

310 1857 399 1896 Item,
415 1858 592 1889 secundum
610 1858 788 1889 naturalem
804 1860 1043 1900 philosophum,

269 1912 365 1942 homo
380 1913 427 1942 est
441 1912 518 1951 quid
539 1913 753 1953 compositum
768 1923 808 1944 ex
826 1914 932 1945 anima
946 1916 1044 1946 ratio—

270 1967 333 1998 nali
358 1971 389 1998 et
416 1977 530 1998 carne:
560 1968 614 1999 sed
640 1968 783 1999 Christus
797 1970 831 2000 iu
848 1970 952 2001 triduo
979 1980 1044 2002 non

269 2023 336 2052 erat
351 2021 535 2061 hujusmodi
555 2031 652 2062 :ergo
669 2022 853 2055 Christusin
866 2024 970 2056 triduo
979 2034 1044 2057 non

269 2077 337 2106 erat
352 2076 449 2106 homo
463 2085 548 2108 vere.

310 2127 389 2159 Item
412 2129 501 2159 nulla
523 2129 625 2160 forma
654 2129 845 2169 praedicatur
868 2131 906 2162 de
928 2133 992 2163 toto
1009 2133 1044 2164 ut

269 2181 371 2212 forma
383 2182 440 2219 est,
457 2182 509 2212 sed
526 2182 601 2221 quia
615 2184 661 2213 est
678 2183 779 2214 forma
795 2192 990 2224 consequens
1000 2188 1044 2216 to-

269 2236 339 2265 tum
359 2235 581 2274 compositum.
599 2235 633 2266 Si
647 2245 725 2275 ergo
741 2237 838 2268 homo
853 2238 1044 2277 praedicatur

269 2287 308 2319 de
319 2287 451 2326 Christo,
465 2297 591 2320 necesse
601 2292 645 2320 est
653 2290 737 2330 quod
748 2291 891 2322 nominet
907 2292 1042 2324 formam

270 2343 515 2382 consequentem
548 2344 651 2373 totum
680 2345 915 2384 compositum:
932 2347 986 2377 sed
1009 2347 1043 2378 in

270 2393 391 2425 Christo
406 2394 508 2426 soluta
523 2397 590 2426 erat
604 2397 789 2436 compositio
804 2398 837 2428 in
852 2399 956 2430 triduo
970 2409 978 2430 ε
995 2409 1043 2431 er-

270 2458 314 2488 go
328 2449 363 2480 in
376 2450 482 2481 triduo
509 2459 574 2481 non
589 2453 709 2490 poterat
724 2452 784 2483 dici
814 2453 923 2485 homo.
943 2455 1043 2496 Maj0r

269 2503 443 2543 propositio
458 2504 624 2534 manifesta
639 2507 686 2535 est
700 2514 756 2545 per
767 2506 995 2546 inductionem,
1012 2510 1043 2540 et

269 2564 326 2596 per
339 2557 560 2588 auctoritatem
570 2557 755 2596 Avieennae,
769 2561 825 2600 qui
839 2570 911 2592 eam
925 2562 1014 2602 ponit
1031 2572 1039 2600 ;

267 2611 298 2639 et
324 2618 382 2649 per
397 2610 618 2642 auctoritatem
642 2610 754 2651 Boetit,
780 2613 837 2653 qui
863 2614 938 2646 dicit
955 2616 1041 2656 quod

267 2662 383 2701 speeies
397 2666 443 2695 est
457 2665 560 2696 totum
576 2674 642 2696 esse
656 2664 822 2697 individui.

838 191 1150 224 SENTENTIARUM
1170 191 1244 223 LIB.
1268 191 1321 223 111.

1150 257 1240 296 Item,
1256 260 1404 298 corrupto
1419 260 1573 299 superiori
1589 260 1758 299 essentiali,
1775 270 1882 292 neces-

1108 319 1141 342 se
1164 313 1212 341 est
1234 311 1396 352 corrumpi
1417 312 1550 343 inferius
1578 324 1585 344 :
1605 313 1660 344 sed
1684 323 1751 344 esse
1770 314 1883 346 vivum

1108 364 1254 404 superius
1269 366 1316 395 est
1337 365 1376 395 ad
1391 374 1458 396 esse
1485 365 1659 405 homiuem,
1685 369 1716 397 et
1730 369 1776 398 est
1788 367 1815 397 ei
1831 376 1884 398 es-

1107 417 1249 456 sentiale,
1266 418 1343 457 quia
1364 418 1473 450 vivere
1488 421 1536 449 est
1548 428 1613 450 esse
1629 420 1764 451 viventis
1780 431 1786 451 :
1804 430 1883 460 ergo

1108 471 1134 501 si
1154 470 1299 501 Christus
1314 471 1349 501 in
1368 472 1474 502 triduo
1489 472 1580 502 desiit
1594 473 1791 512 essevivens‚
1803 483 1883 513 ergo

1108 524 1140 555 in
1155 523 1261 554 triduo
1273 524 1363 554 desiit
1378 533 1446 556 exse
1461 525 1557 556 homo
1573 535 1580 556 ε
1607 535 1671 556 11011
1693 535 1770 566 ergo
1783 526 1884 558 Chris-

1107 579 1159 608 tus
1170 577 1204 608 in
1219 577 1324 608 triduo
1340 580 1407 608 erat
1422 578 1532 608 homo.

1149 631 1226 661 Item
1242 630 1385 661 Christus
1398 631 1430 661 in
1445 631 1551 661 triduo
1560 640 1619 662 nec
1630 631 1736 663 videre
1747 633 1880 672 poterat,

1107 692 1165 714 nec
1193 684 1313 722 audire,
1330 693 1388 714 nec
1414 684 1502 723 loqui
1518 695 1524 716 :
1542 693 1620 724 ergo
1635 685 1661 715 si
1690 688 1757 716 erat
1771 685 1880 725 homo,

1107 739 1173 767 erat
1185 737 1281 768 homo
1296 746 1409 776 caecuS‚
1422 738 1549 775 surdus,
1564 740 1593 768 et
1608 740 1717 769 mutus
1732 750 1738 770 t
1755 741 1809 771 sed
1821 741 1882 772 hoo

1106 791 1153 820 est
1167 789 1343 821 absurdum
1371 791 1474 822 dicere
1500 792 1538 822 de
1558 791 1678 824 Christo
1698 803 1705 823 τ
1731 803 1808 833 ergo
1825 794 1882 825 fal-

1106 852 1178 874 sum
1194 846 1241 874 est
1256 844 1369 881 dicere.
1387 844 1472 884 quod
1487 843 1627 876 Christus
1644 845 1678 876 in
1692 845 1798 877 triduo
1812 847 1881 878 fue-

1106 896 1147 927 rit
1161 897 1268 927 homo.

1148 949 1237 987 Item,
1252 949 1331 980 sicut
1353 950 1430 981 unio
1445 951 1565 982 divinae
1580 953 1705 982 naturae
1721 953 1751 983 et
1765 952 1881 984 huma-

1106 1012 1156 1033 na}
1172 1004 1243 1034 facit
1265 1003 1364 1034 Deum
1381 1013 1448 1035 esse
1464 1004 1639 1043 hominem,
1658 1005 1700 1035 ita
1715 1005 1793 1036 unio
1808 1006 1880 1037 ani-

1106 1066 1167 1088 mae
1185 1057 1221 1087 ad
1245 1067 1373 1088 carnem
1390 1058 1464 1088 facit
1485 1067 1551 1089 esse
1569 1058 1748 1090 animatum
1763 1069 1771 1090 ε
1789 1068 1879 1099 ergo,

1105 1113 1244 1141 cessante
1255 1111 1375 1141 unione
1389 1111 1507 1142 animae
1522 1111 1560 1142 ad
1576 1121 1717 1150 carnem,
1727 1114 1825 1143 cessat
1834 1122 1881 1144 es-

1104 1173 1137 1195 se
1152 1165 1331 1195 animatum
1356 1176 1363 1196 ι
1388 1168 1419 1196 et
1443 1165 1468 1195 si
1484 1167 1583 1196 cessat
1605 1175 1672 1196 esse
1687 1165 1879 1206 animatum,

1104 1219 1203 1248 cessat
1217 1227 1284 1248 esse
1297 1218 1415 1249 animal
1433 1229 1440 1249 z
1463 1220 1493 1249 et
1507 1219 1532 1248 si
1548 1221 1647 1250 cessat
1662 1228 1729 1250 esse
1747 1220 1877 1259 animal,

1104 1271 1279 1301 necessario
1294 1273 1394 1301 cessat
1408 1280 1476 1301 esse
1491 1271 1590 1302 homo
1605 1282 1612 1302 ε
1629 1281 1709 1311 ergo
1728 1282 1747 1303 a
1761 1273 1877 1312 primo,

1104 1333 1179 1354 cum
1204 1324 1237 1354 111
1262 1323 1385 1355 Christo
1408 1325 1503 1355 suerit
1527 1326 1683 1365 separatio
1716 1326 1834 1357 animae
1860 1336 1880 1359 a

1104 1386 1197 1408 carne
1221 1378 1255 1408 in
1278 1378 1397 1417 triduo,
1418 1378 1558 1409 Christus
1573 1379 1664 1410 desiit
1687 1388 1755 1411 esse
1781 1380 1879 1412 homo

1103 1431 1136 1461 in
1152 1431 1255 1461 tricluo
1273 1441 1280 1462 ε
1300 1440 1377 1470 ergo
1395 1440 1459 1461 non
1473 1431 1533 1462 fuit
1547 1431 1645 1462 homo
1659 1432 1692 1462 in
1707 1432 1823 1464 triduo.

1144 1483 1222 1515 Item
1236 1484 1274 1515 ad
1291 1484 1352 1515 1100
1365 1485 1471 1524 ipsum
1487 1487 1559 1515 sunt
1576 1485 1715 1516 rationes
1734 1486 1879 1526 Magistri

1103 1537 1135 1567 in
1159 1537 1273 1575 littera,
1290 1546 1363 1577 quae
1378 1547 1473 1577 super
1489 1537 1550 1569 1100
1563 1538 1751 1570 fundantur.
1769 1539 1878 1572 Omnis

1102 1590 1199 1623 homo
1214 1594 1269 1622 aut
1288 1594 1333 1622 est
1348 1591 1502 1629 mortalis⁷
1514 1593 1571 1622 aut
1582 1592 1772 1624 immortalis
1787 1604 1794 1625 :
1807 1603 1876 1625 om-

1102 1644 1153 1675 nis
1168 1646 1263 1676 etiam
1278 1646 1375 1676 homo
1389 1647 1435 1676 est
1451 1645 1566 1676 alicubi
1581 1645 1680 1676 homo
1697 1656 1704 1676 :
1721 1647 1775 1678 sed
1788 1647 1880 1679 Chri-

1102 1700 1170 1729 stus
1199 1700 1231 1729 in
1255 1699 1359 1730 triduo
1383 1708 1442 1729 nec
1467 1700 1535 1729 erat
1551 1699 1710 1738 mortalis,
1730 1709 1788 1731 nec
1812 1703 1880 1732 erat

1101 1752 1300 1791 immortalis⁷
1318 1762 1376 1783 11θο
1391 1754 1458 1783 erat
1472 1752 1588 1782 alicubi
1600 1753 1696 1784 homo
1707 1763 1715 1784 ε
1725 1754 1801 1794 quia
1813 1764 1879 1786 non

1101 1805 1133 1836 in
1163 1806 1342 1846 sepulchro,
1371 1815 1445 1836 cum
1469 1814 1534 1836 non
1557 1808 1636 1836 esset
1659 1806 1702 1837 1111
1722 1807 1783 1838 nisi
1807 1817 1878 1839 cor-

1101 1868 1176 1898 pus;
1207 1867 1273 1889 non
1300 1858 1334 1888 111
1364 1858 1500 1896 inferno,
1530 1867 1605 1889 011111
1633 1868 1696 1890 non
1727 1862 1808 1891 esset
1834 1861 1878 1892 ibi

1101 1911 1161 1942 nisi
1177 1912 1285 1943 anima
1301 1923 1308 1943 ε
1325 1921 1403 1952 ergo
1419 1911 1564 1943 Christus
1578 1921 1643 1943 non
1657 1912 1717 1944 suit
1732 1913 1830 1946 homo
1844 1915 1879 1946 in

1100 1967 1218 1998 triduo.

1382 2037 1597 2068 CONCLUSIO.

1102 2111 1221 2139 Christus
1236 2113 1265 2139 z'n
1282 2111 1370 2139 triduo
1385 2112 1527 2139 secundum
1551 2119 1602 2139 esse
1622 2114 1730 2142 actuale
1748 2123 1801 2143 non
1820 2117 1878 2150 fuit

1177 2157 1267 2189 homo,
1285 2157 1346 2184 licet
1361 2164 1431 2184 secus
1446 2157 1517 2184 dicat
1533 2158 1662 2191 Mayister
1676 2160 1699 2185 et
1714 2159 1801 2194 Huqo.

1140 2235 1232 2276 Resp.
1253 2235 1292 2266 ad
1307 2245 1378 2275 arg.
1390 2236 1437 2267 Ad
1456 2236 1683 2277 praedictorum
1697 2228 1876 2279 intelligen-

1099 2289 1176 2320 tiam
1187 2291 1233 2320 est
1248 2289 1438 2328 notandum,
1454 2290 1539 2329 quod
1555 2290 1637 2321 circa
1653 2291 1712 2322 hoc
1740 2292 1800 2323 fuit
1814 2293 1875 2324 tri-

1099 2344 1172 2384 plex
1188 2344 1302 2375 modus
1316 2343 1452 2375 dicendi.
1470 2344 1598 2375 Primus
1624 2346 1690 2384 est,
1707 2346 1791 2385 quod
1810 2356 1874 2379 non

1098 2398 1203 2429 solum
1217 2407 1291 2429 vere
1303 2397 1445 2429 Christus
1463 2399 1495 2428 in
1511 2398 1617 2429 triduo
1633 2399 1728 2438 possit
1744 2399 1805 2430 dici
1817 2400 1874 2432 ho-

1097 2460 1163 2490 mo,
1178 2452 1230 2482 sed
1244 2451 1339 2482 etiam
1356 2451 1415 2482 hoc
1429 2452 1531 2491 potest
1546 2450 1606 2481 dici
1622 2451 1659 2481 de
1668 2452 1808 2492 quolibet
1819 2453 1873 2485 ho-

1891 2374 1956 2402 Opia.
1980 2379 1997 2396 1.

1098 2504 1185 2535 mine
1200 2501 1337 2535 mortuo.
1355 2503 1519 2535 Secundus
1535 2512 1610 2534 vero
1626 2505 1739 2536 modus
1748 2506 1871 2538 dicendi
1887 2521 1992 2549 opium,

1097 2560 1156 2597 est,
1172 2557 1258 2598 quod
1272 2557 1404 2596 hocsnon
1417 2556 1509 2587 dehet
1522 2557 1650 2589 concedi
1660 2558 1698 2590 de
1711 2559 1799 2598 aliis;
1813 2569 1871 2600 po-

1097 2615 1158 2645 test
1171 2616 1279 2646 tamen
1302 2611 1429 2645 concedi
1444 2611 1483 2643 de
1505 2612 1637 2645 Christo.
1656 2613 1780 2647 Tertius
1794 2624 1870 2647 vero
1885 2632 1948 2659 opffn,

1133 2679 1138 2695 ⁵
1154 2679 1193 2703 Ps.
1210 2684 1262 2708 cix,
1278 2679 1300 2702 4.
1316 2690 1345 2694 —
1361 2676 1446 2708 Helm,
1460 2682 1504 2707 vu,
1519 2678 1558 2701 24.
