2017 2960
526 173 623 206 DIST.
646 174 698 206 111.
724 173 841 207 PART.
864 174 905 208 11.
927 174 1017 207 An‘r.
1043 175 1066 206 1.
1089 175 1239 214 QUAEST.
1264 177 1286 207 l.
1678 181 1716 210 75

427 310 496 332 DUB.
518 310 563 332 111.

296 368 356 393 Sola
369 367 435 392 illius
450 375 502 392 non
518 370 556 392 est
571 375 647 397 caro,
665 370 714 393 cte.

148 445 283 478 Contra:
310 445 342 478 Si
364 446 621 486 concupiscentia
645 448 692 477 est
720 445 834 477 vitium
856 448 886 476 et

107 499 263 537 detectus,
286 508 351 530 non
371 508 450 540 ergo
465 502 512 531 est
530 499 747 540 generationis
762 498 883 539 princi-

107 550 210 592 pium.
231 549 316 581 Nihil
334 560 413 591 ergo
426 553 472 582 est
486 551 571 582 dictu
589 561 596 582 t
613 551 683 582 Non
698 558 768 582 eum
783 552 886 582 mater

107 605 372 645 concupiscentia
385 605 542 645 concepit.

148 656 240 698 Resp.
258 657 448 695 Dicendum,
470 657 554 697 quod
578 656 681 688 littera
705 656 758 687 illa
782 658 883 696 potest

107 710 243 751 intelligi
262 719 326 742 uno
342 709 447 746 modo,
463 709 549 750 quod
571 709 830 750 concupiscentia
847 709 887 740 sit

107 762 298 796 nominativi
320 771 429 802 casus,
451 764 482 794 et
504 762 543 793 sit
570 762 762 794 constructio
786 772 885 803 appo-

107 817 221 849 sitiva:
245 818 275 848 et
292 818 369 848 tunc
386 818 485 856 negat
506 815 673 856 Magister,
689 816 775 857 quod
799 817 887 848 Chri-

106 872 193 903 stum
202 879 269 902 non
284 869 428 910 concepit
440 870 704 910 concupiscentia.
717 870 770 902 sed
783 870 887 910 gratia

107 926 273 965 tamquam
284 925 396 962 mater,
409 933 467 964 pro
479 932 517 954 eo
531 923 617 964 quod
631 923 887 965 concupiscentia

107 976 215 1009 locum
235 979 320 1008 tenet
335 976 446 1008 matris
469 977 501 1007 in
523 977 730 1017 generatione
745 977 887 1008 tiliorum

107 1031 238 1072 peccati,
260 1030 440 1062 secundum
456 1030 534 1061 illud
555 1030 732 1063 Ezechielis
745 1034 754 1051 ¹
767 1042 778 1063 .·
796 1031 889 1064 Pater

111 1087 186 1117 mus
203 1083 425 1122 amorrheum,
443 1087 473 1116 et
496 1086 598 1116 mater
613 1087 668 1116 tua
687 1083 814 1116 Cethoea
826 1108 834 1121 ,
853 1086 889 1116 ut

110 1146 167 1179 per
180 1136 408 1169 Amorrhaeum
422 1137 642 1176 intelligamus
660 1137 823 1168 diabolum
834 1161 842 1177 ,
859 1140 889 1169 et

110 1199 167 1232 per
185 1190 344 1222 Cethaeam
368 1190 670 1230 concupiscentiam.
695 1191 746 1222 Sic
772 1200 851 1230 ergo
872 1200 889 1223 e

110 1246 219 1277 contra
233 1243 338 1285 gratia
353 1245 400 1275 est
414 1246 516 1275 mater
530 1243 564 1274 in
579 1245 786 1284 generatione
801 1244 890 1285 spiri-

110 1297 189 1330 tuali
201 1306 210 1329 t
222 1300 253 1330 et
267 1297 343 1338 quia
354 1296 496 1328 Christus
513 1306 577 1328 non
592 1297 707 1328 habuit
723 1299 888 1338 peccatum

111 1351 144 1382 in
156 1350 376 1391 generatione,
387 1350 441 1381 sed
452 1350 603 1390 gratiam,
616 1351 686 1383 ideo
697 1351 803 1392 potius
815 1351 890 1383 dici-

111 1405 166 1435 tur
181 1406 283 1435 mater
297 1404 413 1444 gratia,
431 1413 529 1444 quam
545 1404 810 1445 concupiscentia.
828 1404 890 1436 Sed

111 1457 185 1489 licet
205 1457 264 1489 isto
291 1457 387 1489 modo
413 1460 516 1498 posset
538 1458 691 1499 intelligi,
714 1461 822 1491 tamen
844 1462 890 1491 est

112 1511 195 1543 alius
209 1511 324 1543 modus
339 1512 445 1552 magis
459 1521 618 1543 consonus
630 1513 767 1551 veritati,
780 1515 815 1544 ut
830 1512 890 1544 hoc

112 1565 198 1605 quod
219 1567 267 1597 est
288 1566 549 1605 concupiscentia
568 1568 598 1596 et
621 1567 730 1605 qratia
745 1566 783 1596 sit
801 1567 890 1598 abla-

113 1619 171 1651 tivi
199 1628 302 1656 casus,
327 1621 358 1650 et
385 1622 588 1650 construatur
613 1629 689 1650 cum
710 1620 769 1651 hoc
794 1621 890 1652 verbo

113 1673 267 1713 concepit,
279 1681 343 1704 non
355 1673 531 1704 secundum
539 1673 761 1705 habitudinem
771 1684 888 1714 causae,

114 1726 168 1758 sed
183 1726 360 1758 secundum
374 1726 596 1758 habitudinem
615 1729 888 1760 concomitantiae:

113 1781 146 1811 et
158 1778 219 1810 hoc
233 1779 318 1820 quod
331 1779 447 1811 dicitur
461 1781 563 1813 Mater
572 1783 733 1821 supponat
747 1791 805 1822 pro
818 1781 892 1813 Vir-

113 1832 191 1874 gine
199 1832 308 1873 Maria,
322 1835 354 1865 et
367 1835 414 1865 est
424 1843 554 1865 sensus:
570 1834 680 1873 Mater,
696 1835 726 1866 id
739 1837 785 1866 est
794 1835 891 1876 virgo

114 1885 213 1918 Maria
227 1895 292 1918 non
308 1888 453 1928 concepit
467 1889 721 1929 concupiscentia
735 1890 893 1921 concomi-

114 1942 211 1978 tante,
229 1940 282 1972 sed
303 1942 534 1974 concomitante
548 1943 653 1982 gratia
667 1952 674 1974 :
691 1945 721 1974 et
735 1946 812 1975 tunc
826 1953 891 1975 non

113 1991 338 2032 notaturquod
351 1993 607 2034 concupiscentia
617 1995 656 2025 sit
669 1995 806 2035 alicujus
820 2005 893 2027 con-

114 2044 267 2085 ceptionis
284 2045 496 2087 principium,
520 2047 574 2078 sed
593 2048 711 2079 vitium
735 2049 892 2080 concomi-

114 2100 195 2130 tans.
213 2098 251 2130 Et
265 2099 309 2131 sic
323 2102 408 2140 patet
424 2101 587 2141 responsio
603 2102 640 2132 ad
655 2102 789 2142 objecta.

432 2222 502 2245 DUB.
526 2223 571 2245 lv.

331 2302 423 2327 Totum
435 2301 594 2328 incarnatum
604 2321 611 2334 ,
627 2305 676 2329 ete.

154 2378 295 2410 Contra:
325 2378 357 2411 Si
381 2379 468 2410 enim
492 2381 594 2411 totum
622 2383 669 2412 est
689 2381 774 2422 quod
798 2382 892 2414 habet

114 2434 237 2473 partem
245 2434 277 2464 et
286 2435 420 2474 partem,
432 2436 463 2465 et
471 2433 611 2465 Verbum
620 2435 891 2476 simplicissimum

115 2487 178 2525 est,
203 2485 286 2517 male
310 2486 427 2518 dicitur
447 2487 534 2528 quod
558 2490 661 2520 totum
688 2489 891 2521 incarnatum

116 2540 172 2570 est.

149 2621 156 2637 ¹
171 2620 269 2650 Εκεή..
284 2623 427 2653 xv1‚⁴⁵.-
444 2623 454 2638 ¹
467 2623 635 2652 Quaeet.1.-
649 2624 659 2639 ²
674 2625 714 2654 cs.
734 2624 873 2650 menardus
884 2644 890 2655 ‚

117 2657 146 2683 ΙΙΙ
160 2657 240 2681 Sem..
250 2656 309 2682 dist.
319 2663 358 2690 m,
368 2660 416 2683 art.
427 2664 467 2692 ιιι,
477 2659 754 2694 q.11;Steph.Bnilet.,
767 2660 798 2685 tlt
811 2661 890 2691 Sene.¹

984 242 1076 284 Resp.
1089 242 1275 283 Dicendum,
1289 244 1374 284 quod
1390 247 1491 276 totum
1507 248 1607 285 potest
1617 246 1717 286 accipi

943 295 1114 336 privative,
1138 296 1187 328 vel
1212 297 1357 337 positive.
1383 297 1416 328 Si
1442 298 1613 338 privative,
1641 301 1716 330 tunc

942 349 1058 380 dicitur
1070 349 1210 381 Verbum
1226 350 1428 382 incarnatum
1443 354 1558 390 totum,
1568 351 1645 391 quia
1654 361 1717 383 non

943 401 1035 434 habet
1053 405 1174 443 partes,
1190 404 1366 436 secundum
1384 414 1463 445 quas
1486 405 1643 436 incarnari
1660 404 1717 436 ha-

942 455 1024 486 beat.
1055 456 1125 487 Alio
1149 457 1243 488 modo
1267 458 1385 489 dicitur
1412 458 1564 499 positive,
1587 461 1617 489 et
1643 460 1717 489 tunc

941 509 1058 540 dicitur
1075 510 1259 550 dupliciter:
1278 512 1467 551 quintorum
1484 522 1548 543 uno
1561 512 1656 543 inodo
1672 514 1718 543 est

942 561 1043 598 idem,
1059 563 1143 602 quod
1162 573 1201 594 ex
1223 564 1290 595 suis
1316 566 1459 605 partibus
1487 566 1715 603 coustitutum3

941 615 1003 646 alio
1018 616 1111 647 modo
1126 620 1172 647 cst
1194 618 1293 656 idem,
1312 619 1396 658 quod
1415 620 1599 659 pei-sectum.
1619 619 1655 650 Et
1669 629 1718 650 se-

941 669 1085 700 cundum
1099 671 1183 710 quod
1199 674 1299 703 totum
1314 672 1390 703 dicit
1409 673 1636 712 integritatem,
1652 683 1718 705 non

942 722 1058 754 dicitur
1079 724 1118 755 de
1136 724 1255 763 Verh0;
1273 725 1326 756 sed
1347 726 1524 757 secundum
1546 727 1630 766 quod
1645 726 1719 757 dicit

943 776 1128 808 totalitatem
1148 779 1362 818 perfectionis,
1384 782 1415 810 et
1433 779 1610 810 secundum
1634 779 1719 820 quod

942 829 1016 860 dicit
1045 831 1257 870 privationem
1288 833 1387 873 partis
1417 836 1448 864 et
1471 833 1594 874 partis:
1620 835 1651 864 et
1676 832 1720 863 sic

943 886 1028 923 patet
1047 885 1132 925 quod
1156 885 1209 916 illa
1223 886 1360 927 objectio
1380 896 1444 918 non
1464 887 1605 928 procedit
1624 891 1718 926 recte,

943 941 1071 979 propter
1091 939 1252 971 diversam
1271 940 1488 981 acceptionem
1512 941 1610 981 hujus
1626 951 1721 973 voca-

944 991 1022 1030 buli,
1051 993 1133 1033 quod
1160 996 1208 1025 est
1231 998 1342 1026 cotum.
1368 994 1428 1026 Sed
1459 995 1516 1025 hoc
1544 995 1658 1026 melius
1687 996 1721 1027 in

944 1045 1047 1086 primo
1069 1046 1166 1085 libro,
1187 1046 1390 1078 distinctione
1414 1057 1494 1079 xxm
1509 1048 1535 1085 ¹,
1557 1048 1721 1080 invenitur

943 1099 1203 1131 determinatum.

1187 1204 1431 1239 ARTICULUS
1456 1205 1481 1238 1.

985 1295 1032 1326 Ad
1048 1295 1293 1335 intelligentiam
1312 1295 1412 1336 huJus
1425 1296 1524 1336 partis
1536 1320 1543 1334 ,
1553 1297 1649 1336 juxta
1663 1297 1724 1327 tria

945 1357 1018 1389 quae
1035 1348 1185 1389 Magister
1206 1349 1407 1386 determinat,
1425 1349 1533 1381 incidit
1549 1350 1600 1381 hic
1615 1359 1722 1390 quaes-

945 1402 1008 1433 tio:
1026 1403 1130 1443 primo
1145 1403 1303 1443 quaeritur
1312 1403 1351 1433 de
1366 1402 1480 1434 Christi
1494 1403 1721 1441 decimatione3

945 1456 1086 1487 secundo
1107 1457 1265 1496 qua‘ritur
1286 1456 1324 1487 de
1345 1457 1450 1488 carnis
1469 1457 1581 1488 Christi
1596 1457 1725 1488 traduc-

947 1510 1053 1547 tione;
1079 1510 1172 1541 tertio
1196 1510 1235 1541 de
1260 1511 1410 1542 dominici
1437 1511 1577 1552 corporis
1603 1511 1723 1542 forma-

947 1563 1043 1593 tione.
1059 1563 1146 1594 Circa
1158 1564 1299 1604 primum
1316 1566 1507 1604 quaeruntur
1520 1564 1583 1595 duo
1597 1575 1604 1595 ε
1621 1565 1724 1605 primo

947 1617 1102 1657 quaeritur
1127 1620 1237 1648 utrum
1261 1618 1377 1659 aliquis
1401 1618 1498 1658 possit
1519 1618 1669 1649 decimari
1691 1619 1725 1649 iu

947 1671 1150 1710 parentibus;
1167 1672 1306 1703 secundo
1329 1672 1486 1712 quaeritur
1502 1674 1613 1703 utrum
1632 1671 1724 1703 Chri-

947 1726 1014 1755 stus
1029 1724 1060 1755 in
1078 1725 1242 1756 Abraham
1258 1726 1353 1757 fuerit
1370 1726 1558 1757 decimatus.

1225 1842 1405 1882 QUAESTIO
1429 1843 1453 1874 l.

1008 1922 1055 1949 An
1069 1922 1171 1957 aliquis
1183 1924 1270 1958 possit
1286 1923 1416 1950 decimari
1431 1925 1460 1950 in
1473 1923 1635 1958 parentibus
1650 1923 1672 1950 ⁸.

989 2002 1102 2034 Utrum
1122 2003 1239 2044 aliquis
1255 2004 1406 2035 decimari
1426 2004 1540 2036 habeat
1558 2004 1592 2035 in
1607 2013 1725 2045 paren-

949 2057 1052 2095 tibus;
1075 2060 1105 2088 et
1120 2058 1286 2098 probatur,
1301 2058 1384 2098 quod
1399 2059 1442 2089 sic
1454 2082 1462 2096 ,
1477 2067 1534 2099 per
1547 2058 1624 2090 illud
1639 2058 1726 2098 Apo-

949 2111 1018 2142 stoli
1032 2114 1060 2141 ⁸:
1085 2111 1145 2143 Per
1165 2112 1339 2151 Abraham,
1355 2116 1384 2145 ec
1405 2113 1494 2151 Levi,
1509 2113 1566 2153 qui
1581 2112 1725 2144 decimas

949 2165 1082 2205 accepit,
1101 2164 1283 2198 decimatus
1299 2168 1355 2198 est.

991 2218 1068 2249 ltem
1086 2219 1145 2249 hoc
1160 2219 1265 2259 ipsum
1280 2219 1407 2251 videtur
1420 2228 1477 2260 per
1492 2219 1723 2260 Augustinum.

949 2279 1044 2312 super
1070 2272 1215 2304 Genesim
1239 2273 1282 2304 ad
1305 2272 1461 2312 litteram,
1481 2276 1512 2304 et
1534 2273 1671 2304 habetur
1693 2273 1726 2304 in

949 2324 1056 2356 Glossa
1064 2326 1088 2356 ⁵:
1101 2338 1116 2355 «
1126 2326 1224 2365 Sicut,
1237 2326 1339 2357 Adam
1346 2329 1504 2367 peccante,
1514 2328 1725 2367 peccaverunt

949 2379 1003 2419 qui
1019 2382 1108 2410 eraut
1120 2379 1153 2410 in
1164 2379 1282 2411 lumbis
1295 2381 1322 2420 ej
1329 2390 1384 2419 us;
1399 2381 1443 2411 sic
1454 2380 1616 2411 Abraham
1631 2379 1726 2410 dante

948 2433 1097 2468 decimas.
1115 2435 1170 2474 qui
1190 2434 1223 2464 in
1240 2434 1359 2465 lumbis
1374 2435 1445 2474 ejus
1459 2436 1561 2472 erant,
1580 2433 1725 2465 decimati

948 2490 1035 2518 sunt.
1050 2499 1064 2516 n
1086 2488 1146 2519 Sed
1161 2490 1293 2527 constat,
1308 2488 1393 2529 quod
1413 2488 1516 2528 proles
1536 2487 1725 2528 potuitpec-

949 2550 1019 2573 care
1031 2542 1063 2573 in
1074 2542 1192 2573 Adam:
1205 2550 1285 2582 ergo
1297 2544 1327 2573 et
1337 2541 1486 2573 decimari
1500 2541 1533 2571 in
1546 2540 1722 2572 Abraham.

948 2624 1006 2648 dist.
1023 2630 1100 2655 111‚‹1.
1118 2622 1310 2652 11¹.—⁸Hebr.,
1326 2629 1372 2653 ιιι,
1387 2624 1445 2646 9.-
1457 2622 1467 2638 ¹
1483 2621 1596 2653 Augaia·
1611 2622 1672 2646 Gen.
1690 2622 1725 2646 aa!

950 2659 1012 2690 nu„
1023 2659 1068 2684 lib.
1083 2660 1114 2690 x,
1129 2666 1152 2683 c.
1167 2665 1211 2683 xix
1226 2662 1251 2683 et
1266 2665 1309 2683 xx.

1760 2021 1847 2043 undum.
