2017 2960
662 189 811 221 DlSTINC
832 189 923 221 XVII.
950 189 1037 221 ΛΒΤ.
1064 190 1100 221 II.
1125 189 1176 228 ,ΟΠ
1187 189 1272 221 tsr.
1294 190 1345 221 III.

197 259 334 296 divinae3
356 259 424 288 tum
441 256 547 295 etiam,
565 257 639 296 quia
648 257 725 288 adeo
737 257 862 297 petebat
873 257 971 296 digne

197 313 228 342 et
253 313 369 346 sancte,
395 308 481 349 quod
504 309 537 339 in
562 310 712 341 omnibus
730 312 796 341 erat
822 309 971 341 exaudita

196 373 253 404 pro
272 373 329 394 sua
352 362 530 394 reverentia
552 366 582 393 et
600 363 765 402 dignitate.
792 363 896 394 Oratio
914 373 971 393 au-

196 419 259 447 tem
277 417 448 456 procedens
461 426 480 447 a
495 417 659 448 voluntate
674 418 798 457 pietatis
813 420 843 448 et
860 418 971 448 volun-

194 471 257 501 tate
273 470 377 500 carnis
392 479 455 500 non
471 470 531 500 fuit
556 471 589 500 in
605 470 726 501 Christo
749 471 898 502 exaudita
913 480 970 510 per

194 523 302 553 omnia
320 525 408 554 :tum
424 524 499 563 quia
514 524 573 554 hac
583 524 747 555 voluntate
769 533 833 554 non
849 524 969 554 confor-

194 577 342 608 mabatur
355 577 416 608 Deo
444 578 477 608 in
501 578 588 609 omni
603 578 712 615 volito,
729 578 811 608 sicut
823 578 968 608 habitum

195 633 241 662 est
256 632 359 672 prius;
383 634 454 663 tum
482 633 577 664 etiam
604 633 745 673 quiailla
775 633 883 673 petitio
898 633 969 672 plus

194 685 359 716 ordinatur
373 687 413 717 ad
430 688 572 717 nostram
598 687 854 724 instructionem,
871 695 966 726 quam

193 739 233 769 ad
249 739 393 770 divinam
408 740 656 771 exauditionem.
685 740 786 779 Magis
800 740 886 770 enim
913 749 969 780 pe-

193 792 278 823 tebat
293 792 353 823 hac
363 793 537 830 voluntate,
547 795 581 824 ut
593 803 652 824 nos
662 794 813 832 erudiret,
824 803 920 834 quam
933 796 969 824 ut

193 845 293 876 Deum
307 846 344 876 ad
360 855 451 877 suam
462 847 648 887 petitionem
664 847 841 878 inclinaret.
858 847 905 878 Ex
920 847 969 877 his

193 900 277 938 patet
292 900 455 939 responsio
471 901 510 931 ad
533 901 744 940 quaestionem
762 901 966 940 propositam,

192 953 223 982 et
237 952 275 982 ad
299 953 438 984 rationes
452 954 491 984 ad
517 956 688 994 utramque
703 957 836 994 partem.
854 954 968 984 Conce-

192 1003 332 1036 dendum
348 1007 394 1036 est
408 1006 505 1045 enim,
531 1008 615 1047 quod
643 1008 783 1039 Christus
798 1008 968 1038 exauditus

191 1058 291 1089 fuitin
302 1059 391 1090 omni
403 1060 552 1100 petitione
565 1070 627 1100 qua
645 1061 733 1101 petiit
750 1063 786 1092 ut
799 1061 968 1092 exaudire-

190 1113 254 1148 tur,
272 1112 332 1143 hoc
347 1115 394 1144 est
408 1113 538 1144 inomni
555 1123 592 1144 eo
607 1115 692 1154 quod
702 1114 791 1154 petiit
804 1115 967 1145 voluntate

189 1166 333 1204 rationis,
346 1167 414 1197 sive
431 1166 594 1197 voluntate
605 1167 761 1197 absoluta.
773 1167 861 1198 Unde
874 1167 967 1197 ratio-

189 1229 245 1250 nes
256 1228 328 1259 quae
345 1219 385 1250 ad
400 1220 535 1259 primam
553 1222 675 1259 partem
690 1221 897 1257 inducuntur,
914 1230 967 1251 ve-

188 1282 262 1304 rum
287 1273 493 1304 concludunt.
520 1274 764 1305 Concedendum
787 1276 833 1304 est
849 1275 964 1305 nihilo-

188 1327 295 1358 minus
319 1327 403 1367 quod
419 1328 532 1358 nonin
551 1328 639 1358 omni
654 1337 691 1358 eo
710 1328 795 1368 quod
813 1328 901 1368 petiit
912 1338 967 1359 vo-

188 1380 310 1411 luntate
320 1381 424 1411 carnis
439 1381 489 1412 vel
501 1381 634 1421 pietatis,
651 1381 711 1412 fuit
725 1381 905 1419 exauditus,
921 1382 965 1412 si-

189 1436 242 1464 cut
263 1434 401 1464 rationes
420 1434 458 1464 ad
483 1435 655 1465 secundam
682 1436 805 1474 partem
828 1434 965 1466 inductae

189 1487 370 1518 ostendunt.
400 1487 470 1518 Non
495 1488 579 1518 enim
603 1488 728 1528 petebat
742 1490 778 1519 ut
794 1488 965 1519 exaudire-

188 1543 251 1579 tur,
271 1541 324 1571 sed
341 1542 375 1571 ut
389 1550 447 1571 nos
464 1541 666 1572 erudiremur
684 1553 689 1572 :
707 1541 789 1572 sicut
810 1542 899 1581 petiit
913 1551 966 1572 ca—

187 1594 281 1625 licem
302 1603 320 1624 a
334 1603 366 1625 se
380 1595 564 1633 transferri,
581 1597 612 1626 et
638 1595 703 1625 suis
723 1595 966 1626 crucifixoribus

188 1647 375 1678 condonari:
409 1657 513 1678 unum
544 1658 583 1678 ex
610 1648 772 1679 voluntate
790 1648 905 1685 carnis,
927 1648 965 1678 ad

189 1703 401 1733 ostensionem
418 1705 542 1734 naturae
559 1705 731 1744 assumptae
745 1715 752 1741 ;
770 1704 906 1734 alterum
925 1713 965 1733 ex

189 1756 353 1787 voluntate
368 1757 503 1796 pietatis,
525 1757 564 1787 ad
590 1757 803 1787 ostensionem
819 1756 966 1795 benigni-

189 1809 262 1840 tatis
275 1811 305 1840 et
318 1809 552 1841 misericordiae.

231 1866 245 1893 1
263 1866 293 1894 et
318 1867 347 1894 2.
364 1864 412 1894 Ad
427 1864 505 1894 illud
525 1866 632 1895 tamen
652 1864 737 1904 quod
757 1864 906 1904 objicitur
926 1865 965 1895 de

189 1916 375 1947 auctoritate
392 1915 519 1954 Psalmi,
536 1917 705 1948 dicendum
735 1917 820 1957 quod
842 1917 901 1947 hoc
916 1917 965 1948 di-

189 1970 271 2001 citur
297 1971 335 2001 de
357 1971 458 2011 capite
477 1971 597 2002 ratione
625 1971 862 2007 membrorum,
884 1972 965 2002 sicut

189 2023 296 2054 Glossa
307 2024 425 2055 ibidem
442 2024 572 2064 exponit
588 2035 594 2055 :
620 2026 651 2055 et
666 2024 767 2055 multa
790 2025 965 2055 consimilia

188 2077 322 2117 reperiri
337 2080 573 2108 consueverunt
587 2078 620 2108 in
634 2077 807 2118 Scriptura.

229 2132 258 2168 3,
282 2133 301 2160 4
327 2133 357 2161 et
378 2133 407 2161 5.
431 2131 478 2161 Ad
495 2133 558 2161 tres
573 2131 711 2162 rationes
737 2134 965 2172 consequentes

187 2185 272 2224 patet
285 2184 448 2224 responsio
462 2193 518 2224 per
543 2185 610 2224 J'am
636 2184 727 2223 dicta,
746 2185 903 2224 quianon
916 2186 964 2216 fe-

187 2239 265 2268 runt
286 2237 468 2268 instantiam
497 2246 555 2277 pro
587 2247 792 2277 quacumque
822 2238 964 2269 oratione

188 2290 312 2330 Christi,
328 2291 382 2322 sed
404 2300 461 2331 pro
485 2300 523 2322 ea
548 2291 652 2322 solum
676 2301 750 2331 quae
776 2293 964 2331 procedebat

187 2353 228 2375 ex
237 2345 401 2376 voluntate
424 2345 528 2376 carnis
553 2345 604 2376 vel
618 2345 761 2385 pietatis,
778 2346 859 2376 sicut
880 2348 965 2387 patet

188 2397 362 2436 aspicienti.

220 2514 270 2538 ¹S,
287 2513 408 2544 Thomas,
429 2523 454 2545 p.
473 2516 514 2545 Ill,
531 2523 555 2546 q.
579 2522 622 2540 xxr
635 2535 642 2547 ‚
667 2519 713 2540 art.
733 2518 763 2545 2;
781 2518 806 2541 et
829 2518 858 2541 Ill
876 2518 962 2548 Seni„

189 2550 246 2573 dist.
259 2555 313 2573 xvn
324 2567 332 2580 ,
346 2556 370 2580 q.
388 2556 427 2580 111,
440 2552 488 2575 art.
499 2553 509 2574 4
519 2559 526 2581 ;
537 2553 562 2576 et
570 2552 655 2582 Opusc.
668 2553 711 2583 ΙΙΙ,
724 2560 746 2576 c.
759 2559 821 2582 ex1.;
835 2553 963 2582 menard,

189 2585 221 2608 ΙΙΙ
232 2585 310 2615 Sent.¹
320 2584 377 2608 dist.
386 2590 449 2615 Χνιῐ,
459 2588 505 2610 nrt.
515 2588 618 2619 2,q.111,
629 2588 961 2620 Steph.Bru1ef.‚1118ent.,

189 2622 246 2646 dist.
261 2628 325 2652 xvir,
342 2629 366 2653 q.
383 2628 417 2646 vi.

1744 193 1802 222 379

1274 315 1454 354 QUAESTIO
1478 316 1530 348 III.

1027 392 1071 418 An
1088 394 1176 419 oratio
1192 392 1292 419 Christi·
1310 394 1339 419 in
1355 401 1428 420 cruce
1443 394 1527 426 fuerit
1543 401 1559 420 a
1578 395 1699 426 ratione,
1722 395 1763 421 vel
1785 402 1802 421 α

1308 439 1484 465 sensualitate
1500 438 1516 464 ¹.

1067 524 1179 556 Utrum
1192 526 1244 556 illa
1259 527 1370 564 oratio,
1393 536 1457 566 qua
1472 527 1575 557 oravit
1597 527 1628 557 in
1644 528 1800 567 passione,

1025 581 1062 610 ut
1077 579 1158 609 calix
1174 580 1399 610 transferretur
1424 589 1443 609 a
1457 589 1500 616 se,
1522 580 1618 611 fuerit
1632 590 1650 611 a
1666 581 1800 618 ratione,

1025 641 1067 663 an
1081 642 1100 663 a
1114 632 1334 670 sensualitate3
1353 634 1382 663 et
1396 632 1481 670 quod
1497 643 1516 663 a
1528 633 1743 672 sensualitate,
1757 634 1803 664 vi-

1025 686 1118 717 detur
1130 685 1316 716 auctoritate
1327 686 1470 725 Magistri
1485 686 1518 716 in
1527 686 1643 716 littera:
1660 698 1674 715 «
1684 687 1803 717 Secun-

1025 739 1103 770 dum
1132 739 1281 770 affectum
1310 739 1522 770 sensualitatis
1547 739 1690 770 Christus
1719 740 1802 770 mori

1025 793 1138 832 noluit,
1156 803 1214 824 nec
1241 793 1379 824 obtinuit
1402 793 1488 833 quod
1512 793 1689 824 secundum
1711 793 1803 824 illum

1025 847 1174 878 affectum
1197 847 1296 887 petiit.
1313 858 1326 875 »
1347 847 1432 886 Ergo
1447 847 1574 878 videtur
1595 847 1681 887 quod
1694 847 1803 887 petitio

1026 900 1079 931 illa
1089 910 1128 931 ex
1144 900 1310 931 voluntate
1325 900 1539 931 sensualitatis
1553 901 1752 940 processerit.

1066 954 1144 984 Item
1160 954 1220 984 hoc
1231 954 1337 993 ipsum
1353 953 1529 984 ostenditur
1546 963 1586 984 ex
1601 954 1712 985 ordine
1728 964 1803 986 ver-

1024 1008 1150 1045 borum,
1168 1016 1241 1038 cum
1257 1007 1331 1038 dicit
1349 1018 1355 1037 :
1378 1007 1450 1039 Non
1471 1008 1556 1038 sicut
1570 1015 1624 1047 eqo
1649 1008 1729 1045 volo,
1745 1008 1800 1040 sed

1023 1061 1106 1092 sicut
1121 1064 1155 1092 tu
1168 1062 1218 1092 vis
1233 1070 1243 1091 :
1257 1063 1312 1091 aut
1326 1061 1386 1092 hoc
1399 1061 1474 1091 dicit
1492 1061 1616 1092 ratione
1629 1062 1804 1093 voluntatis

1024 1114 1250 1151 sensualitatis,
1267 1116 1324 1145 aut
1346 1114 1497 1145 rationis:
1514 1117 1672 1154 quantum
1687 1115 1726 1146 ad
1742 1125 1802 1146 vo-

1022 1168 1177 1198 luntatem
1193 1168 1326 1198 rationis
1339 1177 1404 1198 non
1417 1167 1501 1204 dicit,
1510 1168 1586 1207 quia
1600 1167 1653 1199 illa
1663 1170 1731 1199 erat
1746 1178 1803 1208 per

1023 1221 1130 1251 omnia
1146 1221 1263 1252 divinae
1274 1221 1431 1251 voluntati
1446 1221 1634 1251 conformis:
1651 1231 1729 1261 ergo
1740 1222 1801 1253 hoc

1022 1274 1098 1304 dicit
1112 1276 1270 1314 quantum
1285 1274 1324 1304 ad
1339 1273 1538 1304 voluntatem
1565 1275 1777 1306 sensualitatis
1792 1287 1798 1306 ε

1022 1338 1062 1359 ex
1086 1328 1139 1358 illa
1155 1337 1234 1367 ergo
1250 1328 1413 1359 voluntate
1428 1329 1617 1368 procedebat
1631 1330 1801 1369 postulatio

1024 1382 1175 1413 orationis
1189 1382 1370 1422 propositae.

1064 1436 1154 1473 Item,
1171 1436 1280 1466 nullus
1292 1436 1417 1476 sapiens
1432 1438 1500 1467 orat
1522 1436 1573 1467 vel
1588 1437 1664 1476 petit
1677 1439 1801 1468 contra·-

1021 1490 1108 1520 rium
1120 1490 1147 1529 ej
1153 1498 1200 1527 uS,
1217 1489 1301 1529 quod
1318 1489 1387 1521 vult
1401 1500 1407 1520 :
1422 1490 1475 1520 sed
1490 1490 1570 1521 ratio
1584 1490 1710 1521 volebat
1725 1500 1800 1521 mo-

1021 1543 1048 1573 ri
1066 1554 1072 1573 :
1092 1552 1170 1582 ergo
1184 1543 1292 1583 petitio
1309 1544 1347 1574 de
1364 1544 1513 1575 evasione
1531 1545 1642 1575 mortis
1656 1554 1723 1576 non
1733 1547 1800 1576 erat

1023 1596 1130 1636 petitio
1142 1597 1272 1627 rationis
1289 1607 1295 1627 ε
1309 1599 1340 1627 et
1353 1599 1420 1628 erat
1435 1597 1659 1636 sensualitatis,
1682 1598 1732 1629 vel
1748 1607 1800 1628 ra-

1021 1650 1116 1680 tionis
1131 1659 1138 1680 :
1155 1659 1233 1689 ergo
1249 1650 1471 1681 sensualitatis.

1063 1703 1152 1741 Item,
1164 1705 1328 1743 peccatum
1344 1707 1391 1734 est
1405 1703 1499 1734 alicui
1514 1705 1633 1744 petere,
1651 1704 1737 1744 quod
1753 1706 1800 1736 est

1021 1759 1184 1796 peccatum
1200 1759 1346 1796 appetere
1363 1768 1369 1787 ι
1387 1757 1441 1788 sed
1456 1760 1604 1797 appetere
1618 1767 1684 1788 non
1703 1758 1796 1798 mori,

1022 1814 1185 1852 peccatum
1201 1814 1282 1842 esset
1292 1812 1352 1852 ipsi
1366 1812 1521 1843 voluntati
1531 1813 1677 1844 rationali
1690 1824 1696 1844 :
1707 1823 1796 1853 ergo,

1020 1865 1046 1895 si
1060 1865 1138 1895 illud
1152 1865 1325 1905 petivisset,
1343 1867 1499 1905 peccasset
1515 1866 1589 1896 :sed
1603 1875 1670 1897 non
1685 1876 1798 1907 pecca-

1020 1918 1067 1949 vit
1083 1929 1089 1949 ε
1103 1927 1181 1957 ergo
1198 1927 1262 1949 non
1277 1919 1365 1958 petiit
1382 1929 1389 1949 :
1406 1928 1485 1958 ergo
1515 1919 1621 1959 petitio
1637 1920 1691 1951 illa
1705 1920 1766 1951 fuit
1779 1930 1797 1952 a

1020 1973 1185 2003 voluntate
1198 1972 1348 2003 sensuali.

1061 2025 1122 2056 Sed
1136 2027 1246 2056 contra
1264 2034 1271 2056 :
1288 2025 1395 2056 Oratio
1421 2026 1465 2056 sic
1493 2026 1651 2057 diffinitur
1668 2038 1674 2058 ε
1693 2027 1798 2059 Oratio

1019 2081 1067 2110 est
1085 2088 1234 2109 ascensus
1250 2080 1365 2110 mentis
1376 2079 1410 2109 in
1427 2079 1527 2110 Deum
1546 2091 1552 2111 z
1570 2080 1623 2111 sed
1639 2081 1796 2112 sensuali-

1020 2133 1092 2163 tatis
1107 2142 1171 2163 non
1184 2135 1230 2163 est
1244 2132 1412 2163 ascendere
1432 2133 1466 2163 in
1492 2133 1613 2165 Deum:
1631 2143 1709 2174 ergo
1730 2144 1799 2165 sen-

1020 2188 1174 2219 sualitatis
1187 2197 1252 2218 non
1274 2190 1321 2218 est
1336 2196 1427 2219 orare
1442 2199 1448 2219 :
1466 2198 1545 2228 ergo
1560 2189 1710 2229 praedicta
1722 2199 1798 2221 ora-

1020 2241 1063 2272 tio
1078 2250 1143 2272 non
1156 2242 1259 2281 potuit
1272 2250 1339 2273 esse
1355 2241 1579 2273 sensualitatis.

1061 2296 1151 2334 Item,
1168 2295 1230 2326 alio
1245 2295 1340 2326 modo
1364 2295 1522 2326 diffinitur
1550 2296 1650 2326 oratio
1668 2307 1674 2326 :
1691 2295 1796 2327 Oratio

1020 2351 1066 2380 est
1080 2348 1153 2389 pius
1170 2348 1287 2379 mentis
1303 2349 1435 2379 affectus
1460 2349 1494 2379 in
1510 2351 1610 2380 Deum
1630 2349 1770 2380 directus
1787 2360 1793 2381 :

1019 2403 1073 2433 sed
1088 2402 1275 2433 sensualitas
1298 2411 1363 2433 non
1392 2402 1488 2433 habet
1515 2403 1589 2433 ferri
1614 2403 1647 2432 in
1669 2402 1794 2433 Deum:

1020 2465 1098 2496 ergo
1128 2457 1287 2496 quantum
1307 2456 1347 2487 ad
1377 2457 1485 2486 actum
1507 2455 1719 2487 sensualitatis
1731 2465 1796 2487 non

1019 2509 1161 2541 consistit
1173 2518 1252 2540 usus
1261 2509 1427 2540 orationis.

1059 2562 1138 2595 Item
1153 2562 1251 2594 solius
1265 2563 1398 2593 rationis
1413 2563 1459 2593 est
1472 2562 1624 2594 conferre.
1643 2561 1704 2594 Sed
1716 2571 1796 2603 prae-

1020 2617 1102 2648 dicta
1111 2616 1213 2648 oratio
1229 2617 1290 2648 fuit
1314 2625 1389 2647 cum
1401 2615 1567 2647 collatione
1581 2616 1734 2656 quadam,
1750 2617 1796 2648 si-

1020 2672 1074 2701 cut
1088 2671 1170 2710 patet
1186 2679 1259 2700 euin
1278 2669 1394 2700 dicitur
1411 2679 1417 2698 τ
1446 2669 1517 2701 Non
1531 2670 1615 2701 sicut
1638 2677 1691 2709 690
1714 2669 1794 2707 volo,

1818 536 1920 557 Fundani.

1813 2038 1845 2059 Ad
1856 2044 1908 2065 opp.
