2017 2960
78 1485 110 1505 Ad
122 1492 173 1512 opp.

694 171 791 203 DlST.
814 171 877 204 XV.
902 173 991 204 ΛΒΤ.
1018 173 1040 203 l.
1065 172 1214 209 QUAEST.
1235 173 1287 204 111.

200 241 455 282 impedivissent,
472 248 570 279 quam
587 240 762 278 jilvissent,
778 239 859 270 sicut
873 239 973 270 defec-

201 300 253 328 tus
272 296 492 327 membrorum
505 317 513 331 ,
530 294 582 325 vel
601 304 771 332 sensuum,
790 296 820 325 et
839 295 977 325 aliorum

201 348 415 381 consimilium
430 357 438 378 :
455 350 486 377 et
501 347 572 378 ideo
588 357 653 378 non
667 348 812 387 sequitur
828 347 917 378 illud.

239 405 269 433 4.
291 401 339 432 Ad
361 401 440 432 illud
462 410 540 431 vero
555 401 639 440 quod
655 403 813 441 postremo
829 401 978 440 objicitur

199 456 238 486 de
261 455 505 492 humiliatione,
531 455 699 485 dicendum
724 454 869 485 similiter
892 454 977 494 quod

199 508 305 539 omnis
324 507 506 538 humiliatio
526 508 667 538 virtuosa
687 508 717 537 et
738 507 904 537 laudabilis
924 516 976 537 or-

198 563 269 591 tum
292 561 389 591 habet
423 570 462 591 ex
498 561 685 591 discretione
720 560 852 590 rationis
878 570 886 590 ε
913 568 978 590 000

199 614 284 645 enim
317 614 486 653 procedere
512 614 604 645 debet
630 623 670 644 ex
694 614 835 652 impetu,
860 613 913 643 sed
938 622 978 643 ex

200 677 294 699 causa
317 668 498 698 rationabili
515 677 522 698 :
542 670 572 698 et
591 667 667 707 quia
683 667 721 697 de
743 667 903 706 aliquibus
922 667 978 697 de-

200 722 332 752 fectibus
353 721 538 752 rationabile
562 731 626 751 1100
648 723 715 751 0131
737 723 774 751 111
789 720 931 751 Christus
946 729 977 750 se

200 784 256 814 per
269 774 395 805 illorum
412 774 661 814 assumptionem
684 774 886 811 humiliaret,
903 773 978 813 quia

199 837 232 859 se
258 828 363 867 potius
391 837 432 859 ex
461 828 514 858 illa
546 827 769 858 humiliatione
806 827 976 866 inutilem,

199 891 297 922 quam
331 882 443 913 utilem
476 882 678 919 reddidisset,
705 882 787 912 sicut
817 881 843 911 si
869 881 979 911 fuisset

200 945 314 974 caecus,
341 936 503 975 gibbosus,
528 938 558 966 et
578 935 785 975 hujusmodi,
810 935 880 965 ideo
902 934 978 964 tales

200 989 289 1020 nullo
302 989 396 1020 modo
411 989 520 1019 debuit
534 998 707 1026 assumere,
720 988 774 1018 sed
789 987 859 1018 illos
873 987 978 1018 solum

199 1042 238 1073 de
259 1042 375 1081 quibus
400 1051 496 1082 supra
517 1042 638 1073 dictum
660 1044 717 1078 est,
741 1040 887 1071 videlicet
908 1040 978 1071 illos

199 1097 254 1137 qui
275 1097 449 1136 respiciunt
472 1097 574 1137 ipsam
599 1099 760 1133 naturam,
786 1097 816 1125 et
837 1095 978 1134 praebent

198 1150 284 1180 viam
300 1150 338 1181 ad
351 1150 522 1190 justitiam,
539 1159 604 1181 non
620 1150 658 1180 ad
676 1149 813 1189 culpam.

463 1264 641 1304 QUAEsrlo
657 1265 709 1297 111.

233 1348 278 1374 An
291 1347 408 1381 defectus
420 1349 450 1374 in
464 1347 569 1374 Christo
584 1349 688 1381 fuerim
704 1356 720 1374 α
735 1350 852 1379 natura,
866 1348 908 1373 vel
923 1355 940 1373 a

501 1392 642 1420 voluntate
653 1391 672 1419 ¹.

236 1471 280 1503 De
303 1471 476 1502 defectibus
495 1472 666 1512 assumptis
689 1481 707 1502 a
727 1472 849 1502 Christo
871 1481 974 1512 quan-

195 1527 265 1556 tum
297 1525 337 1556 ad
365 1525 601 1564 causalitatem,
635 1525 752 1557 scilicet
763 1549 771 1564 ,
804 1527 915 1556 utrum
942 1525 976 1556 in

196 1577 319 1609 Christo
341 1579 461 1610 fuerint
477 1588 496 1610 a
510 1584 640 1617 natura,
658 1589 699 1610 an
713 1589 732 1610 a
745 1579 908 1610 voluntate
922 1590 929 1616 ;
947 1581 977 1610 et

195 1633 282 1673 quod
297 1641 363 1664 non
380 1642 399 1663 a
413 1633 593 1672 voluntate,
611 1633 664 1664 sed
687 1643 706 1664 a
726 1635 841 1664 natura
854 1657 861 1671 ,
886 1633 976 1664 vide-

194 1688 269 1717 tur²
288 1697 295 1717 :
313 1687 397 1718 Deus
420 1689 549 1718 mortem
569 1694 633 1718 non
654 1687 728 1725 fecit
746 1696 758 1716 .-
777 1687 803 1716 si
819 1695 884 1717 non
904 1687 976 1718 fecit

195 1741 343 1778 mortem,
360 1748 438 1779 ergo
452 1740 522 1779 pari
536 1739 659 1770 ratione
674 1749 732 1770 nec
750 1740 908 1770 defectum
921 1750 974 1771 or-

195 1793 339 1824 dinatum
356 1794 395 1824 ad
411 1795 547 1824 mortem
565 1802 573 1822 :
591 1803 670 1832 ergo
686 1794 710 1824 si
727 1794 760 1824 10
776 1794 899 1825 Christo
915 1795 975 1825 fuit

195 1847 266 1877 talis
288 1847 439 1885 defectus,
465 1847 595 1878 videtur
619 1847 704 1887 quod
728 1857 793 1878 11011
816 1848 911 1879 fuerit
933 1857 975 1880 ex

196 1901 361 1931 voluntate
373 1901 578 1938 assumentis,
591 1901 645 1932 sed
660 1910 701 1931 ex
715 1901 839 1932 defectu
848 1904 971 1933 naturae

195 1955 378 1993 assumptae.

236 2009 265 2038 2.
282 2007 378 2045 Item,
394 2006 534 2037 defectus
548 2016 613 2037 non
633 2007 728 2038 habet
751 2017 880 2039 causam
902 2009 970 2039 effi-

195 2059 331 2090 cientem
344 2083 352 2097 ,
368 2060 422 2091 sed
443 2059 642 2090 deficientem
658 2071 665 2091 :
683 2061 737 2091 sed
752 2061 901 2092 voluntas
921 2071 972 2092 as-

195 2114 350 2144 sumentis
372 2123 437 2144 000
453 2114 583 2153 ponitur
602 2123 698 2145 031153
717 2114 890 2146 deficientis
913 2116 970 2146 ali-

194 2167 287 2205 cujus
312 2177 319 2197 :
347 2176 425 2206 ergo
450 2168 528 2198 tales
549 2168 688 2199 defectus
709 2177 773 2199 non
799 2171 973 2209 potuerunt

195 2228 261 2251 esse
274 2229 293 2251 a
315 2220 480 2252 voluntate
501 2221 711 2260 assumentis3
728 2224 760 2253 et
774 2225 881 2254 tamen
902 2225 972 2255 fue-

194 2275 268 2303 runt
284 2282 325 2304 ex
339 2274 503 2305 voluntate
519 2276 726 2314 assumentis,
742 2276 793 2307 vel
807 2285 847 2307 ex
862 2277 971 2308 condi-

194 2325 280 2357 tione
294 2329 418 2359 naturae
433 2332 624 2369 assumptae:
642 2339 736 2369 ergo,
751 2333 810 2362 etc.

237 2381 266 2410 3.
284 2380 378 2420 11001,
402 2382 485 2421 quod
508 2382 591 2414 inest
609 2383 705 2414 3110111
726 2393 745 2414 a
759 2394 816 2415 sua
835 2386 973 2416 naturali

196 2432 333 2471 origine,
358 2435 440 2466 inest
455 2435 484 2466 ei
507 2445 563 2476 per
587 2438 737 2468 naturam
754 2448 762 2468 :
779 2438 833 2469 sed
856 2439 973 2479 hujus-

197 2485 284 2515 modi
307 2486 445 2519 defectus
466 2489 578 2521 insunt
604 2490 727 2522 Christo
748 2501 768 2522 a
787 2501 846 2523 sua
869 2492 974 2532 prima

196 2539 322 2578 origine
339 2550 346 2570 z
363 2549 442 2581 ergo
460 2543 587 2574 videtur
605 2545 690 2584 quod
710 2545 808 2576 insint
828 2546 856 2576 ei
879 2555 898 2576 a
919 2556 973 2577 na-

210 2601 279 2623 nra.
477 2599 480 2602 ’

230 2657 237 2673 ¹
252 2657 291 2686 Cf.
307 2657 376 2681 Alex.
390 2658 503 2689 Alensis,
516 2660 588 2691 p.lll,
604 2668 628 2691 q.
643 2667 667 2692 v,
680 2663 776 2686 memb.
788 2666 801 2687 2
813 2671 820 2693 ς
831 2665 857 2687 S.
870 2664 972 2694 'rhom.‚

318 2710 393 2734 Tou,
416 2711 461 2734 lv.

1752 184 1807 210 337

1073 242 1102 270 4.
1120 239 1198 270 Item
1212 240 1290 271 illud
1306 241 1339 271 111
1355 250 1418 281 quo
1430 241 1534 281 proles
1548 244 1742 275 assimilatur
1757 256 1810 286 pa,

1033 293 1126 331 renti,
1144 295 1191 324 est
1205 294 1349 325 naturale
1364 294 1455 334 proli,
1470 304 1527 334 pro
1542 304 1579 326 eo
1594 297 1679 336 quod
1695 301 1810 330 natura

1033 348 1079 377 est
1095 346 1143 377 vis
1156 346 1251 377 insita
1266 347 1372 386 rebus,
1383 356 1423 378 ex
1438 347 1593 379 similibus
1608 350 1724 382 similia
1739 362 1810 391 pro-

1034 408 1142 430 creans
1158 410 1165 429 :
1182 400 1237 430 sed
1257 399 1400 431 Christus
1420 411 1461 432 ex
1479 402 1601 433 defectu
1621 405 1812 443 passibilita-

1033 452 1072 481 tis
1095 452 1288 483 assimilatur
1309 454 1403 484 matri
1419 464 1502 492 suae,
1519 464 1538 485 a
1552 465 1616 495 qua
1630 458 1727 488 traxit
1746 459 1809 489 ori-

1033 506 1143 545 ginem
1160 517 1168 537 :
1189 516 1266 546 ergo
1287 509 1415 539 videtur
1437 511 1522 549 quod
1546 511 1733 551 hujusmodi
1757 515 1810 545 de-

1034 559 1133 590 fectus
1147 563 1178 590 et
1192 561 1388 599 poenalitates
1403 563 1466 593 sint
1480 564 1508 594 ei
1522 566 1692 596 naturales.

1075 614 1102 642 5.
1121 612 1214 650 Item,
1232 622 1289 653 per
1303 617 1450 645 naturam
1469 617 1558 655 prius
1572 618 1632 648 fuit
1647 619 1725 650 illud
1741 630 1810 652 cor-

1034 675 1093 706 pus
1117 667 1310 706 formatum,
1336 677 1434 708 quam
1459 672 1539 700 esset
1566 672 1694 702 unitum
1725 685 1731 704 z
1759 675 1812 705 sed

1034 728 1150 758 corpus
1166 720 1262 759 illud,
1279 721 1386 752 statim
1409 724 1445 752 ut
1465 723 1525 752 fnit
1544 723 1736 764 formatum,
1753 728 1813 757 fuit

1033 773 1190 812 passibile,
1212 774 1263 806 vel
1286 775 1479 815 impassibile
1501 787 1508 807 :
1533 779 1563 808 et
1584 781 1705 811 constat
1727 782 1812 821 qnod

1033 835 1098 857 000
1118 827 1313 867 impassibile
1335 838 1438 868 :ergo
1460 830 1699 869 passibilitatem
1725 835 1813 873 prIus

1034 890 1090 920 per
1105 884 1254 912 naturam
1270 882 1394 921 habuit,
1412 892 1509 923 quam
1525 885 1673 916 uniretur
1694 887 1812 920 animae

1034 934 1168 973 Christi,
1195 936 1246 966 vel
1282 936 1342 976 ipsi
1366 936 1536 968 divinitati.
1566 938 1698 970 Videtur
1733 950 1813 980 ergo

1033 988 1117 1027 quod
1140 988 1210 1018 talis
1229 989 1418 1028 passibilitas
1439 1000 1505 1021 non
1529 991 1588 1022 fuit
1611 1002 1629 1022 a
1649 993 1813 1025 voluntate

1033 1042 1234 1073 assumentis.
1251 1042 1284 1073 Si
1306 1045 1341 1073 tu
1356 1043 1458 1081 dicas,
1475 1045 1561 1083 quod
1582 1045 1642 1076 suit
1663 1056 1682 1077 a
1701 1047 1814 1079 volun-

1033 1097 1095 1125 tate
1121 1096 1258 1135 Spiritus
1278 1098 1396 1135 sancti,
1424 1098 1479 1137 qui
1506 1099 1567 1129 fuit
1590 1100 1759 1132 fabricator
1783 1105 1814 1133 et

1032 1149 1245 1180 sanctificator
1265 1150 1351 1181 illius
1371 1152 1527 1191 corporis,
1543 1153 1705 1193 objicitur,
1725 1157 1813 1195 quod

1032 1202 1137 1240 gratia
1152 1202 1290 1242 Spiritus
1305 1204 1405 1234 sancti
1419 1205 1515 1236 simul
1534 1209 1595 1237 stat
1612 1217 1686 1238 cum
1708 1210 1813 1248 passi-

1032 1254 1153 1286 bilitate
1166 1258 1197 1286 et
1211 1265 1316 1295 poena.
1329 1257 1362 1288 Si
1372 1266 1450 1297 ergo
1466 1258 1603 1299 Spiritus
1618 1265 1747 1294 sanctus
1762 1274 1814 1296 su-

1032 1309 1221 1348 perveniens
1236 1311 1486 1351 compatiebatur
1505 1323 1538 1344 se
1557 1324 1631 1345 cum
1658 1318 1811 1356 passibili-

1032 1364 1095 1393 tate
1106 1386 1114 1400 ,
1131 1363 1257 1395 videtur
1272 1365 1359 1404 quod
1374 1366 1479 1406 potius
1499 1368 1655 1400 defectum
1677 1372 1813 1411 passibi-

1031 1415 1127 1446 litatis
1161 1418 1363 1457 sustinuerit,
1388 1429 1488 1460 quam
1513 1424 1673 1455 curaverit
1700 1435 1706 1456 :
1733 1435 1812 1466 ergo

1032 1469 1170 1501 defectus
1189 1471 1374 1511 hujusmodi
1395 1474 1428 1504 in
1451 1474 1574 1506 Christo
1600 1485 1664 1508 non
1689 1487 1728 1509 ex
1749 1489 1810 1510 vo-

1032 1522 1171 1562 luntate,
1189 1525 1243 1556 sed
1259 1534 1299 1556 ex
1314 1528 1430 1557 natura
1444 1527 1587 1560 fuerunt.

1073 1577 1133 1608 Sed
1149 1580 1258 1610 000113
1275 1590 1282 1610 ;
1298 1580 1448 1619 Magister
1462 1581 1495 1611 in
1509 1582 1614 1614 littera
1630 1595 1637 1615 :
1654 1596 1669 1614 α
1682 1585 1731 1616 Ex
1745 1588 1811 1619 sola

1032 1631 1196 1663 voluntate
1207 1633 1420 1664 miserationis
1430 1635 1463 1665 in
1476 1645 1509 1666 se
1524 1638 1685 1669 transtulit
1698 1649 1808 1672 veram

1032 1687 1263 1727 infirmitatem,
1284 1690 1366 1721 sicut
1379 1692 1498 1731 accepit
1512 1702 1623 1725 veram
1639 1704 1778 1729 carnem.
1791 1708 1804 1727 1)

1032 1739 1130 1780 Ergo,
1146 1744 1206 1774 010.

1072 1795 1168 1834 Item,
1185 1805 1296 1828 omnes
1316 1797 1455 1829 defectus
1475 1802 1505 1831 et
1526 1802 1738 1843 poenalitateS‚
1755 1807 1810 1845 qui

1031 1849 1065 1879 in
1083 1849 1205 1880 Christo
1221 1850 1361 1889 fuerunt,
1376 1861 1432 1892 per
1447 1856 1701 1895 assumptionem
1713 1858 1810 1889 fuisso,

1031 1902 1182 1933 dicuntur
1198 1913 1205 1934 ε
1222 1904 1276 1934 5οᾱ
1299 1913 1462 1937 assumere
1485 1909 1532 1938 est
1550 1910 1639 1939 actus
1660 1911 1810 1943 volunta-

1030 1957 1081 1994 tis,
1104 1966 1170 1988 non
1194 1960 1319 1990 naturae
1336 1967 1345 1990 ε
1361 1968 1440 1998 ergo
1466 1962 1664 2000 poenalitates
1689 1965 1752 1996 illae
1777 1967 1810 1997 in

1030 2009 1152 2041 Christo
1167 2011 1298 2043 fuerunt
1313 2021 1379 2043 non
1400 2015 1603 2055 naturaliter,
1620 2017 1675 2048 sed
1690 2019 1809 2051 volun-

1028 2065 1118 2096 tarie.

1071 2117 1161 2156 item,
1177 2118 1313 2157 qualitas
1328 2120 1468 2159 corporis
1487 2121 1702 2163 principaliter
1716 2127 1808 2157 attri—

1030 2171 1158 2202 buenda
1173 2174 1220 2202 est
1235 2172 1394 2211 principio
1412 2173 1558 2206 effectivo
1575 2186 1583 2207 :
1603 2177 1657 2208 sed
1671 2178 1809 2218 Spiritus

1029 2227 1159 2256 sanctus
1193 2225 1253 2256 fuit
1278 2226 1452 2266 principale
1474 2228 1668 2270 principium
1692 2233 1809 2264 effecti—

1029 2288 1110 2310 vum
1123 2279 1264 2319 corporis
1278 2279 1392 2311 Christi
1408 2291 1416 2312 :
1435 2290 1515 2321 ergo
1530 2284 1665 2322 qualitas
1680 2287 1809 2325 passibi-

1029 2332 1125 2363 litatis
1144 2333 1250 2372 magis
1268 2333 1361 2365 debet
1381 2335 1512 2366 attribui
1531 2335 1665 2376 Spiritui
1686 2342 1806 2380 sancto,

1030 2396 1127 2427 quam
1143 2390 1268 2420 naturae
1285 2398 1292 2419 :
1307 2389 1362 2420 sed
1376 2389 1513 2430 Spiritus
1528 2395 1656 2424 sanctus
1671 2397 1717 2425 est
1732 2404 1808 2435 ope-

1030 2449 1105 2471 rans
1136 2450 1192 2481 per
1215 2442 1414 2474 voluntatem
1441 2452 1545 2484 :ergo
1566 2446 1643 2478 tales
1669 2447 1808 2481 defectus

1030 2494 1161 2525 fuerunt
1176 2495 1209 2524 in
1225 2495 1347 2526 Christo
1362 2506 1381 2527 a
1395 2497 1569 2529 voluntate.

1032 2565 1056 2588 p.
1074 2558 1103 2580 ΙΙΙ
1116 2576 1121 2586 ,
1134 2564 1157 2588 q.
1179 2564 1233 2588 1ι1ν,
1244 2560 1290 2582 art.
1305 2561 1329 2589 35
1347 2562 1371 2583 et
1383 2560 1412 2583 ΙΙΙ
1431 2561 1509 2590 Seni„
1523 2561 1580 2585 dist.
1597 2568 1639 2592 XV,
1650 2570 1708 2594 (1.1,
1720 2569 1806 2595 3113,

1032 2595 1056 2616 et
1070 2593 1156 2623 Opusc.
1179 2594 1209 2624 V,
1226 2601 1248 2618 c.
1266 2595 1542 2626 εεΧΧΙΙΙς1110113111115,
1555 2596 1586 2620 lli
1599 2597 1678 2630 Semi„
1692 2601 1748 2626 dist.
1766 2610 1806 2634 xv,

1032 2636 1056 2687 q.
1067 2635 1109 2689 ιὶἒ,
1122 2629 1210 2660 Steph.
1223 2630 1327 2660 Brulef„
1340 2630 1370 2654 111
1386 2632 1463 2662 Senti,
1474 2632 1727 2663 distVXV,¹].111.—¹
1737 2639 1807 2670 Sap„

1048 2682 1054 2693 ,
1106 2682 1112 2688 .

1650 2719 1689 2748 22

1825 1593 1929 1614 Fundam.
