2017 2960
641 169 736 201 DIST.
760 169 867 200 XXIII.
893 168 982 201 AR'r.
1009 170 1032 201 1.
1054 169 1204 207 QUAEST.
1227 170 1282 201 III.

161 240 328 279 gustinus,
348 239 485 268 liberum
515 237 681 267 arbitriiim
712 236 932 276 complectitur

159 293 227 324 illas
248 295 310 323 tres
333 291 505 331 potentias,
521 290 638 320 scilicet
665 289 872 327 irascibilem,
901 292 931 320 et

159 344 445 385 concupiscibilem,
462 346 492 373 et
506 343 704 374 rationalem.
720 342 756 373 Et
773 343 843 373 ideo
856 342 932 372 nul-

158 399 226 429 lum
255 396 486 428 inconveniens
506 399 551 427 est
565 396 585 434 ¹,
615 396 701 435 quod
728 404 931 435 unaquaeque

158 452 279 488 virtus,
305 459 378 490 quae
400 450 565 490 reponitur
588 450 620 479 in
636 458 700 479 una
722 450 855 479 istarum
871 458 930 488 po-

158 504 331 534 tentiarum
342 503 519 534 secundum
535 503 617 542 quod
635 502 772 536 habitus
788 502 822 532 in
832 502 931 532 libero
963 533 965 535 ,

158 557 287 588 arbitrio
302 559 476 597 reponatur
490 556 666 586 secundum
686 555 770 594 quod
787 555 888 585 virtus
901 556 932 584 et

159 610 263 640 meriti
287 610 494 650 principium.
517 609 667 639 Similiter
682 608 807 639 nullum
823 610 870 638 est
886 608 932 638 in-

157 663 349 694 conveniens
377 671 493 702 ponere
520 671 623 692 uuum
643 662 787 691 habitum
811 670 876 691 esse
897 660 930 690 in

157 716 278 746 ratione
297 718 328 746 et
345 716 518 751 voluntate,
538 715 579 744 ita
591 714 676 753 quod
692 723 788 744 unam
803 714 930 744 illarum

157 769 370 809 potentiarum
400 767 546 807 respiciat
573 768 732 806 qnantum
759 767 795 797 ud
823 769 928 796 actum

157 821 364 858 materialem,
379 821 511 851 alteram
522 821 678 859 quantuni
695 819 732 849 ad
747 822 854 849 actum
871 819 931 849 for—

156 875 272 906 malem
289 884 296 906 :
312 875 393 905 sicut
414 875 514 913 patet,
539 872 623 912 quod
647 872 775 902 habitus
792 872 929 903 scientias

155 929 260 968 quoad
293 928 368 968 quid
404 928 532 967 respicit
567 926 755 957 memoriam
768 951 776 964 ,
813 926 930 957 scilicet

155 981 259 1021 quoad
281 981 492 1012 retentionem
517 980 652 1020 speciei3
673 982 703 1010 et
724 980 829 1019 quoavl
854 980 929 1019 quid

155 1034 409 1073 intelligentiam,
420 1033 538 1064 scilieet
551 1033 653 1072 quoazl
666 1033 846 1063 facilitatem
857 1043 930 1064 con-

156 1087 336 1125 versionis;
363 1089 393 1117 et
420 1090 527 1117 tamen
554 1086 666 1116 (licitur
696 1096 780 1116 uuus
802 1087 930 1117 habitus

155 1139 300 1180 simplex.
327 1139 480 1176 Quamvis
494 1139 580 1169 euim
600 1140 748 1178 potentiae
774 1139 928 1170 ‹listiuctae

155 1193 229 1231 sint,
256 1193 467 1223 nihilominus
485 1195 591 1223 tamen
619 1193 796 1223 continuari
813 1193 930 1224 habent

154 1246 187 1276 in
201 1255 267 1276 uno
281 1246 434 1285 subjecto,
452 1246 572 1276 ratione
585 1247 676 1285 cujiis
692 1248 792 1285 potest
810 1255 877 1276 esse
894 1246 928 1276 in

154 1300 201 1331 eis
216 1299 322 1331 unitas
337 1299 547 1340 proprietatis,
563 1299 642 1329 sicut
664 1308 728 1329 una
743 1299 860 1329 sanitas
876 1308 929 1339 po-

153 1354 241 1384 nitur
254 1362 321 1384 esse
335 1353 368 1383 in
384 1353 492 1384 multis
512 1353 665 1383 membris
685 1353 825 1392 corporis
846 1354 926 1385 intc-

155 1407 233 1443 rius
247 1409 277 1437 et
291 1415 356 1436 una
370 1406 520 1437 honestas
534 1406 568 1436 in
583 1406 692 1436 multis
708 1407 860 1436 exterius.
881 1407 927 1437 Ex

155 1459 204 1490 his
225 1461 324 1499 potest
348 1459 418 1489 elici
434 1482 441 1495 ,
457 1462 487 1489 et
502 1459 610 1489 haberi
627 1459 829 1497 generaliter,
850 1460 927 1499 quid

153 1512 193 1542 sit
214 1513 393 1552 subjectum
416 1512 582 1551 cujuslibet
599 1512 738 1547 virtutis,
755 1514 784 1542 et
800 1513 876 1551 quid
890 1513 929 1543 sit

153 1565 249 1596 etiam
273 1566 454 1605 subjectum
481 1565 649 1604 cujuslibet
677 1565 754 1601 vitii,
771 1565 837 1595 sive
859 1575 929 1604 pcc-

154 1618 224 1649 cati.
250 1618 355 1649 Potest
375 1619 470 1649 etiam
490 1619 600 1649 haberi
615 1619 836 1649 determinatio
853 1628 927 1658 pro-

154 1671 264 1711 positae
293 1672 487 1710 quaestionis,
514 1671 659 1701 videlicet
686 1672 763 1711 quid
790 1672 827 1702 sit
852 1673 926 1702 sub-

150 1726 272 1764 Jectum
295 1725 379 1756 fidei.
404 1724 484 1755 Nam
498 1725 580 1761 licet,
604 1725 808 1764 inquantum
825 1726 928 1756 virtus

153 1778 335 1816 meritoria,
363 1778 495 1809 dicenda
520 1778 559 1808 sit
582 1787 648 1808 esse
671 1778 702 1808 in
724 1779 822 1809 libero
840 1779 927 1809 arbi-

153 1831 215 1862 trio
229 1842 237 1869 ;
264 1831 297 1861 in
319 1834 480 1871 quantum
504 1834 613 1862 tamen
632 1835 678 1862 est
704 1832 832 1863 habitus
858 1833 928 1863 red·

153 1885 230 1916 dens
240 1885 414 1925 potentiam
425 1885 560 1924 facilem,
574 1886 719 1925 ponenda
730 1888 775 1916 est
788 1887 926 1926 quodam

153 1937 248 1969 modo
263 1938 298 1968 in
312 1939 453 1978 potentia
467 1939 645 1978 cognitiva,
662 1939 743 1969 sicut
758 1940 928 1971 ostendunt

153 1990 291 2021 rationes
316 1991 355 2022 ad
377 1992 514 2031 primam
540 1994 660 2031 partem
681 2002 687 2021 ι
713 1993 866 2032 quoniam
889 1993 926 2023 ad

152 2043 248 2074 fidem
263 2044 399 2084 pertinet
411 2045 563 2084 cogitare,
583 2046 622 2076 ad
635 2046 709 2076 fidei
722 2046 928 2085 proprietates

152 2097 290 2137 pertinet
301 2097 483 2128 illuminare
495 2121 503 2134 ,
518 2099 550 2128 et
564 2098 718 2128 rationein
736 2098 925 2137 reformare,

152 2156 183 2184 et
211 2152 407 2184 intellectum
434 2153 610 2193 captivare;
644 2153 703 2193 ipsi
731 2154 827 2184 etiam
855 2153 927 2184 fidei

152 2206 292 2237 succedit
307 2206 414 2237 videre
430 2215 438 2237 :
455 2215 528 2246 quae
543 2207 652 2237 omnia
668 2207 839 2247 respiciunt
854 2217 927 2247 cog-

152 2259 318 2290 nitionem.
336 2258 408 2289 Ideo
427 2259 565 2290 rationes
580 2260 619 2290 ad
635 2263 755 2300 partem
773 2260 860 2290 illam
875 2261 926 2291 in⁴

153 2312 273 2351 ductae,
298 2314 373 2343 sunt
398 2312 618 2344 concedendae.
646 2312 708 2344 Nec
730 2314 775 2344 eis
797 2313 928 2344 obviant

154 2365 291 2396 rationes
312 2365 350 2397 ad
372 2366 575 2406 oppositum;
593 2366 747 2407 quoniam
760 2367 833 2397 licet
850 2367 928 2398 fides

154 2418 301 2458 respiciat
312 2425 420 2450 actum
434 2420 583 2460 potentiae
599 2421 770 2460 cognitivae
780 2445 787 2459 ,
805 2430 869 2451 non
883 2423 928 2451 tzi-

154 2479 228 2501 men
250 2471 356 2511 ipsum
384 2472 511 2513 respicit
538 2473 671 2504 omnino
693 2483 772 2513 pure
787 2498 794 2511 ,
817 2474 870 2504 sed
894 2474 926 2504 in

185 2533 259 2558 ¹Hoc
271 2534 349 2559 habet
361 2535 491 2567 MagiSter,
501 2536 546 2560 lib.
562 2537 591 2566 ΙΙ,
607 2536 665 2560 dist.
681 2542 752 2568 xx1v,
766 2544 788 2561 c.
800 2536 925 2568 Liberum,

152 2571 220 2593 etex
230 2569 387 2601 Augustino,
397 2570 426 2594 de
440 2571 540 2602 Irinit„
551 2571 595 2596 lib.
611 2572 664 2601 xli,
679 2579 701 2596 c.
717 2578 773 2596 vin.
785 2585 815 2590 —
827 2573 837 2589 ²
851 2575 926 2604 Hug.,

152 2604 181 2628 (Ie
197 2604 322 2635 Sacram„
347 2605 391 2629 lib.
409 2606 428 2637 I,
443 2613 468 2636 p.
484 2612 510 2636 x,
527 2614 550 2631 c.
566 2613 595 2633 11.
607 2620 637 2626 ——
651 2608 662 2625 ³
675 2608 715 2639 Cf.
729 2608 801 2632 Alex.
817 2608 925 2638 Alensis,

152 2646 177 2671 p.
193 2641 233 2670 III,
252 2640 309 2665 coll.
326 2642 365 2670 30,
381 2644 428 2664 art.
449 2643 476 2671 25
492 2642 519 2666 S.
536 2642 592 2673 Th„
613 2643 676 2671 ll-ll,
692 2650 715 2674 q.
735 2649 769 2674 iv,
787 2646 834 2667 art.
850 2644 877 2673 6;
902 2645 927 2667 et

1699 172 1758 202 489

986 239 1142 276 quantum
1154 237 1249 267 habet
1263 237 1461 267 affectionem
1477 237 1754 276 convomit-antem,

987 292 1017 319 et
1046 290 1184 329 quodam
1214 290 1306 321 modo
1334 292 1599 329 postsequentem.
1625 289 1663 320 Et
1688 290 1758 320 i·i‹·o

987 342 1082 372 etiam
1106 352 1231 373 necesse
1253 345 1300 373 est
1322 351 1456 382 ponere,
1473 342 1559 382 quod
1577 342 1654 372 fides
1675 351 1758 381 quo-

988 395 1061 425 dam
1076 396 1170 425 modo
1184 396 1223 425 sit
1245 396 1279 426 in
1293 395 1459 425 affectione
1473 419 1480 432 ,
1497 395 1580 425 sicut
1594 395 1670 425 dicit
1688 404 1758 425 ma-

987 448 1086 486 gister
1100 448 1195 487 Hugo
1210 449 1247 478 de
1260 448 1291 479 S.
1308 448 1464 478 Yirtore’.
1483 448 1517 478 Et
1533 448 1604 485 hoc,
1622 448 1697 488 quia
1713 451 1759 478 est

988 500 1115 531 habitus
1129 501 1329 531 voluntarius
1342 525 1349 539 ,
1368 504 1397 531 et
1413 510 1502 531 amor
1522 501 1687 532 ordinatus
1705 511 1712 532 :
1730 505 1759 532 et

988 553 1059 583 talis
1073 555 1197 583 naturae
1215 556 1260 583 est
1281 557 1368 584 actus
1389 555 1459 593 ejus
1471 579 1478 591 ,
1496 555 1580 594 quod
1596 555 1632 585 ad
1654 555 1758 594 ipsum

989 616 1082 637 nemo
1105 608 1204 646 potest
1227 607 1297 646 cogi
1323 607 1453 637 invitus.
1477 607 1513 637 Et
1537 608 1606 637 ideo
1629 608 1758 638 concedi

989 662 1119 699 possunt
1136 660 1288 696 rationes,
1311 668 1384 698 quae
1408 663 1482 690 suut
1502 660 1540 690 ad
1562 663 1683 699 partem
1708 670 1758 691 se-

987 714 1150 752 quentem.
1169 712 1258 749 Quod
1273 715 1380 743 autem
1396 713 1532 742 rationes
1547 713 1605 742 sibi
1622 714 1759 744 invicem

988 775 1051 797 uon
1071 767 1216 804 obvient,
1241 767 1294 797 sed
1320 768 1465 806 utraeque
1491 776 1602 797 verum
1628 768 1760 798 conclu-

986 819 1061 851 dant
1074 843 1082 856 ,
1099 820 1174 849 satis
1198 821 1280 849 clare
1302 822 1401 859 potest
1423 820 1549 857 videre,
1571 821 1596 850 si
1616 821 1687 859 quis
1704 830 1761 860 po-

986 875 1045 903 test
1062 882 1188 912 capere,
1206 873 1290 912 quod
1306 872 1344 903 ad
1360 882 1426 903 esse.
1451 873 1522 903 fidei
1540 873 1666 903 virtutiS
1682 883 1760 904 con—

986 927 1086 957 currit
1107 928 1195 956 actus
1218 925 1348 956 rationis
1375 925 1471 955 simul
1500 928 1530 955 et
1562 925 1732 956 voluntatis
1752 938 1758 957 :

986 979 1072 1019 quod
1087 979 1166 1009 bene
1181 978 1465 1018 innuItApostolus
1483 978 1516 1008 in
1534 977 1601 1017 ipsa
1618 979 1760 1010 notifica-

985 1034 1070 1064 tione
1085 1033 1168 1070 fidei,
1179 1042 1251 1063 cuni
1267 1032 1341 1062 dicit
1356 1031 1453 1070 fiderit
1466 1040 1530 1064 esse
1544 1032 1760 1064 substantiam

986 1095 1089 1118 rernm
1115 1086 1361 1125 sperandarum,
1379 1090 1597 1125 ιιιῃῑιηιεηίιιιη
1616 1094 1680 1118 non
1702 1095 1762 1126 ap-

985 1140 1187 1179 parentium,
1204 1142 1339 1178 tangens
1361 1139 1444 1178 quod
1471 1141 1517 1168 est
1542 1139 1573 1168 in
1596 1148 1632 1169 ea
1648 1140 1760 1178 cogni-

985 1193 1081 1223 tionis
1097 1217 1105 1229 ,
1130 1194 1161 1222 et
1182 1192 1265 1231 quod
1287 1194 1334 1221 est
1366 1192 1554 1222 affectionis.
1588 1191 1760 1232 Nunquam

986 1246 1071 1275 enim
1098 1245 1176 1275 fides
1203 1247 1283 1275 esset
1312 1245 1435 1280 virtus,
1461 1247 1760 1285 quantumcumque

986 1299 1180 1329 intellectum
1193 1299 1403 1334 illuminaret,
1420 1299 1481 1328 nisi
1497 1299 1593 1329 etiam
1609 1299 1762 1330 volunta-

986 1356 1050 1383 tem
1076 1353 1214 1392 quodam
1239 1353 1333 1383 modo
1354 1353 1543 1384 rectificaret
1559 1364 1565 1384 :
1582 1353 1662 1384 sicut
1679 1356 1763 1394 patet

985 1407 1016 1436 in
1033 1406 1116 1436 dono
1139 1407 1330 1446 prophetice,
1348 1406 1423 1445 quia
1440 1406 1601 1436 illuminat
1617 1406 1761 1437 intellec-

985 1462 1053 1490 tum
1076 1460 1113 1490 ad
1135 1461 1262 1496 eadem,
1281 1460 1318 1490 {ul
1339 1468 1411 1499 quae
1437 1459 1597 1489 illuminat
1618 1460 1714 1497 fidem
1732 1463 1762 1491 et

985 1516 1091 1544 tamen
1108 1523 1172 1544 non
1188 1515 1318 1553 ponitur
1338 1523 1405 1544 esse
1421 1514 1524 1543 virtus
1537 1537 1545 1548 ,
1561 1513 1713 1552 quoniam
1726 1514 1760 1544 in

985 1567 1037 1597 illa
1053 1567 1287 1598 illuminatione
1302 1576 1366 1597 non
1386 1568 1575 1606 cooperatur
1592 1567 1740 1597 voluntas
1751 1592 1759 1605 ,

987 1619 1163 1649 secundum
1179 1618 1262 1658 quoti
1285 1620 1473 1657 cooperatur
1489 1618 1521 1647 in
1537 1618 1609 1648 fidei
1627 1627 1760 1649 assensu

990 1675 1020 1702 et
1035 1674 1119 1702 actu.
1136 1671 1183 1702 Ex
1198 1671 1248 1701 his
1269 1673 1374 1710 patere
1390 1673 1521 1710 possunt
1539 1680 1594 1709 ea,
1611 1680 1683 1710 quae
1700 1671 1760 1702 ob-

980 1728 1065 1767 jecta
1080 1729 1173 1765 sunt,
1190 1729 1221 1757 et
1234 1726 1409 1757 consimilia
1421 1750 1428 1763 ,
1444 1735 1516 1765 quae
1532 1726 1612 1756 circa
1625 1727 1685 1757 hoc
1697 1726 1757 1757 ob-

982 1781 1037 1820 jici
1056 1782 1197 1820 possunt.

1245 1880 1424 1917 QUAESTIO
1447 1880 1502 1911 ΙΙΙ.

1186 1967 1231 1993 An
1245 1966 1308 2000 fides
1321 1966 1359 1992 sit
1373 1973 1429 1992 una
1443 1967 1529 1992 virtus
1544 1965 1564 1992 ³.

1026 2046 1138 2076 Utrum
1153 2045 1230 2075 fides
1251 2045 1289 2075 sit
1312 2045 1414 2074 virtus
1433 2054 1518 2082 una;
1536 2047 1566 2075 et
1587 2046 1673 2085 quod
1696 2046 1739 2076 sic
1753 2070 1761 2082 ,

986 2099 1121 2129 videtur.
1139 2098 1258 2128 Dicitur
1269 2100 1279 2116 ⁴
1296 2107 1304 2127 :
1326 2097 1412 2129 Unus
1428 2098 1524 2135 Deus,
1542 2106 1608 2130 una
1625 2098 1714 2137 fides,
1732 2102 1762 2130 et

985 2161 1085 2184 mizon
1114 2152 1283 2191 baptisma.
1312 2150 1370 2181 Sed
1407 2151 1564 2190 baptisma
1605 2153 1762 2182 unitatem

986 2205 1080 2236 habet
1093 2204 1268 2235 secundum
1284 2204 1436 2243 speciem,
1457 2205 1543 2244 quod
1563 2205 1691 2244 quidem
1717 2207 1762 2235 est

985 2260 1219 2290 sacramentum
1235 2257 1307 2288 fidei
1323 2268 1330 2287 ε
1345 2266 1422 2296 ergo
1436 2257 1565 2288 videtur
1580 2258 1682 2288 multo
1697 2258 1761 2288 for-

984 2313 1060 2350 tius,
1077 2311 1161 2351 quod
1178 2313 1208 2341 et
1222 2311 1289 2350 ipsa
1302 2310 1390 2348 fides,
1408 2312 1468 2341 etc.

1024 2365 1103 2395 Item
1114 2365 1124 2382 ⁸
1141 2375 1148 2395 :
1165 2364 1257 2395 Nunc
1272 2365 1402 2394 manent
1415 2363 1509 2402 fides,
1526 2371 1616 2402 spes,
1634 2366 1664 2395 et
1681 2363 1761 2394 cha-

984 2420 1078 2456 ritas,
1097 2418 1165 2450 tria
1179 2417 1244 2448 hoec
1260 2426 1270 2446 .-
1289 2416 1343 2447 sed
1357 2425 1428 2456 spes
1443 2418 1474 2446 et
1490 2416 1628 2446 charitas
1643 2416 1762 2446 habent

985 2472 1140 2503 unitatem
1155 2470 1332 2501 secundum
1347 2469 1482 2509 speciem
1501 2480 1508 2500 ι
1525 2478 1603 2508 ergo
1618 2471 1650 2500 et
1669 2469 1758 2500 fides.

986 2536 1016 2559 ΙΙΙ
1032 2536 1110 2563 Seni„
1127 2534 1185 2558 dist.
1201 2539 1279 2564 xxin,
1295 2540 1320 2564 q.
1334 2539 1362 2563 u,
1376 2534 1423 2556 art.
1436 2533 1463 2563 ὧς
1477 2534 1503 2556 et
1517 2532 1546 2556 tle
1562 2533 1649 2561 Ver-it„
1662 2539 1688 2563 q.
1704 2538 1760 2563 xiv,

984 2573 1031 2595 nrt.
1050 2572 1094 2601 ¹25
1110 2569 1239 2598 Richard..
1258 2569 1290 2593 ΙΙΙ
1305 2568 1384 2598 δεῖνα..
1403 2568 1461 2592 dist.
1478 2574 1555 2598 xxm,
1571 2570 1619 2592 art.
1637 2569 1660 2597 4,
1674 2574 1698 2599 q.
1714 2574 1758 2598 111;

985 2606 1108 2637 Stephau.
1117 2604 1220 2636 Brulef„
1231 2605 1263 2629 ΙΙΙ
1274 2604 1353 2634 Seni„
1361 2603 1417 2628 dist.
1432 2609 1507 2632 xxm,
1517 2610 1540 2634 q⁴
1555 2609 1632 2628 111.—
1641 2603 1757 2635 ιἘ’ρΙιεε.,

984 2647 1020 2672 w,
1031 2643 1054 2666 5.
1066 2654 1096 2660 -—-
1107 2641 1117 2659 ⁸
1131 2641 1138 2665 Ι
1153 2640 1222 2670 Corn,
1235 2645 1292 2669 xm,
1312 2640 1347 2663 13.

1778 2065 1882 2087 Fundam.
