2017 2960
240 214 297 245 ΜΞ

799 209 1109 243 SENTENTIARUM
1131 210 1203 242 LlB.
1229 210 1281 240 ΙΙΙ.

240 282 418 326 corrumpi,
436 292 495 314 nec
511 281 632 314 mutari
647 279 800 324 potuerit.
827 278 891 311 Sed
915 277 1078 322 quidquid
1099 277 1218 311 horum
1232 288 1347 322 passus
1363 281 1421 320 est,
1437 280 1472 312 in
1487 291 1583 313 carne
1606 291 1719 324 passus
1737 284 1795 314 est.
1820 292 1837 312 i)

241 341 286 374 De
302 340 362 373 hoc
377 340 474 373 etiam
491 338 686 372 Ambrosius
700 337 733 369 in
748 337 833 369 libro
849 336 888 369 de
908 336 1157 369 Incarncztiom's
1180 335 1363 369 Domim'coe
1377 337 1593 371 Sacramento
1608 338 1658 372 ait
1687 351 1694 370 :
1717 351 1732 369 «
1747 337 1842 378 Quod

242 398 343 432 Yerbi
374 409 447 431 caro
472 397 676 442 patiebatur,
709 407 845 428 manens
868 395 902 427 in
928 406 1024 428 carne
1049 394 1198 428 Verbum
1222 394 1258 426 in
1285 406 1319 427 se
1355 405 1413 438 pro
1450 396 1593 439 corporis
1620 396 1843 441 assumptione

243 456 414 496 referebat,
432 460 467 487 ut
483 454 548 499 pati
563 454 737 495 diceretur,
753 454 831 498 quia
846 464 920 486 caro
935 452 1131 497 patiebatur,
1148 452 1231 484 sicut
1246 452 1402 496 scriptum
1418 456 1465 485 est
1488 452 1498 468 ²
1515 465 1521 485 :
1543 453 1671 487 Christo
1690 455 1726 487 in
1746 465 1844 488 carne

241 525 351 559 passo.
367 526 383 543 ³>
399 513 458 545 Hic
472 512 618 554 docetur,
637 524 703 557 qua
718 512 842 545 ratione
858 512 946 544 Deus
961 511 1013 543 vel
1029 510 1085 543 Dei
1101 510 1206 543 Filius
1221 521 1334 555 passus
1356 510 1407 543 vel
1432 514 1582 544 mortuus
1605 511 1724 544 dicitur
1748 524 1755 544 :
1777 523 1844 545 non

246 572 324 616 quia
352 575 491 604 mortem
519 571 655 604 senserit
683 571 716 603 iu
745 574 908 615 quantum
935 569 1022 601 Deus
1050 573 1114 610 est,
1151 568 1207 601 sed
1243 568 1321 612 quia
1346 579 1420 601 caro
1447 569 1476 601 ei
1506 569 1599 602 unita
1627 573 1757 603 mortua
1784 576 1840 604 est.

248 629 436 662 Secundum
465 640 565 674 quam
595 629 755 662 rationem
783 628 861 661 dicit
882 627 1092 670 Augustinus
1116 635 1126 651 ³
1158 639 1164 659 :
1196 640 1212 657 «
1238 626 1274 659 Si
1297 626 1372 670 quis
1397 627 1518 659 dixerit
1546 631 1644 671 atque
1674 627 1845 661 crediderit

247 688 369 721 Filium
395 687 453 720 Dei
476 688 581 720 Deum
604 699 751 732 passum,
775 687 949 719 anathema
973 685 1026 718 sit.
1051 698 1067 716 »
1094 684 1196 729 Cujus
1216 684 1294 717 dicti
1318 695 1449 718 causam
1473 696 1513 717 ex
1534 696 1600 729 qua
1626 685 1845 728 intelligentia

248 745 407 779 sumenda
421 746 474 786 sit,
491 746 639 790 aperiens
654 745 689 778 in
713 745 826 778 eodem
851 743 962 777 subdit
985 756 992 775 ;
1019 756 1035 775 «
1060 743 1095 775 Si
1115 743 1191 787 quis
1215 742 1335 776 dixerit
1359 743 1447 787 quod
1472 743 1507 775 in
1528 743 1675 787 passione
1697 742 1844 776 dolorem

249 804 405 837 sentiebat
420 803 525 836 Filius
538 803 597 836 Dei
610 804 708 844 Deus,
725 807 756 835 et
770 813 837 835 non
852 813 926 834 caro
941 804 1069 834 tantum
1084 812 1159 834 cum
1170 800 1281 834 anima
1292 811 1391 845 quam
1403 801 1464 833 sibi
1479 804 1656 845 acceperat,
1673 800 1847 834 anathema

249 863 301 895 sit.
327 875 343 893 »
371 862 457 895 Sane
477 872 554 905 ergo
576 861 638 894 dici
659 864 762 905 potest
785 860 872 904 quod
895 863 1044 892 mortuus
1065 862 1112 891 est
1132 859 1236 899 Deus,
1260 863 1292 891 et
1313 870 1379 891 non
1408 862 1570 899 mortuus,
1597 870 1710 903 passus
1725 862 1772 891 est
1789 858 1847 891 Dei

248 921 366 962 Filius,
383 924 413 952 et
428 931 492 952 non
509 931 634 964 passus,
658 930 752 963 passa
772 922 819 951 est
838 918 937 951 tertia
956 928 1114 961 persona,
1136 922 1166 949 et
1188 927 1255 949 non
1278 928 1382 960 passa,
1400 916 1595 949 crucifixum
1620 920 1667 949 est
1681 916 1843 957 Verbum,

250 983 281 1011 et
307 990 373 1011 non
400 977 608 1020 crucifixum,
654 977 708 1009 sed
739 976 919 1009 secundum
946 975 1082 1008 alteram
1104 979 1255 1007 naturam
1279 985 1392 1018 passus
1413 977 1471 1014 est,
1502 974 1683 1006 secundum
1711 974 1846 1006 alteram

251 1036 471 1081 impassibilis.
487 1035 581 1068 Unde
596 1035 790 1068 Ambrosius
818 1037 827 1053 ⁶
846 1047 852 1066 :
873 1047 889 1066 «
905 1033 1073 1066 Generalis
1088 1033 1149 1065 ista
1164 1036 1211 1065 est
1226 1032 1307 1065 fides
1322 1031 1401 1076 quia
1416 1031 1564 1064 Christus
1584 1035 1631 1064 est
1657 1032 1716 1064 Dei
1730 1031 1848 1073 Filius,

251 1099 282 1128 et
296 1099 392 1128 natus
407 1105 446 1127 ex
461 1094 611 1137 Virgine,
629 1105 727 1138 quem
742 1092 836 1137 quasi
851 1092 1017 1135 gigantem
1032 1090 1196 1135 Propheta
1214 1090 1378 1130 describit,
1406 1100 1442 1122 eo
1467 1090 1555 1134 quod
1578 1089 1728 1122 biformis
1749 1088 1851 1133 gemi-

250 1164 367 1201 naeque
382 1156 506 1186 naturae
526 1164 613 1185 unus
637 1152 693 1191 sit,
720 1162 852 1184 consors
870 1149 1051 1183 divinitatis
1075 1153 1106 1182 et
1131 1149 1286 1193 corporiS.
1309 1148 1398 1180 Idem
1423 1159 1500 1191 ergo
1526 1147 1711 1192 patiebatur
1731 1151 1763 1180 et
1783 1158 1850 1180 non

250 1211 446 1256 patiebatur,
465 1210 667 1243 moriebatur
684 1213 714 1242 et
729 1220 795 1242 non
811 1208 1025 1249 moriebatur,
1042 1207 1261 1252 sepeliebatur
1277 1209 1307 1238 et
1322 1217 1388 1238 non
1403 1205 1634 1249 sepeliebatur,
1661 1205 1851 1248 resurgebat

252 1274 284 1303 et
297 1280 363 1302 non
378 1268 580 1311 resurgebat.
598 1267 801 1310 Resurgebat
816 1266 995 1299 secundum
1011 1276 1142 1298 carnem
1157 1291 1164 1307 ,
1181 1275 1254 1309 quae
1278 1267 1409 1297 mortua
1428 1262 1552 1305 fuerat,
1581 1274 1647 1296 non
1672 1262 1852 1297 seeundum

255 1327 414 1369 Verbum,
430 1326 519 1371 quod
534 1325 622 1370 apud
637 1325 743 1358 Deum
759 1335 886 1368 semper
901 1323 1064 1357 manebat.
1082 1335 1099 1354 ³>

445 1463 648 1495 EXPOSlTIO
670 1461 834 1493 TEXTUS.

363 1553 421 1577 Post
434 1550 556 1582 praedicta
571 1547 784 1574 considerandum
800 1548 851 1577 est,
869 1548 916 1570 etc.

294 1630 398 1670 Supra
412 1628 479 1667 egit
493 1627 644 1666 Magister
657 1625 695 1656 de
710 1623 921 1655 sacratissima
938 1622 1027 1653 Chri-

254 1685 293 1715 sti
315 1684 478 1724 passione3
495 1682 529 1711 in
550 1681 609 1711 hac
631 1688 706 1711 vero
722 1679 810 1718 parte
826 1677 893 1716 agit
909 1676 946 1707 de
960 1685 1028 1716 pre-

253 1737 422 1769 tiosissima
438 1737 507 1775 ejus
524 1736 637 1770 morte,
655 1741 728 1772 quae
740 1731 881 1762 consistit
894 1731 926 1760 in
941 1738 1030 1769 sepa-

254 1792 375 1823 ratione
391 1789 508 1819 animae
523 1797 541 1817 a
554 1795 659 1817 carne.
678 1784 834 1815 Dividitur
849 1785 957 1814 autem
971 1783 1030 1813 ista

256 1855 328 1886 pars
339 1845 372 1875 in
383 1844 471 1880 duas,
482 1843 516 1873 in
526 1850 665 1882 quarum
677 1839 781 1879 prima
790 1838 980 1869 determinat
992 1837 1030 1868 de

257 1899 323 1939 ipsa
338 1897 553 1938 separatione3
572 1895 605 1924 in
620 1892 758 1923 secunda
773 1892 842 1931 agit
866 1891 903 1921 de
920 1899 1032 1921 conse-

257 1952 427 1993 quentibus
442 1950 543 1990 ipsam
558 1947 806 1987 separationem,
824 1946 905 1975 infra
919 1946 929 1961 ⁵
948 1954 953 1972 :
970 1944 1031 1975 Hic

257 2006 415 2046 quoerz'tur
435 2006 542 2034 utrum
565 2002 599 2033 in
622 2000 675 2032 ‘illo
701 1999 827 2036 triduo,
844 2000 902 2028 etc.
926 1997 1033 2028 Prima

258 2069 331 2100 pars
359 2057 511 2089 dividitur
537 2055 569 2085 in
596 2054 674 2084 duas
693 2054 817 2093 partes,
840 2051 871 2081 in
894 2060 1032 2090 quarum

259 2113 362 2154 prima
379 2111 447 2150 agit
461 2110 498 2140 de
513 2107 710 2148 separatione
729 2105 845 2136 animae
859 2115 877 2135 a
892 2113 986 2135 carne
1000 2104 1033 2134 in

261 2165 496 2206 comparatione
519 2162 558 2193 ad
577 2161 741 2197 deitatem3
758 2160 793 2189 in
809 2158 946 2189 secunda
968 2157 1035 2197 agit

262 2221 300 2251 de
327 2218 526 2259 separatione
551 2215 667 2246 animze
694 2223 712 2244 a
740 2221 834 2243 earne
857 2211 1035 2242 secundum

263 2272 532 2313 comparationem
554 2269 656 2306 hanc,
679 2276 776 2307 quam
797 2266 915 2296 habent
932 2265 970 2295 ad
984 2264 1036 2294 in-

263 2328 378 2363 vicem,
393 2326 436 2356 ihi
455 2336 461 2355 :
480 2322 650 2355 Decedentc
674 2328 747 2353 vero
769 2321 892 2357 anima,
912 2320 1037 2350 mortua

263 2385 306 2415 est
337 2380 458 2412 Christi
481 2385 564 2409 caro.
596 2375 702 2406 Prima
726 2382 799 2413 pars
827 2372 981 2403 dividitur
1003 2372 1037 2402 in

265 2436 344 2467 duas
354 2435 469 2474 partes,
478 2432 510 2462 in
521 2438 658 2470 quarum
671 2428 774 2468 prima
784 2426 918 2466 inquirit
927 2429 1038 2457 utrum

265 2490 296 2519 in
307 2490 408 2519 morte
419 2485 526 2516 anima
535 2484 586 2514 vel
602 2492 674 2513 caro
687 2482 727 2511 sit
740 2482 883 2521 separata
893 2489 911 2510 a
923 2479 1037 2518 Verbo,

266 2540 480 2573 determinans
490 2537 656 2569 veritatem
669 2546 676 2572 3
692 2535 725 2565 in
736 2534 873 2565 secunda
884 2535 971 2572 parte
980 2532 1040 2563 hoc

268 2595 435 2626 confirmat
454 2601 509 2632 per
523 2589 758 2626 auctoritatem,
780 2588 823 2618 ihi
842 2598 848 2617 :
869 2587 957 2618 Sicut
972 2587 1038 2618 Αῑι-

269 2648 417 2688 qustimcs
439 2645 527 2677 docet
545 2651 640 2684 super
657 2644 829 2678 Joannem,
851 2643 908 2671 etc.
937 2640 1042 2670 Prima

304 2711 310 2725 ¹
329 2709 424 2738 Amba,
443 2708 471 2731 (Ie
490 2708 585 2732 lawarn.
605 2707 685 2735 Dom,
703 2713 724 2729 c,
740 2711 763 2735 V,
783 2712 808 2728 n.
826 2705 861 2728 let.
880 2717 901 2720 -—
918 2703 1037 2732 ¹1Pe!›·.‚

1085 1469 1157 1501 pars
1170 1461 1323 1493 dividitur
1337 1462 1371 1492 in
1386 1463 1523 1502 quatuor
1537 1462 1652 1502 partes,
1669 1460 1703 1491 in
1719 1468 1857 1501 quarum

1082 1515 1186 1554 prima
1200 1515 1347 1555 proponit
1363 1515 1515 1555 Magister
1525 1515 1747 1555 quaestionem,
1759 1515 1790 1545 et
1803 1523 1858 1554 op-

1083 1568 1172 1608 ponit
1186 1569 1224 1599 ad
1237 1570 1359 1609 partem
1374 1568 1568 1609 oppositam;
1585 1568 1618 1598 in
1629 1567 1767 1599 secunda
1780 1576 1857 1599 vero

1083 1622 1252 1662 subjungit
1276 1622 1573 1653 determinationem
1593 1645 1600 1659 ‚
1630 1620 1674 1651 ibi
1699 1631 1706 1651 τ
1739 1620 1857 1656 Quibus

1084 1675 1310 1716 respondemus
1329 1676 1434 1713 illam,
1451 1678 1529 1713 etc.;
1557 1675 1591 1705 in
1614 1674 1706 1705 tertia
1724 1674 1859 1706 resumit

1085 1730 1293 1769 objectionem
1320 1730 1417 1769 partis
1440 1729 1592 1765 adversae,
1610 1728 1758 1760 ibi:Alz‘z·
1780 1736 1856 1768 quo·

1085 1792 1143 1824 que
1166 1783 1353 1815 auctoritati
1375 1783 1577 1819 innituntur,
1600 1784 1671 1818 etc.;
1693 1781 1727 1811 in
1745 1782 1859 1821 quarta

1085 1846 1181 1875 vero,
1198 1839 1228 1868 et
1248 1837 1380 1873 ultima,
1397 1837 1486 1877 ponit
1505 1836 1800 1867 determinationem
1829 1837 1860 1866 et

1086 1890 1317 1930 expositionem
1330 1890 1524 1920 auctoritatis
1538 1889 1689 1926 inductae,
1704 1889 1747 1918 ibi
1763 1900 1769 1919 :
1786 1889 1860 1924 Oui-

1088 1945 1143 1976 bus
1168 1944 1402 1984 respondemus,
1426 1944 1511 1984 quod
1533 1945 1569 1975 tn
1590 1943 1640 1975 his
1662 1942 1777 1981 verbis,
1799 1943 1858 1973 ete.

1088 1999 1324 2029 Subclix⁷1siones
1346 2000 1454 2028 autem
1478 1998 1617 2038 partium
1636 1997 1771 2028 aliarum
1787 1995 1862 2027 satis

1088 2053 1332 2084 manifestantur
1348 2052 1379 2082 in
1396 2052 1509 2082 littera.

1421 2141 1488 2163 DUB.
1512 2141 1534 2161 1.

1325 2202 1405 2225 Nemo
1418 2200 1481 2225 tollit
1497 2207 1553 2223 eam
1563 2218 1570 2230 ,
1583 2201 1630 2223 etc.

1132 2267 1246 2298 Contra
1264 2277 1270 2297 z
1292 2266 1324 2297 Si
1353 2274 1447 2296 nemo
1476 2264 1577 2305 potuit
1605 2263 1744 2294 animam
1771 2269 1863 2292 suam

1092 2321 1217 2358 tollere,
1233 2329 1327 2350 nemo
1342 2319 1445 2359 potuit
1459 2327 1532 2349 eum
1547 2326 1603 2357 per
1617 2314 1801 2347 violentiam
1816 2322 1865 2345 oc-

1093 2375 1214 2405 cidere:
1231 2382 1311 2412 ergo
1326 2373 1392 2413 ipse
1407 2381 1473 2403 non
1487 2371 1546 2402 fnit
1560 2371 1703 2401 mortuus
1717 2377 1774 2408 per
1788 2367 1865 2399 alie-

1094 2437 1170 2458 nam
1194 2426 1390 2464 violentiam,
1417 2425 1470 2456 sed
1488 2433 1543 2464 per
1565 2422 1727 2462 propriam
1751 2423 1866 2462 poten-

1094 2482 1171 2512 tiam
1188 2489 1196 2511 :
1212 2489 1291 2518 ergo
1307 2480 1365 2510 suit
1378 2477 1536 2509 homicida
1548 2476 1598 2506 sui
1612 2475 1723 2515 ipsius.

1136 2534 1228 2573 Resp.
1255 2532 1428 2563 Dicendum
1459 2529 1545 2570 quod
1569 2528 1723 2559 Dominus
1745 2526 1779 2557 in
1809 2526 1868 2557 isto

1096 2587 1194 2619 verbo
1210 2595 1274 2617 non
1287 2585 1358 2617 vult
1371 2583 1538 2615 excludere
1562 2581 1746 2614 violentiam
1764 2579 1866 2611 cruci-

1101 2670 1135 2694 ιν,
1148 2666 1169 2688 1.
1179 2663 1227 2681 -5
1243 2664 1319 2694 Aug„
1334 2662 1359 2686 iu
1373 2661 1419 2686 ser.
1436 2667 1460 2690 x,
1475 2660 1564 2685 homil.
1577 2666 1618 2691 ιιι,
1633 2659 1661 2683 ‹lt›
1673 2659 1739 2683 Coen.
1755 2658 1825 2682 Dora.
1839 2669 1867 2674 -

1107 2700 1116 2716 ⁴
1129 2699 1226 2728 Amhr.,
1236 2699 1264 2722 (Ie
1273 2699 1367 2722 lnearn.
1381 2697 1463 2727 Dom,
1477 2704 1498 2720 c.
1513 2702 1573 2727 v,n.
1585 2696 1701 2725 35‚36.--·
1712 2692 1866 2718 ⁵Dist.xx11.
