<?xml version="1.0" encoding="UTF-8"?>
<!DOCTYPE html PUBLIC "-//W3C//DTD XHTML 1.0 Transitional//EN"
    "http://www.w3.org/TR/xhtml1/DTD/xhtml1-transitional.dtd">
<html xmlns="http://www.w3.org/1999/xhtml" xml:lang="en" lang="en">
 <head>
  <title>
</title>
<meta http-equiv="Content-Type" content="text/html;charset=utf-8" />
  <meta name='ocr-system' content='tesseract 3.04.00' />
  <meta name='ocr-capabilities' content='ocr_page ocr_carea ocr_par ocr_line ocrx_word'/>
</head>
<body>
  <div class='ocr_page' id='page_1' title='image "./operaomniasixtiv04bonauoft/operaomniasixtiv04bonauoft_0032.png"; bbox 0 0 1997 2986; ppageno 0'>
   <div class='ocr_carea' id='block_1_1' title="bbox 250 208 285 235">
    <p class='ocr_par' dir='ltr' id='par_1_1' title="bbox 250 208 285 235">
     <span class='ocr_line' id='line_1_1' title="bbox 250 208 285 235; baseline -0.143 0"><span class='ocrx_word' id='word_1_1' title='bbox 250 208 285 235; x_wconf 84' lang='lat' dir='ltr'>to</span> 
     </span>
    </p>
   </div>
   <div class='ocr_carea' id='block_1_2' title="bbox 242 270 1014 531">
    <p class='ocr_par' dir='ltr' id='par_1_2' title="bbox 242 270 1014 531">
     <span class='ocr_line' id='line_1_2' title="bbox 244 270 1014 321; baseline 0.017 -21"><span class='ocrx_word' id='word_1_2' title='bbox 244 270 307 301; x_wconf 82' lang='lat' dir='ltr'>tius</span> <span class='ocrx_word' id='word_1_3' title='bbox 325 277 332 293; x_wconf 89' lang='lat'>¹</span> <span class='ocrx_word' id='word_1_4' title='bbox 349 273 386 304; x_wconf 82' lang='lat' dir='ltr'>de</span> <span class='ocrx_word' id='word_1_5' title='bbox 411 274 522 306; x_wconf 78' lang='lat' dir='ltr'>dextro</span> <span class='ocrx_word' id='word_1_6' title='bbox 547 280 575 307; x_wconf 86' lang='lat' dir='ltr'>ct</span> <span class='ocrx_word' id='word_1_7' title='bbox 598 278 725 310; x_wconf 84' lang='lat' dir='ltr'>sinistro</span> <span class='ocrx_word' id='word_1_8' title='bbox 741 289 748 310; x_wconf 73' lang='grc' dir='ltr'>ε</span> <span class='ocrx_word' id='word_1_9' title='bbox 767 281 811 311; x_wconf 89' lang='lat' dir='ltr'>sic</span> <span class='ocrx_word' id='word_1_10' title='bbox 832 281 1014 321; x_wconf 85' lang='lat' dir='ltr'>intelligen-</span> 
     </span>
     <span class='ocr_line' id='line_1_3' title="bbox 244 325 1013 374; baseline 0.014 -19"><span class='ocrx_word' id='word_1_11' title='bbox 244 325 320 356; x_wconf 89' lang='lat' dir='ltr'>dum</span> <span class='ocrx_word' id='word_1_12' title='bbox 337 330 382 357; x_wconf 86' lang='lat' dir='ltr'>est</span> <span class='ocrx_word' id='word_1_13' title='bbox 397 328 428 358; x_wconf 95' lang='lat' dir='ltr'>in</span> <span class='ocrx_word' id='word_1_14' title='bbox 447 331 617 369; x_wconf 83' lang='lat' dir='ltr'>proposito.</span> <span class='ocrx_word' id='word_1_15' title='bbox 637 332 671 363; x_wconf 80' lang='lat' dir='ltr'>Et</span> <span class='ocrx_word' id='word_1_16' title='bbox 686 336 785 372; x_wconf 85' lang='lat' dir='ltr'>potest</span> <span class='ocrx_word' id='word_1_17' title='bbox 798 335 893 365; x_wconf 69' lang='lat' dir='ltr'>etiam</span> <span class='ocrx_word' id='word_1_18' title='bbox 915 335 1013 374; x_wconf 82' lang='lat' dir='ltr'>liujus</span> 
     </span>
     <span class='ocr_line' id='line_1_4' title="bbox 243 379 1011 427; baseline 0.016 -20"><span class='ocrx_word' id='word_1_19' title='bbox 243 379 346 410; x_wconf 89' lang='lat' dir='ltr'>simile</span> <span class='ocrx_word' id='word_1_20' title='bbox 368 381 504 413; x_wconf 80' lang='lat' dir='ltr'>inveniri</span> <span class='ocrx_word' id='word_1_21' title='bbox 522 384 553 413; x_wconf 91' lang='lat' dir='ltr'>in</span> <span class='ocrx_word' id='word_1_22' title='bbox 574 385 691 415; x_wconf 90' lang='lat' dir='ltr'>unione</span> <span class='ocrx_word' id='word_1_23' title='bbox 708 387 786 416; x_wconf 84' lang='lat' dir='ltr'>radii</span> <span class='ocrx_word' id='word_1_24' title='bbox 802 390 830 417; x_wconf 75' lang='lat' dir='ltr'>ct</span> <span class='ocrx_word' id='word_1_25' title='bbox 849 389 985 427; x_wconf 67' lang='lat' dir='ltr'>crystalli</span> <span class='ocrx_word' id='word_1_26' title='bbox 1005 401 1011 420; x_wconf 71' lang='grc' dir='ltr'>ε</span> 
     </span>
     <span class='ocr_line' id='line_1_5' title="bbox 243 432 1012 481; baseline 0.013 -19"><span class='ocrx_word' id='word_1_27' title='bbox 243 432 268 462; x_wconf 88' lang='lat' dir='ltr'>si</span> <span class='ocrx_word' id='word_1_28' title='bbox 284 434 369 464; x_wconf 85' lang='lat' dir='ltr'>enim</span> <span class='ocrx_word' id='word_1_29' title='bbox 385 437 550 475; x_wconf 65' lang='lat' dir='ltr'>crystallus</span> <span class='ocrx_word' id='word_1_30' title='bbox 565 439 830 477; x_wconf 82' lang='lat' dir='ltr'>superinducatur</span> <span class='ocrx_word' id='word_1_31' title='bbox 845 442 1012 481; x_wconf 75' lang='lat' dir='ltr'>radiojam</span> 
     </span>
     <span class='ocr_line' id='line_1_6' title="bbox 242 485 1012 531; baseline 0.013 -15"><span class='ocrx_word' id='word_1_32' title='bbox 242 485 373 517; x_wconf 89' lang='lat' dir='ltr'>domum</span> <span class='ocrx_word' id='word_1_33' title='bbox 402 489 617 529; x_wconf 80' lang='lat' dir='ltr'>illuminanti,</span> <span class='ocrx_word' id='word_1_34' title='bbox 647 492 812 531; x_wconf 77' lang='lat' dir='ltr'>crystallus</span> <span class='ocrx_word' id='word_1_35' title='bbox 839 494 1012 526; x_wconf 86' lang='lat' dir='ltr'>illuminari</span> 
     </span>
    </p>
   </div>
   <div class='ocr_carea' id='block_1_3' title="bbox 242 539 1022 588">
    <p class='ocr_par' dir='ltr' id='par_1_3' title="bbox 242 539 1022 588">
     <span class='ocr_line' id='line_1_7' title="bbox 242 539 1022 588; baseline 0.014 -19"><span class='ocrx_word' id='word_1_36' title='bbox 242 539 375 579; x_wconf 85' lang='lat' dir='ltr'>dicitur,</span> <span class='ocrx_word' id='word_1_37' title='bbox 393 545 423 572; x_wconf 90' lang='lat' dir='ltr'>et</span> <span class='ocrx_word' id='word_1_38' title='bbox 444 552 461 573; x_wconf 80' lang='lat' dir='ltr'>a</span> <span class='ocrx_word' id='word_1_39' title='bbox 484 544 572 573; x_wconf 77' lang='lat' dir='ltr'>radio</span> <span class='ocrx_word' id='word_1_40' title='bbox 592 546 796 584; x_wconf 88' lang='lat' dir='ltr'>pertransiri,</span> <span class='ocrx_word' id='word_1_41' title='bbox 814 550 843 578; x_wconf 87' lang='lat' dir='ltr'>et</span> <span class='ocrx_word' id='word_1_42' title='bbox 867 548 895 578; x_wconf 91' lang='lat' dir='ltr'>ei</span> <span class='ocrx_word' id='word_1_43' title='bbox 917 558 1022 588; x_wconf 54' lang='lat' dir='ltr'>copuw</span> 
     </span>
    </p>
   </div>
   <div class='ocr_carea' id='block_1_4' title="bbox 231 593 1013 2448">
    <p class='ocr_par' dir='ltr' id='par_1_4' title="bbox 241 593 1013 798">
     <span class='ocr_line' id='line_1_8' title="bbox 242 593 1011 641; baseline 0.014 -19"><span class='ocrx_word' id='word_1_44' title='bbox 242 593 297 623; x_wconf 82' lang='lat' dir='ltr'>lari</span> <span class='ocrx_word' id='word_1_45' title='bbox 319 595 435 634; x_wconf 70' lang='lat' dir='ltr'>alisque</span> <span class='ocrx_word' id='word_1_46' title='bbox 452 597 629 628; x_wconf 81' lang='lat' dir='ltr'>mutatione</span> <span class='ocrx_word' id='word_1_47' title='bbox 652 599 731 630; x_wconf 78' lang='lat' dir='ltr'>sacta</span> <span class='ocrx_word' id='word_1_48' title='bbox 745 609 784 630; x_wconf 77' lang='lat' dir='ltr'>ex</span> <span class='ocrx_word' id='word_1_49' title='bbox 806 603 892 640; x_wconf 84' lang='lat' dir='ltr'>parte</span> <span class='ocrx_word' id='word_1_50' title='bbox 913 602 1011 641; x_wconf 82' lang='lat' dir='ltr'>radii,</span> 
     </span>
     <span class='ocr_line' id='line_1_9' title="bbox 241 645 1011 694; baseline 0.016 -20"><span class='ocrx_word' id='word_1_51' title='bbox 241 645 293 675; x_wconf 80' lang='lat' dir='ltr'>sed</span> <span class='ocrx_word' id='word_1_52' title='bbox 309 647 411 677; x_wconf 89' lang='lat' dir='ltr'>solum</span> <span class='ocrx_word' id='word_1_53' title='bbox 427 658 466 678; x_wconf 74' lang='lat' dir='ltr'>ex</span> <span class='ocrx_word' id='word_1_54' title='bbox 485 652 573 688; x_wconf 84' lang='lat' dir='ltr'>parte</span> <span class='ocrx_word' id='word_1_55' title='bbox 588 652 725 691; x_wconf 70' lang='lat' dir='ltr'>crystalli</span> <span class='ocrx_word' id='word_1_56' title='bbox 743 663 748 681; x_wconf 92' lang='lat'>:</span> <span class='ocrx_word' id='word_1_57' title='bbox 770 653 813 683; x_wconf 87' lang='lat' dir='ltr'>sic</span> <span class='ocrx_word' id='word_1_58' title='bbox 828 663 886 685; x_wconf 88' lang='lat' dir='ltr'>suo</span> <span class='ocrx_word' id='word_1_59' title='bbox 900 655 1011 694; x_wconf 89' lang='lat' dir='ltr'>modo,</span> 
     </span>
     <span class='ocr_line' id='line_1_10' title="bbox 241 698 1013 746; baseline 0.017 -19"><span class='ocrx_word' id='word_1_60' title='bbox 241 698 293 728; x_wconf 85' lang='lat' dir='ltr'>sed</span> <span class='ocrx_word' id='word_1_61' title='bbox 310 699 404 739; x_wconf 84' lang='lat' dir='ltr'>longe</span> <span class='ocrx_word' id='word_1_62' title='bbox 420 702 618 741; x_wconf 77' lang='lat' dir='ltr'>spiritualius</span> <span class='ocrx_word' id='word_1_63' title='bbox 630 730 638 743; x_wconf 88' lang='lat'>,</span> <span class='ocrx_word' id='word_1_64' title='bbox 656 706 899 746; x_wconf 83' lang='lat' dir='ltr'>intelligendum</span> <span class='ocrx_word' id='word_1_65' title='bbox 915 712 961 740; x_wconf 91' lang='lat' dir='ltr'>est</span> <span class='ocrx_word' id='word_1_66' title='bbox 980 710 1013 740; x_wconf 90' lang='lat' dir='ltr'>in</span> 
     </span>
     <span class='ocr_line' id='line_1_11' title="bbox 241 754 870 798; baseline 0.016 -17"><span class='ocrx_word' id='word_1_67' title='bbox 241 754 356 783; x_wconf 86' lang='lat' dir='ltr'>natura</span> <span class='ocrx_word' id='word_1_68' title='bbox 370 758 533 795; x_wconf 85' lang='lat' dir='ltr'>assumpta</span> <span class='ocrx_word' id='word_1_69' title='bbox 546 781 553 795; x_wconf 93' lang='lat'>,</span> <span class='ocrx_word' id='word_1_70' title='bbox 571 760 600 788; x_wconf 87' lang='lat' dir='ltr'>et</span> <span class='ocrx_word' id='word_1_71' title='bbox 616 768 751 798; x_wconf 84' lang='lat' dir='ltr'>persona</span> <span class='ocrx_word' id='word_1_72' title='bbox 765 760 870 791; x_wconf 73' lang='lat' dir='ltr'>Verbi.</span> 
     </span>
    </p>

    <p class='ocr_par' dir='ltr' id='par_1_5' title="bbox 236 807 1012 1641">
     <span class='ocr_line' id='line_1_12' title="bbox 279 807 1012 854; baseline 0.014 -19"><span class='ocrx_word' id='word_1_73' title='bbox 279 808 307 835; x_wconf 70' lang='lat'>4.</span> <span class='ocrx_word' id='word_1_74' title='bbox 333 807 381 837; x_wconf 79' lang='lat' dir='ltr'>Ad</span> <span class='ocrx_word' id='word_1_75' title='bbox 407 808 484 839; x_wconf 86' lang='lat' dir='ltr'>illud</span> <span class='ocrx_word' id='word_1_76' title='bbox 506 820 583 849; x_wconf 83' lang='lat' dir='ltr'>ergo</span> <span class='ocrx_word' id='word_1_77' title='bbox 604 813 688 851; x_wconf 88' lang='lat' dir='ltr'>quod</span> <span class='ocrx_word' id='word_1_78' title='bbox 713 814 902 853; x_wconf 84' lang='lat' dir='ltr'>opponitur,</span> <span class='ocrx_word' id='word_1_79' title='bbox 928 815 1012 854; x_wconf 85' lang='lat' dir='ltr'>quod</span> 
     </span>
     <span class='ocr_line' id='line_1_13' title="bbox 238 861 1012 905; baseline 0.013 -17"><span class='ocrx_word' id='word_1_80' title='bbox 238 868 333 890; x_wconf 90' lang='lat' dir='ltr'>omne</span> <span class='ocrx_word' id='word_1_81' title='bbox 348 861 470 892; x_wconf 80' lang='lat' dir='ltr'>uniliile</span> <span class='ocrx_word' id='word_1_82' title='bbox 485 865 531 893; x_wconf 87' lang='lat' dir='ltr'>est</span> <span class='ocrx_word' id='word_1_83' title='bbox 543 865 823 905; x_wconf 70' lang='lat' dir='ltr'>proportionaliile3</span> <span class='ocrx_word' id='word_1_84' title='bbox 841 868 1012 898; x_wconf 87' lang='lat' dir='ltr'>dicendum</span> 
     </span>
     <span class='ocr_line' id='line_1_14' title="bbox 237 913 1012 961; baseline 0.013 -19"><span class='ocrx_word' id='word_1_85' title='bbox 237 913 322 951; x_wconf 87' lang='lat' dir='ltr'>quod</span> <span class='ocrx_word' id='word_1_86' title='bbox 346 923 459 945; x_wconf 90' lang='lat' dir='ltr'>verum</span> <span class='ocrx_word' id='word_1_87' title='bbox 474 918 539 952; x_wconf 85' lang='lat' dir='ltr'>est,</span> <span class='ocrx_word' id='word_1_88' title='bbox 560 917 586 946; x_wconf 81' lang='lat' dir='ltr'>si</span> <span class='ocrx_word' id='word_1_89' title='bbox 606 917 804 958; x_wconf 69' lang='lat' dir='ltr'>intelligatur</span> <span class='ocrx_word' id='word_1_90' title='bbox 819 920 856 950; x_wconf 91' lang='lat' dir='ltr'>de</span> <span class='ocrx_word' id='word_1_91' title='bbox 876 930 1012 961; x_wconf 87' lang='lat' dir='ltr'>propor-</span> 
     </span>
     <span class='ocr_line' id='line_1_15' title="bbox 237 966 1012 1006; baseline 0.012 -11"><span class='ocrx_word' id='word_1_92' title='bbox 237 966 322 996; x_wconf 85' lang='lat' dir='ltr'>tione</span> <span class='ocrx_word' id='word_1_93' title='bbox 342 976 415 1006; x_wconf 85' lang='lat' dir='ltr'>quae</span> <span class='ocrx_word' id='word_1_94' title='bbox 437 971 610 1000; x_wconf 83' lang='lat' dir='ltr'>attenditur</span> <span class='ocrx_word' id='word_1_95' title='bbox 629 971 661 1000; x_wconf 90' lang='lat' dir='ltr'>in</span> <span class='ocrx_word' id='word_1_96' title='bbox 684 973 908 1003; x_wconf 86' lang='lat' dir='ltr'>convenientia</span> <span class='ocrx_word' id='word_1_97' title='bbox 926 974 1012 1003; x_wconf 90' lang='lat' dir='ltr'>ordi-</span> 
     </span>
     <span class='ocr_line' id='line_1_16' title="bbox 236 1019 1012 1066; baseline 0.012 -18"><span class='ocrx_word' id='word_1_98' title='bbox 236 1019 285 1048; x_wconf 87' lang='lat' dir='ltr'>nis</span> <span class='ocrx_word' id='word_1_99' title='bbox 308 1028 316 1049; x_wconf 89' lang='lat'>:</span> <span class='ocrx_word' id='word_1_100' title='bbox 339 1020 365 1049; x_wconf 89' lang='lat' dir='ltr'>si</span> <span class='ocrx_word' id='word_1_101' title='bbox 393 1024 499 1051; x_wconf 76' lang='lat' dir='ltr'>autem</span> <span class='ocrx_word' id='word_1_102' title='bbox 527 1023 724 1063; x_wconf 80' lang='lat' dir='ltr'>intelligatur</span> <span class='ocrx_word' id='word_1_103' title='bbox 748 1026 785 1055; x_wconf 90' lang='lat' dir='ltr'>de</span> <span class='ocrx_word' id='word_1_104' title='bbox 809 1027 1012 1066; x_wconf 81' lang='lat' dir='ltr'>proportione</span> 
     </span>
     <span class='ocr_line' id='line_1_17' title="bbox 236 1074 1008 1118; baseline 0.012 -17"><span class='ocrx_word' id='word_1_105' title='bbox 236 1081 308 1111; x_wconf 77' lang='lat' dir='ltr'>quae</span> <span class='ocrx_word' id='word_1_106' title='bbox 336 1075 382 1103; x_wconf 89' lang='lat' dir='ltr'>est</span> <span class='ocrx_word' id='word_1_107' title='bbox 410 1074 443 1104; x_wconf 88' lang='lat' dir='ltr'>in</span> <span class='ocrx_word' id='word_1_108' title='bbox 470 1077 780 1109; x_wconf 82' lang='lat' dir='ltr'>commensuratione</span> <span class='ocrx_word' id='word_1_109' title='bbox 807 1079 990 1118; x_wconf 77' lang='lat' dir='ltr'>quantitatis</span> <span class='ocrx_word' id='word_1_110' title='bbox 1001 1105 1008 1118; x_wconf 92' lang='lat'>,</span> 
     </span>
     <span class='ocr_line' id='line_1_18' title="bbox 236 1125 1011 1173; baseline 0.012 -18"><span class='ocrx_word' id='word_1_111' title='bbox 236 1125 405 1157; x_wconf 85' lang='lat' dir='ltr'>veritatem</span> <span class='ocrx_word' id='word_1_112' title='bbox 428 1137 493 1158; x_wconf 88' lang='lat' dir='ltr'>non</span> <span class='ocrx_word' id='word_1_113' title='bbox 507 1128 600 1159; x_wconf 79' lang='lat' dir='ltr'>habet</span> <span class='ocrx_word' id='word_1_114' title='bbox 611 1153 619 1167; x_wconf 90' lang='lat'>,</span> <span class='ocrx_word' id='word_1_115' title='bbox 636 1139 693 1169; x_wconf 90' lang='lat' dir='ltr'>pro</span> <span class='ocrx_word' id='word_1_116' title='bbox 708 1140 745 1161; x_wconf 78' lang='lat' dir='ltr'>eo</span> <span class='ocrx_word' id='word_1_117' title='bbox 768 1133 868 1171; x_wconf 84' lang='lat' dir='ltr'>quod,</span> <span class='ocrx_word' id='word_1_118' title='bbox 887 1133 912 1162; x_wconf 84' lang='lat' dir='ltr'>si</span> <span class='ocrx_word' id='word_1_119' title='bbox 928 1143 1011 1173; x_wconf 84' lang='lat' dir='ltr'>aqua</span> 
     </span>
     <span class='ocr_line' id='line_1_19' title="bbox 237 1179 1011 1226; baseline 0.013 -18"><span class='ocrx_word' id='word_1_120' title='bbox 237 1179 334 1210; x_wconf 87' lang='lat' dir='ltr'>maris</span> <span class='ocrx_word' id='word_1_121' title='bbox 354 1180 479 1212; x_wconf 83' lang='lat' dir='ltr'>infinita</span> <span class='ocrx_word' id='word_1_122' title='bbox 503 1185 600 1221; x_wconf 82' lang='lat' dir='ltr'>esset,</span> <span class='ocrx_word' id='word_1_123' title='bbox 622 1184 724 1215; x_wconf 83' lang='lat' dir='ltr'>adhuc</span> <span class='ocrx_word' id='word_1_124' title='bbox 748 1189 849 1224; x_wconf 87' lang='lat' dir='ltr'>posset</span> <span class='ocrx_word' id='word_1_125' title='bbox 875 1188 1011 1226; x_wconf 80' lang='lat' dir='ltr'>spongia</span> 
     </span>
     <span class='ocr_line' id='line_1_20' title="bbox 236 1232 1007 1276; baseline 0.012 -14"><span class='ocrx_word' id='word_1_126' title='bbox 236 1232 399 1273; x_wconf 75' lang='lat' dir='ltr'>immergi,</span> <span class='ocrx_word' id='word_1_127' title='bbox 411 1235 585 1266; x_wconf 85' lang='lat' dir='ltr'>sicutnunc</span> <span class='ocrx_word' id='word_1_128' title='bbox 595 1236 852 1276; x_wconf 79' lang='lat' dir='ltr'>immergeretur,</span> <span class='ocrx_word' id='word_1_129' title='bbox 863 1242 892 1270; x_wconf 87' lang='lat' dir='ltr'>et</span> <span class='ocrx_word' id='word_1_130' title='bbox 903 1241 1007 1271; x_wconf 79' lang='lat' dir='ltr'>uniri:</span> 
     </span>
     <span class='ocr_line' id='line_1_21' title="bbox 236 1286 1009 1333; baseline 0.012 -18"><span class='ocrx_word' id='word_1_131' title='bbox 236 1288 266 1315; x_wconf 80' lang='lat' dir='ltr'>ct</span> <span class='ocrx_word' id='word_1_132' title='bbox 284 1286 354 1317; x_wconf 92' lang='lat' dir='ltr'>ideo</span> <span class='ocrx_word' id='word_1_133' title='bbox 377 1288 494 1318; x_wconf 85' lang='lat' dir='ltr'>sufficit</span> <span class='ocrx_word' id='word_1_134' title='bbox 514 1289 551 1319; x_wconf 87' lang='lat' dir='ltr'>ad</span> <span class='ocrx_word' id='word_1_135' title='bbox 577 1290 730 1321; x_wconf 88' lang='lat' dir='ltr'>unionem</span> <span class='ocrx_word' id='word_1_136' title='bbox 754 1293 914 1332; x_wconf 83' lang='lat' dir='ltr'>proportio</span> <span class='ocrx_word' id='word_1_137' title='bbox 935 1302 1009 1333; x_wconf 83' lang='lat' dir='ltr'>quae</span> 
     </span>
     <span class='ocr_line' id='line_1_22' title="bbox 236 1339 1010 1378; baseline 0.012 -10"><span class='ocrx_word' id='word_1_138' title='bbox 236 1339 341 1378; x_wconf 78' lang='lat' dir='ltr'>surgit</span> <span class='ocrx_word' id='word_1_139' title='bbox 363 1349 403 1370; x_wconf 80' lang='lat' dir='ltr'>ex</span> <span class='ocrx_word' id='word_1_140' title='bbox 423 1342 647 1373; x_wconf 88' lang='lat' dir='ltr'>convenientia</span> <span class='ocrx_word' id='word_1_141' title='bbox 668 1344 789 1374; x_wconf 86' lang='lat' dir='ltr'>ordinis</span> <span class='ocrx_word' id='word_1_142' title='bbox 806 1356 812 1375; x_wconf 90' lang='lat'>:</span> <span class='ocrx_word' id='word_1_143' title='bbox 830 1347 859 1375; x_wconf 87' lang='lat' dir='ltr'>et</span> <span class='ocrx_word' id='word_1_144' title='bbox 875 1346 946 1376; x_wconf 89' lang='lat' dir='ltr'>talis</span> <span class='ocrx_word' id='word_1_145' title='bbox 965 1349 1010 1377; x_wconf 81' lang='lat' dir='ltr'>est</span> 
     </span>
     <span class='ocr_line' id='line_1_23' title="bbox 238 1392 1010 1434; baseline 0.012 -13"><span class='ocrx_word' id='word_1_146' title='bbox 238 1392 460 1424; x_wconf 83' lang='lat' dir='ltr'>convenientia</span> <span class='ocrx_word' id='word_1_147' title='bbox 473 1403 545 1434; x_wconf 85' lang='lat' dir='ltr'>quae</span> <span class='ocrx_word' id='word_1_148' title='bbox 561 1398 606 1426; x_wconf 84' lang='lat' dir='ltr'>est</span> <span class='ocrx_word' id='word_1_149' title='bbox 623 1396 706 1427; x_wconf 88' lang='lat' dir='ltr'>inter</span> <span class='ocrx_word' id='word_1_150' title='bbox 720 1399 898 1429; x_wconf 84' lang='lat' dir='ltr'>creaturam</span> <span class='ocrx_word' id='word_1_151' title='bbox 914 1399 1010 1430; x_wconf 86' lang='lat' dir='ltr'>ratio-</span> 
     </span>
     <span class='ocr_line' id='line_1_24' title="bbox 237 1446 1009 1490; baseline 0.012 -15"><span class='ocrx_word' id='word_1_152' title='bbox 237 1446 343 1476; x_wconf 81' lang='lat' dir='ltr'>nalem</span> <span class='ocrx_word' id='word_1_153' title='bbox 360 1449 390 1477; x_wconf 92' lang='lat' dir='ltr'>et</span> <span class='ocrx_word' id='word_1_154' title='bbox 408 1447 523 1487; x_wconf 86' lang='lat' dir='ltr'>Deum,</span> <span class='ocrx_word' id='word_1_155' title='bbox 540 1459 597 1489; x_wconf 86' lang='lat' dir='ltr'>pro</span> <span class='ocrx_word' id='word_1_156' title='bbox 619 1459 655 1481; x_wconf 92' lang='lat' dir='ltr'>eo</span> <span class='ocrx_word' id='word_1_157' title='bbox 677 1451 762 1490; x_wconf 87' lang='lat' dir='ltr'>quod</span> <span class='ocrx_word' id='word_1_158' title='bbox 783 1454 896 1483; x_wconf 87' lang='lat' dir='ltr'>natura</span> <span class='ocrx_word' id='word_1_159' title='bbox 914 1453 1009 1483; x_wconf 84' lang='lat' dir='ltr'>ratio-</span> 
     </span>
     <span class='ocr_line' id='line_1_25' title="bbox 237 1499 1010 1543; baseline 0.012 -15"><span class='ocrx_word' id='word_1_160' title='bbox 237 1499 318 1529; x_wconf 86' lang='lat' dir='ltr'>nalis</span> <span class='ocrx_word' id='word_1_161' title='bbox 329 1523 337 1537; x_wconf 92' lang='lat'>,</span> <span class='ocrx_word' id='word_1_162' title='bbox 353 1509 390 1530; x_wconf 92' lang='lat' dir='ltr'>eo</span> <span class='ocrx_word' id='word_1_163' title='bbox 404 1500 472 1541; x_wconf 86' lang='lat' dir='ltr'>ipso</span> <span class='ocrx_word' id='word_1_164' title='bbox 489 1503 573 1542; x_wconf 84' lang='lat' dir='ltr'>quod</span> <span class='ocrx_word' id='word_1_165' title='bbox 592 1505 638 1534; x_wconf 88' lang='lat' dir='ltr'>est</span> <span class='ocrx_word' id='word_1_166' title='bbox 652 1503 761 1543; x_wconf 83' lang='lat' dir='ltr'>imago</span> <span class='ocrx_word' id='word_1_167' title='bbox 783 1504 835 1536; x_wconf 91' lang='lat' dir='ltr'>Dei</span> <span class='ocrx_word' id='word_1_168' title='bbox 849 1529 857 1543; x_wconf 93' lang='lat'>,</span> <span class='ocrx_word' id='word_1_169' title='bbox 876 1507 950 1536; x_wconf 84' lang='lat' dir='ltr'>nata</span> <span class='ocrx_word' id='word_1_170' title='bbox 964 1508 1010 1537; x_wconf 88' lang='lat' dir='ltr'>est</span> 
     </span>
     <span class='ocr_line' id='line_1_26' title="bbox 237 1552 1009 1599; baseline 0.01 -17"><span class='ocrx_word' id='word_1_171' title='bbox 237 1552 375 1583; x_wconf 86' lang='lat' dir='ltr'>ordinari</span> <span class='ocrx_word' id='word_1_172' title='bbox 389 1555 427 1584; x_wconf 88' lang='lat' dir='ltr'>ad</span> <span class='ocrx_word' id='word_1_173' title='bbox 440 1554 546 1594; x_wconf 90' lang='lat' dir='ltr'>ipsum</span> <span class='ocrx_word' id='word_1_174' title='bbox 560 1556 752 1595; x_wconf 75' lang='lat' dir='ltr'>immediate,</span> <span class='ocrx_word' id='word_1_175' title='bbox 765 1558 845 1589; x_wconf 90' lang='lat' dir='ltr'>sicut</span> <span class='ocrx_word' id='word_1_176' title='bbox 860 1558 893 1589; x_wconf 88' lang='lat' dir='ltr'>in</span> <span class='ocrx_word' id='word_1_177' title='bbox 906 1559 1009 1599; x_wconf 90' lang='lat' dir='ltr'>primo</span> 
     </span>
     <span class='ocr_line' id='line_1_27' title="bbox 236 1607 805 1641; baseline 0.011 -6"><span class='ocrx_word' id='word_1_178' title='bbox 236 1607 265 1635; x_wconf 87' lang='lat' dir='ltr'>et</span> <span class='ocrx_word' id='word_1_179' title='bbox 280 1607 418 1637; x_wconf 85' lang='lat' dir='ltr'>secundo</span> <span class='ocrx_word' id='word_1_180' title='bbox 436 1611 445 1626; x_wconf 76' lang='lat'><strong>²</strong></span> <span class='ocrx_word' id='word_1_181' title='bbox 459 1608 540 1639; x_wconf 84' lang='lat' dir='ltr'>libro</span> <span class='ocrx_word' id='word_1_182' title='bbox 557 1610 617 1639; x_wconf 86' lang='lat' dir='ltr'>fuit</span> <span class='ocrx_word' id='word_1_183' title='bbox 630 1612 805 1641; x_wconf 89' lang='lat' dir='ltr'>ostensum.</span> 
     </span>
    </p>

    <p class='ocr_par' dir='ltr' id='par_1_6' title="bbox 231 1659 1009 2448">
     <span class='ocr_line' id='line_1_28' title="bbox 275 1659 1009 1705; baseline 0.01 -17"><span class='ocrx_word' id='word_1_184' title='bbox 275 1660 305 1689; x_wconf 82' lang='lat'>5.</span> <span class='ocrx_word' id='word_1_185' title='bbox 331 1659 380 1690; x_wconf 92' lang='lat' dir='ltr'>Ad</span> <span class='ocrx_word' id='word_1_186' title='bbox 403 1660 481 1691; x_wconf 89' lang='lat' dir='ltr'>illud</span> <span class='ocrx_word' id='word_1_187' title='bbox 505 1662 589 1701; x_wconf 89' lang='lat' dir='ltr'>quod</span> <span class='ocrx_word' id='word_1_188' title='bbox 611 1663 774 1703; x_wconf 83' lang='lat' dir='ltr'>objicitur,</span> <span class='ocrx_word' id='word_1_189' title='bbox 799 1664 884 1704; x_wconf 85' lang='lat' dir='ltr'>quod</span> <span class='ocrx_word' id='word_1_190' title='bbox 906 1666 1009 1705; x_wconf 83' lang='lat' dir='ltr'>major</span> 
     </span>
     <span class='ocr_line' id='line_1_29' title="bbox 235 1713 1008 1757; baseline 0.01 -16"><span class='ocrx_word' id='word_1_191' title='bbox 235 1713 280 1741; x_wconf 89' lang='lat' dir='ltr'>est</span> <span class='ocrx_word' id='word_1_192' title='bbox 294 1714 515 1744; x_wconf 89' lang='lat' dir='ltr'>convenientia</span> <span class='ocrx_word' id='word_1_193' title='bbox 529 1716 747 1755; x_wconf 86' lang='lat' dir='ltr'>oppositorum</span> <span class='ocrx_word' id='word_1_194' title='bbox 758 1740 765 1753; x_wconf 85' lang='lat'>,</span> <span class='ocrx_word' id='word_1_195' title='bbox 782 1726 879 1757; x_wconf 85' lang='lat' dir='ltr'>quam</span> <span class='ocrx_word' id='word_1_196' title='bbox 901 1719 940 1748; x_wconf 86' lang='lat' dir='ltr'>sit</span> <span class='ocrx_word' id='word_1_197' title='bbox 957 1718 1008 1749; x_wconf 87' lang='lat' dir='ltr'>Dei</span> 
     </span>
     <span class='ocr_line' id='line_1_30' title="bbox 234 1765 1005 1810; baseline 0.01 -16"><span class='ocrx_word' id='word_1_198' title='bbox 234 1765 273 1794; x_wconf 86' lang='lat' dir='ltr'>ad</span> <span class='ocrx_word' id='word_1_199' title='bbox 289 1768 484 1805; x_wconf 85' lang='lat' dir='ltr'>ereaturam,</span> <span class='ocrx_word' id='word_1_200' title='bbox 503 1770 532 1798; x_wconf 91' lang='lat' dir='ltr'>et</span> <span class='ocrx_word' id='word_1_201' title='bbox 551 1768 594 1799; x_wconf 87' lang='lat' dir='ltr'>ita</span> <span class='ocrx_word' id='word_1_202' title='bbox 614 1769 698 1808; x_wconf 88' lang='lat' dir='ltr'>quod</span> <span class='ocrx_word' id='word_1_203' title='bbox 720 1771 824 1810; x_wconf 82' lang='lat' dir='ltr'>magis</span> <span class='ocrx_word' id='word_1_204' title='bbox 844 1774 918 1801; x_wconf 76' lang='lat' dir='ltr'>sunt</span> <span class='ocrx_word' id='word_1_205' title='bbox 933 1773 1005 1802; x_wconf 92' lang='lat' dir='ltr'>uni-</span> 
     </span>
     <span class='ocr_line' id='line_1_31' title="bbox 235 1817 1007 1863; baseline 0.01 -16"><span class='ocrx_word' id='word_1_206' title='bbox 235 1817 327 1856; x_wconf 83' lang='lat' dir='ltr'>hilia3</span> <span class='ocrx_word' id='word_1_207' title='bbox 347 1819 516 1851; x_wconf 88' lang='lat' dir='ltr'>dicendum</span> <span class='ocrx_word' id='word_1_208' title='bbox 533 1821 629 1861; x_wconf 85' lang='lat' dir='ltr'>quod,</span> <span class='ocrx_word' id='word_1_209' title='bbox 647 1822 704 1852; x_wconf 84' lang='lat' dir='ltr'>etsi</span> <span class='ocrx_word' id='word_1_210' title='bbox 719 1824 822 1863; x_wconf 86' lang='lat' dir='ltr'>major</span> <span class='ocrx_word' id='word_1_211' title='bbox 837 1824 875 1854; x_wconf 92' lang='lat' dir='ltr'>sit</span> <span class='ocrx_word' id='word_1_212' title='bbox 890 1833 1007 1855; x_wconf 81' lang='lat' dir='ltr'>conve-</span> 
     </span>
     <span class='ocr_line' id='line_1_32' title="bbox 234 1872 1008 1918; baseline 0.01 -17"><span class='ocrx_word' id='word_1_213' title='bbox 234 1872 351 1902; x_wconf 85' lang='lat' dir='ltr'>nientia</span> <span class='ocrx_word' id='word_1_214' title='bbox 361 1875 489 1913; x_wconf 88' lang='lat' dir='ltr'>propter</span> <span class='ocrx_word' id='word_1_215' title='bbox 502 1874 594 1914; x_wconf 85' lang='lat' dir='ltr'>alicuj</span> <span class='ocrx_word' id='word_1_216' title='bbox 600 1884 638 1905; x_wconf 89' lang='lat' dir='ltr'>us</span> <span class='ocrx_word' id='word_1_217' title='bbox 652 1877 831 1907; x_wconf 88' lang='lat' dir='ltr'>communis</span> <span class='ocrx_word' id='word_1_218' title='bbox 841 1878 1008 1918; x_wconf 82' lang='lat' dir='ltr'>participa—</span> 
     </span>
     <span class='ocr_line' id='line_1_33' title="bbox 233 1925 1006 1967; baseline 0.009 -12"><span class='ocrx_word' id='word_1_219' title='bbox 233 1925 368 1963; x_wconf 82' lang='lat' dir='ltr'>tionem,</span> <span class='ocrx_word' id='word_1_220' title='bbox 385 1936 554 1967; x_wconf 87' lang='lat' dir='ltr'>nunquam</span> <span class='ocrx_word' id='word_1_221' title='bbox 571 1930 678 1959; x_wconf 85' lang='lat' dir='ltr'>tamen</span> <span class='ocrx_word' id='word_1_222' title='bbox 694 1929 737 1959; x_wconf 87' lang='lat' dir='ltr'>ita</span> <span class='ocrx_word' id='word_1_223' title='bbox 751 1933 797 1960; x_wconf 90' lang='lat' dir='ltr'>est</span> <span class='ocrx_word' id='word_1_224' title='bbox 813 1932 1006 1962; x_wconf 89' lang='lat' dir='ltr'>convenien-</span> 
     </span>
     <span class='ocr_line' id='line_1_34' title="bbox 231 1978 1006 2021; baseline 0.012 -14"><span class='ocrx_word' id='word_1_225' title='bbox 231 1978 1006 2021; x_wconf 82' lang='lat' dir='ltr'>tiasecundumpossibilitatem,etordinemunius</span> 
     </span>
     <span class='ocr_line' id='line_1_35' title="bbox 232 2031 1006 2076; baseline 0.012 -16"><span class='ocrx_word' id='word_1_226' title='bbox 232 2031 269 2061; x_wconf 87' lang='lat' dir='ltr'>ad</span> <span class='ocrx_word' id='word_1_227' title='bbox 278 2031 428 2071; x_wconf 77' lang='lat' dir='ltr'>alterum3</span> <span class='ocrx_word' id='word_1_228' title='bbox 440 2035 524 2073; x_wconf 88' lang='lat' dir='ltr'>quod</span> <span class='ocrx_word' id='word_1_229' title='bbox 534 2044 635 2065; x_wconf 87' lang='lat' dir='ltr'>unum</span> <span class='ocrx_word' id='word_1_230' title='bbox 644 2036 789 2076; x_wconf 90' lang='lat' dir='ltr'>oppositu</span> <span class='ocrx_word' id='word_1_231' title='bbox 796 2046 826 2066; x_wconf 86' lang='lat' dir='ltr'>m</span> <span class='ocrx_word' id='word_1_232' title='bbox 835 2046 900 2068; x_wconf 92' lang='lat' dir='ltr'>non</span> <span class='ocrx_word' id='word_1_233' title='bbox 910 2038 1006 2069; x_wconf 82' lang='lat' dir='ltr'>hahet</span> 
     </span>
     <span class='ocr_line' id='line_1_36' title="bbox 231 2085 1003 2128; baseline 0.01 -14"><span class='ocrx_word' id='word_1_234' title='bbox 231 2085 372 2116; x_wconf 86' lang='lat' dir='ltr'>ordinari</span> <span class='ocrx_word' id='word_1_235' title='bbox 387 2087 426 2117; x_wconf 86' lang='lat' dir='ltr'>ad</span> <span class='ocrx_word' id='word_1_236' title='bbox 445 2096 542 2118; x_wconf 87' lang='lat' dir='ltr'>suum</span> <span class='ocrx_word' id='word_1_237' title='bbox 565 2089 748 2128; x_wconf 87' lang='lat' dir='ltr'>oppositum</span> <span class='ocrx_word' id='word_1_238' title='bbox 771 2090 851 2121; x_wconf 86' lang='lat' dir='ltr'>sieut</span> <span class='ocrx_word' id='word_1_239' title='bbox 869 2091 907 2121; x_wconf 86' lang='lat' dir='ltr'>ad</span> <span class='ocrx_word' id='word_1_240' title='bbox 929 2101 1003 2123; x_wconf 85' lang='lat' dir='ltr'>cau-</span> 
     </span>
     <span class='ocr_line' id='line_1_37' title="bbox 232 2139 1005 2179; baseline 0.012 -12"><span class='ocrx_word' id='word_1_241' title='bbox 232 2146 300 2167; x_wconf 86' lang='lat' dir='ltr'>sam</span> <span class='ocrx_word' id='word_1_242' title='bbox 315 2140 345 2168; x_wconf 89' lang='lat' dir='ltr'>et</span> <span class='ocrx_word' id='word_1_243' title='bbox 360 2139 642 2179; x_wconf 83' lang='lat' dir='ltr'>complementum,</span> <span class='ocrx_word' id='word_1_244' title='bbox 657 2142 739 2173; x_wconf 87' lang='lat' dir='ltr'>sicut</span> <span class='ocrx_word' id='word_1_245' title='bbox 752 2145 898 2175; x_wconf 81' lang='lat' dir='ltr'>creatura</span> <span class='ocrx_word' id='word_1_246' title='bbox 912 2145 1005 2176; x_wconf 89' lang='lat' dir='ltr'>ratio-</span> 
     </span>
     <span class='ocr_line' id='line_1_38' title="bbox 232 2190 1005 2229; baseline 0.01 -9"><span class='ocrx_word' id='word_1_247' title='bbox 232 2190 312 2220; x_wconf 88' lang='lat' dir='ltr'>nalis</span> <span class='ocrx_word' id='word_1_248' title='bbox 331 2191 426 2222; x_wconf 85' lang='lat' dir='ltr'>hahet</span> <span class='ocrx_word' id='word_1_249' title='bbox 440 2193 579 2223; x_wconf 84' lang='lat' dir='ltr'>ordinari</span> <span class='ocrx_word' id='word_1_250' title='bbox 595 2194 633 2224; x_wconf 89' lang='lat' dir='ltr'>ad</span> <span class='ocrx_word' id='word_1_251' title='bbox 647 2194 759 2225; x_wconf 88' lang='lat' dir='ltr'>Deum.</span> <span class='ocrx_word' id='word_1_252' title='bbox 779 2195 1005 2229; x_wconf 86' lang='lat' dir='ltr'>Convenientia</span> 
     </span>
     <span class='ocr_line' id='line_1_39' title="bbox 231 2244 1004 2288; baseline 0.012 -15"><span class='ocrx_word' id='word_1_253' title='bbox 231 2245 339 2274; x_wconf 85' lang='lat' dir='ltr'>autem</span> <span class='ocrx_word' id='word_1_254' title='bbox 360 2244 393 2275; x_wconf 91' lang='lat' dir='ltr'>in</span> <span class='ocrx_word' id='word_1_255' title='bbox 415 2246 652 2286; x_wconf 81' lang='lat' dir='ltr'>participatione</span> <span class='ocrx_word' id='word_1_256' title='bbox 670 2248 806 2288; x_wconf 79' lang='lat' dir='ltr'>alicujus</span> <span class='ocrx_word' id='word_1_257' title='bbox 825 2251 1004 2282; x_wconf 89' lang='lat' dir='ltr'>communis</span> 
     </span>
     <span class='ocr_line' id='line_1_40' title="bbox 232 2298 1004 2345; baseline 0.012 -18"><span class='ocrx_word' id='word_1_258' title='bbox 232 2306 298 2328; x_wconf 91' lang='lat' dir='ltr'>non</span> <span class='ocrx_word' id='word_1_259' title='bbox 312 2298 385 2329; x_wconf 84' lang='lat' dir='ltr'>facit</span> <span class='ocrx_word' id='word_1_260' title='bbox 400 2299 507 2339; x_wconf 86' lang='lat' dir='ltr'>aliqua</span> <span class='ocrx_word' id='word_1_261' title='bbox 521 2309 588 2331; x_wconf 86' lang='lat' dir='ltr'>esse</span> <span class='ocrx_word' id='word_1_262' title='bbox 602 2301 752 2340; x_wconf 85' lang='lat' dir='ltr'>unihilia,</span> <span class='ocrx_word' id='word_1_263' title='bbox 768 2303 829 2333; x_wconf 90' lang='lat' dir='ltr'>nisi</span> <span class='ocrx_word' id='word_1_264' title='bbox 843 2304 883 2334; x_wconf 83' lang='lat' dir='ltr'>sit</span> <span class='ocrx_word' id='word_1_265' title='bbox 897 2305 1004 2345; x_wconf 81' lang='lat' dir='ltr'>aliqua</span> 
     </span>
     <span class='ocr_line' id='line_1_41' title="bbox 232 2352 1004 2389; baseline 0.01 -8"><span class='ocrx_word' id='word_1_266' title='bbox 232 2352 452 2383; x_wconf 87' lang='lat' dir='ltr'>convenientia</span> <span class='ocrx_word' id='word_1_267' title='bbox 467 2354 643 2385; x_wconf 84' lang='lat' dir='ltr'>seeundum</span> <span class='ocrx_word' id='word_1_268' title='bbox 658 2355 814 2386; x_wconf 87' lang='lat' dir='ltr'>rationem</span> <span class='ocrx_word' id='word_1_269' title='bbox 830 2357 1004 2389; x_wconf 88' lang='lat' dir='ltr'>inclinatio-</span> 
     </span>
     <span class='ocr_line' id='line_1_42' title="bbox 231 2405 1004 2448; baseline 0.01 -14"><span class='ocrx_word' id='word_1_270' title='bbox 231 2405 281 2435; x_wconf 87' lang='lat' dir='ltr'>nis</span> <span class='ocrx_word' id='word_1_271' title='bbox 304 2407 333 2435; x_wconf 61' lang='lat' dir='ltr'>&gt;tt</span> <span class='ocrx_word' id='word_1_272' title='bbox 355 2405 475 2436; x_wconf 89' lang='lat' dir='ltr'>ordinis</span> <span class='ocrx_word' id='word_1_273' title='bbox 486 2430 494 2444; x_wconf 94' lang='lat'>,</span> <span class='ocrx_word' id='word_1_274' title='bbox 520 2407 601 2437; x_wconf 86' lang='lat' dir='ltr'>sicut</span> <span class='ocrx_word' id='word_1_275' title='bbox 613 2409 698 2447; x_wconf 88' lang='lat' dir='ltr'>patet</span> <span class='ocrx_word' id='word_1_276' title='bbox 715 2419 721 2439; x_wconf 79' lang='lat' dir='ltr'>z</span> <span class='ocrx_word' id='word_1_277' title='bbox 737 2409 841 2448; x_wconf 81' lang='lat' dir='ltr'>magis</span> <span class='ocrx_word' id='word_1_278' title='bbox 855 2410 942 2441; x_wconf 87' lang='lat' dir='ltr'>enim</span> <span class='ocrx_word' id='word_1_279' title='bbox 958 2415 1004 2443; x_wconf 90' lang='lat' dir='ltr'>est</span> 
     </span>
    </p>
   </div>
   <div class='ocr_carea' id='block_1_5' title="bbox 231 2510 1003 2712">
    <p class='ocr_par' dir='ltr' id='par_1_7' title="bbox 231 2510 1003 2653">
     <span class='ocr_line' id='line_1_43' title="bbox 266 2510 1003 2543; baseline 0.011 -10"><span class='ocrx_word' id='word_1_280' title='bbox 266 2510 272 2525; x_wconf 84' lang='lat'><strong>¹</strong></span> <span class='ocrx_word' id='word_1_281' title='bbox 287 2510 368 2540; x_wconf 81' lang='lat' dir='ltr'>Boet.,</span> <span class='ocrx_word' id='word_1_282' title='bbox 380 2510 418 2533; x_wconf 80' lang='lat' dir='ltr'>An</span> <span class='ocrx_word' id='word_1_283' title='bbox 431 2510 541 2534; x_wconf 74' lang='lat' dir='ltr'>Trinitas</span> <span class='ocrx_word' id='word_1_284' title='bbox 551 2510 585 2534; x_wconf 66' lang='lat' dir='ltr'>sil</span> <span class='ocrx_word' id='word_1_285' title='bbox 599 2518 662 2534; x_wconf 80' lang='lat' dir='ltr'>unus</span> <span class='ocrx_word' id='word_1_286' title='bbox 679 2512 742 2535; x_wconf 62' lang='lat' dir='ltr'>Deus</span> <span class='ocrx_word' id='word_1_287' title='bbox 752 2512 790 2536; x_wconf 65' lang='lat' dir='ltr'>rel</span> <span class='ocrx_word' id='word_1_288' title='bbox 802 2515 851 2537; x_wconf 74' lang='lat' dir='ltr'>tres</span> <span class='ocrx_word' id='word_1_289' title='bbox 867 2515 922 2543; x_wconf 78' lang='lat' dir='ltr'>Dii,</span> <span class='ocrx_word' id='word_1_290' title='bbox 936 2516 1003 2540; x_wconf 83' lang='lat' dir='ltr'>circa</span> 
     </span>
     <span class='ocr_line' id='line_1_44' title="bbox 231 2546 1000 2582; baseline 0.009 -14"><span class='ocrx_word' id='word_1_291' title='bbox 231 2546 316 2569; x_wconf 83' lang='lat' dir='ltr'>tinem.</span> <span class='ocrx_word' id='word_1_292' title='bbox 328 2558 358 2562; x_wconf 89' lang='lat'>——</span> <span class='ocrx_word' id='word_1_293' title='bbox 370 2546 424 2569; x_wconf 88' lang='lat' dir='ltr'>Lib.</span> <span class='ocrx_word' id='word_1_294' title='bbox 439 2547 465 2576; x_wconf 80' lang='lat' dir='ltr'>l,</span> <span class='ocrx_word' id='word_1_295' title='bbox 479 2546 535 2570; x_wconf 58' lang='lat' dir='ltr'>dist.</span> <span class='ocrx_word' id='word_1_296' title='bbox 546 2553 554 2570; x_wconf 94' lang='lat'>1</span> <span class='ocrx_word' id='word_1_297' title='bbox 567 2549 590 2569; x_wconf 81' lang='lat' dir='ltr'>ct</span> <span class='ocrx_word' id='word_1_298' title='bbox 604 2553 644 2577; x_wconf 83' lang='lat' dir='ltr'>in;</span> <span class='ocrx_word' id='word_1_299' title='bbox 661 2547 703 2571; x_wconf 75' lang='lat' dir='ltr'>ill).</span> <span class='ocrx_word' id='word_1_300' title='bbox 721 2548 749 2576; x_wconf 88' lang='grc' dir='ltr'>Η,</span> <span class='ocrx_word' id='word_1_301' title='bbox 767 2549 824 2572; x_wconf 68' lang='lat' dir='ltr'>dist.</span> <span class='ocrx_word' id='word_1_302' title='bbox 835 2556 886 2574; x_wconf 79' lang='lat' dir='ltr'>xv1.</span> <span class='ocrx_word' id='word_1_303' title='bbox 899 2565 929 2568; x_wconf 96' lang='lat'><strong>—</strong></span> <span class='ocrx_word' id='word_1_304' title='bbox 942 2552 951 2566; x_wconf 86' lang='lat'>³</span> <span class='ocrx_word' id='word_1_305' title='bbox 962 2552 1000 2582; x_wconf 81' lang='lat' dir='ltr'>Cf.</span> 
     </span>
     <span class='ocr_line' id='line_1_45' title="bbox 231 2581 1000 2617; baseline 0.009 -13"><span class='ocrx_word' id='word_1_306' title='bbox 231 2581 302 2604; x_wconf 75' lang='lat' dir='ltr'>Alex.</span> <span class='ocrx_word' id='word_1_307' title='bbox 313 2581 418 2606; x_wconf 72' lang='lat' dir='ltr'>Alensis.</span> <span class='ocrx_word' id='word_1_308' title='bbox 435 2590 458 2612; x_wconf 85' lang='lat' dir='ltr'>p.</span> <span class='ocrx_word' id='word_1_309' title='bbox 477 2583 507 2606; x_wconf 89' lang='lat' dir='ltr'>lli</span> <span class='ocrx_word' id='word_1_310' title='bbox 521 2589 561 2613; x_wconf 78' lang='lat' dir='ltr'>‚q.</span> <span class='ocrx_word' id='word_1_311' title='bbox 575 2589 606 2612; x_wconf 75' lang='lat' dir='ltr'>ii,</span> <span class='ocrx_word' id='word_1_312' title='bbox 622 2584 716 2606; x_wconf 74' lang='lat' dir='ltr'>monili.</span> <span class='ocrx_word' id='word_1_313' title='bbox 731 2586 754 2614; x_wconf 62' lang='lat'>23</span> <span class='ocrx_word' id='word_1_314' title='bbox 765 2587 791 2609; x_wconf 74' lang='lat' dir='ltr'>S.</span> <span class='ocrx_word' id='word_1_315' title='bbox 803 2586 903 2617; x_wconf 88' lang='lat' dir='ltr'>Tliom.,</span> <span class='ocrx_word' id='word_1_316' title='bbox 919 2594 944 2617; x_wconf 88' lang='lat' dir='ltr'>p.</span> <span class='ocrx_word' id='word_1_317' title='bbox 960 2588 1000 2616; x_wconf 87' lang='grc' dir='ltr'>ΙΙΙ,</span> 
     </span>
     <span class='ocr_line' id='line_1_46' title="bbox 231 2619 1001 2653; baseline 0.009 -14"><span class='ocrx_word' id='word_1_318' title='bbox 231 2624 256 2647; x_wconf 84' lang='lat' dir='ltr'>q.</span> <span class='ocrx_word' id='word_1_319' title='bbox 273 2619 454 2647; x_wconf 67' lang='lat' dir='ltr'>111,art.i;et</span> <span class='ocrx_word' id='word_1_320' title='bbox 471 2619 499 2642; x_wconf 94' lang='lat' dir='ltr'>lll</span> <span class='ocrx_word' id='word_1_321' title='bbox 517 2620 596 2649; x_wconf 59' lang='grc' dir='ltr'>δοιώ,</span> <span class='ocrx_word' id='word_1_322' title='bbox 612 2619 670 2643; x_wconf 76' lang='lat' dir='ltr'>dist.</span> <span class='ocrx_word' id='word_1_323' title='bbox 687 2626 711 2647; x_wconf 89' lang='lat'>1,</span> <span class='ocrx_word' id='word_1_324' title='bbox 726 2627 750 2650; x_wconf 86' lang='lat' dir='ltr'>q.</span> <span class='ocrx_word' id='word_1_325' title='bbox 769 2628 795 2652; x_wconf 82' lang='lat' dir='ltr'>ii,</span> <span class='ocrx_word' id='word_1_326' title='bbox 809 2624 856 2645; x_wconf 86' lang='lat' dir='ltr'>art.</span> <span class='ocrx_word' id='word_1_327' title='bbox 875 2625 902 2652; x_wconf 79' lang='lat'>¹3</span> <span class='ocrx_word' id='word_1_328' title='bbox 919 2623 1001 2653; x_wconf 66' lang='lat' dir='ltr'>AEgid.</span> 
     </span>
    </p>

    <p class='ocr_par' dir='ltr' id='par_1_8' title="bbox 232 2648 1003 2712">
     <span class='ocr_line' id='line_1_47' title="bbox 271 2648 1003 2684; baseline 0.012 -15"><span class='ocrx_word' id='word_1_329' title='bbox 271 2649 302 2676; x_wconf 83' lang='grc' dir='ltr'>(η)</span> <span class='ocrx_word' id='word_1_330' title='bbox 322 2648 381 2671; x_wconf 62' lang='lat' dir='ltr'>caet.</span> <span class='ocrx_word' id='word_1_331' title='bbox 397 2648 457 2672; x_wconf 69' lang='lat' dir='ltr'>edit.</span> <span class='ocrx_word' id='word_1_332' title='bbox 477 2649 542 2673; x_wconf 64' lang='lat' dir='ltr'>deest</span> <span class='ocrx_word' id='word_1_333' title='bbox 561 2650 643 2674; x_wconf 74' lang='lat' dir='ltr'>ita.—</span> <span class='ocrx_word' id='word_1_334' title='bbox 656 2650 688 2680; x_wconf 79' lang='lat' dir='ltr'>(b)</span> <span class='ocrx_word' id='word_1_335' title='bbox 709 2651 769 2676; x_wconf 78' lang='lat' dir='ltr'>Coec.</span> <span class='ocrx_word' id='word_1_336' title='bbox 793 2652 852 2677; x_wconf 71' lang='lat' dir='ltr'>edit.</span> <span class='ocrx_word' id='word_1_337' title='bbox 867 2653 932 2676; x_wconf 72' lang='lat' dir='ltr'>deest</span> <span class='ocrx_word' id='word_1_338' title='bbox 958 2661 1003 2684; x_wconf 89' lang='lat' dir='ltr'>per</span> 
     </span>
     <span class='ocr_line' id='line_1_48' title="bbox 232 2683 346 2712; baseline 0.018 -7"><span class='ocrx_word' id='word_1_339' title='bbox 232 2683 346 2712; x_wconf 66' lang='lat' dir='ltr'>gratiam.</span> 
     </span>
    </p>
   </div>
   <div class='ocr_carea' id='block_1_6' title="bbox 799 215 1283 250">
    <p class='ocr_par' dir='ltr' id='par_1_9' title="bbox 799 215 1283 250">
     <span class='ocr_line' id='line_1_49' title="bbox 799 215 1283 250; baseline 0.014 -7"><span class='ocrx_word' id='word_1_340' title='bbox 799 215 1109 248; x_wconf 56' lang='lat' dir='ltr'>steN&#39;siojN‘i‘iAttUM</span> <span class='ocrx_word' id='word_1_341' title='bbox 1133 218 1206 249; x_wconf 83' lang='lat' dir='ltr'>LlB.</span> <span class='ocrx_word' id='word_1_342' title='bbox 1233 220 1283 250; x_wconf 92' lang='lat' dir='ltr'>lll.</span> 
     </span>
    </p>
   </div>
   <div class='ocr_carea' id='block_1_7' title="bbox 1069 285 1842 646">
    <p class='ocr_par' dir='ltr' id='par_1_10' title="bbox 1069 285 1842 646">
     <span class='ocr_line' id='line_1_50' title="bbox 1070 285 1841 328; baseline 0.009 -14"><span class='ocrx_word' id='word_1_343' title='bbox 1070 285 1177 316; x_wconf 82' lang='lat' dir='ltr'>anima</span> <span class='ocrx_word' id='word_1_344' title='bbox 1191 286 1321 317; x_wconf 89' lang='lat' dir='ltr'>unibilis</span> <span class='ocrx_word' id='word_1_345' title='bbox 1335 288 1468 327; x_wconf 77' lang='lat' dir='ltr'>corpori,</span> <span class='ocrx_word' id='word_1_346' title='bbox 1487 298 1583 328; x_wconf 88' lang='lat' dir='ltr'>quam</span> <span class='ocrx_word' id='word_1_347' title='bbox 1599 290 1639 320; x_wconf 88' lang='lat' dir='ltr'>sit</span> <span class='ocrx_word' id='word_1_348' title='bbox 1654 299 1719 320; x_wconf 82' lang='lat' dir='ltr'>una</span> <span class='ocrx_word' id='word_1_349' title='bbox 1734 291 1841 321; x_wconf 83' lang='lat' dir='ltr'>anima</span> 
     </span>
     <span class='ocr_line' id='line_1_51' title="bbox 1070 338 1841 382; baseline 0.009 -15"><span class='ocrx_word' id='word_1_350' title='bbox 1070 338 1199 368; x_wconf 86' lang='lat' dir='ltr'>unibilis</span> <span class='ocrx_word' id='word_1_351' title='bbox 1213 339 1318 377; x_wconf 82' lang='lat' dir='ltr'>alteri3</span> <span class='ocrx_word' id='word_1_352' title='bbox 1336 342 1367 370; x_wconf 85' lang='lat' dir='ltr'>et</span> <span class='ocrx_word' id='word_1_353' title='bbox 1381 340 1461 371; x_wconf 79' lang='lat' dir='ltr'>sicut</span> <span class='ocrx_word' id='word_1_354' title='bbox 1474 351 1538 372; x_wconf 89' lang='lat' dir='ltr'>non</span> <span class='ocrx_word' id='word_1_355' title='bbox 1553 344 1638 373; x_wconf 83' lang='lat' dir='ltr'>tenet</span> <span class='ocrx_word' id='word_1_356' title='bbox 1652 342 1730 373; x_wconf 88' lang='lat' dir='ltr'>illud</span> <span class='ocrx_word' id='word_1_357' title='bbox 1745 352 1841 382; x_wconf 84' lang='lat' dir='ltr'>argu-</span> 
     </span>
     <span class='ocr_line' id='line_1_52' title="bbox 1071 394 1839 434; baseline 0.009 -14"><span class='ocrx_word' id='word_1_358' title='bbox 1071 394 1215 422; x_wconf 83' lang='lat' dir='ltr'>mentum</span> <span class='ocrx_word' id='word_1_359' title='bbox 1233 403 1239 422; x_wconf 88' lang='lat'><strong>:</strong></span> <span class='ocrx_word' id='word_1_360' title='bbox 1264 404 1277 421; x_wconf 91' lang='lat'>«</span> <span class='ocrx_word' id='word_1_361' title='bbox 1292 394 1407 424; x_wconf 82' lang='lat' dir='ltr'>Anima</span> <span class='ocrx_word' id='word_1_362' title='bbox 1421 403 1485 424; x_wconf 89' lang='lat' dir='ltr'>non</span> <span class='ocrx_word' id='word_1_363' title='bbox 1500 397 1600 434; x_wconf 86' lang='lat' dir='ltr'>potest</span> <span class='ocrx_word' id='word_1_364' title='bbox 1614 396 1703 426; x_wconf 86' lang='lat' dir='ltr'>alteri</span> <span class='ocrx_word' id='word_1_365' title='bbox 1723 397 1839 427; x_wconf 80' lang='lat' dir='ltr'>animae</span> 
     </span>
     <span class='ocr_line' id='line_1_53' title="bbox 1072 444 1841 486; baseline 0.009 -13"><span class='ocrx_word' id='word_1_366' title='bbox 1072 444 1155 474; x_wconf 87' lang='lat' dir='ltr'>uniri</span> <span class='ocrx_word' id='word_1_367' title='bbox 1171 454 1178 475; x_wconf 72' lang='grc' dir='ltr'>ε</span> <span class='ocrx_word' id='word_1_368' title='bbox 1196 454 1273 484; x_wconf 85' lang='lat' dir='ltr'>ergo</span> <span class='ocrx_word' id='word_1_369' title='bbox 1290 455 1347 476; x_wconf 85' lang='lat' dir='ltr'>nec</span> <span class='ocrx_word' id='word_1_370' title='bbox 1371 448 1471 486; x_wconf 87' lang='lat' dir='ltr'>potest</span> <span class='ocrx_word' id='word_1_371' title='bbox 1492 448 1617 486; x_wconf 89' lang='lat' dir='ltr'>corpori</span> <span class='ocrx_word' id='word_1_372' title='bbox 1636 448 1720 478; x_wconf 88' lang='lat' dir='ltr'>uniri</span> <span class='ocrx_word' id='word_1_373' title='bbox 1740 459 1746 479; x_wconf 73' lang='grc' dir='ltr'>ε</span> <span class='ocrx_word' id='word_1_374' title='bbox 1764 460 1777 477; x_wconf 77' lang='lat' dir='ltr'>n</span> <span class='ocrx_word' id='word_1_375' title='bbox 1798 449 1841 480; x_wconf 82' lang='lat' dir='ltr'>sie</span> 
     </span>
     <span class='ocr_line' id='line_1_54' title="bbox 1070 497 1841 541; baseline 0.006 -15"><span class='ocrx_word' id='word_1_376' title='bbox 1070 506 1128 527; x_wconf 86' lang='lat' dir='ltr'>nec</span> <span class='ocrx_word' id='word_1_377' title='bbox 1143 497 1221 528; x_wconf 89' lang='lat' dir='ltr'>illud</span> <span class='ocrx_word' id='word_1_378' title='bbox 1236 501 1467 538; x_wconf 84' lang='lat' dir='ltr'>argumentum</span> <span class='ocrx_word' id='word_1_379' title='bbox 1484 500 1641 531; x_wconf 84' lang='lat' dir='ltr'>concludit</span> <span class='ocrx_word' id='word_1_380' title='bbox 1658 511 1664 531; x_wconf 92' lang='lat'>:</span> <span class='ocrx_word' id='word_1_381' title='bbox 1685 512 1699 529; x_wconf 88' lang='lat'>«</span> <span class='ocrx_word' id='word_1_382' title='bbox 1714 501 1841 541; x_wconf 89' lang='lat' dir='ltr'>Opposi-</span> 
     </span>
     <span class='ocr_line' id='line_1_55' title="bbox 1069 553 1842 594; baseline 0.008 -14"><span class='ocrx_word' id='word_1_383' title='bbox 1069 553 1138 581; x_wconf 86' lang='lat' dir='ltr'>tum</span> <span class='ocrx_word' id='word_1_384' title='bbox 1163 561 1226 583; x_wconf 90' lang='lat' dir='ltr'>non</span> <span class='ocrx_word' id='word_1_385' title='bbox 1253 556 1353 592; x_wconf 87' lang='lat' dir='ltr'>potest</span> <span class='ocrx_word' id='word_1_386' title='bbox 1368 554 1452 584; x_wconf 89' lang='lat' dir='ltr'>uniri</span> <span class='ocrx_word' id='word_1_387' title='bbox 1471 555 1614 594; x_wconf 87' lang='lat' dir='ltr'>opposito</span> <span class='ocrx_word' id='word_1_388' title='bbox 1639 566 1645 585; x_wconf 89' lang='lat'>:</span> <span class='ocrx_word' id='word_1_389' title='bbox 1662 564 1739 594; x_wconf 84' lang='lat' dir='ltr'>ergo</span> <span class='ocrx_word' id='word_1_390' title='bbox 1754 565 1842 586; x_wconf 78' lang='lat' dir='ltr'>crea-</span> 
     </span>
     <span class='ocr_line' id='line_1_56' title="bbox 1069 606 1553 646; baseline 0.008 -12"><span class='ocrx_word' id='word_1_391' title='bbox 1069 606 1141 635; x_wconf 85' lang='lat' dir='ltr'>tura</span> <span class='ocrx_word' id='word_1_392' title='bbox 1156 615 1220 636; x_wconf 88' lang='lat' dir='ltr'>non</span> <span class='ocrx_word' id='word_1_393' title='bbox 1236 608 1336 646; x_wconf 82' lang='lat' dir='ltr'>potest</span> <span class='ocrx_word' id='word_1_394' title='bbox 1350 607 1435 638; x_wconf 89' lang='lat' dir='ltr'>uniri</span> <span class='ocrx_word' id='word_1_395' title='bbox 1451 607 1523 638; x_wconf 88' lang='lat' dir='ltr'>Deo.</span> <span class='ocrx_word' id='word_1_396' title='bbox 1539 618 1553 635; x_wconf 91' lang='lat'>»</span> 
     </span>
    </p>
   </div>
   <div class='ocr_carea' id='block_1_8' title="bbox 1344 751 1583 789">
    <p class='ocr_par' dir='ltr' id='par_1_11' title="bbox 1344 751 1583 789">
     <span class='ocr_line' id='line_1_57' title="bbox 1344 751 1583 789; baseline 0.004 -7"><span class='ocrx_word' id='word_1_397' title='bbox 1344 751 1522 789; x_wconf 81' lang='lat' dir='ltr'><strong>QUAESTIO</strong></span> <span class='ocrx_word' id='word_1_398' title='bbox 1545 752 1583 783; x_wconf 92' lang='grc' dir='ltr'>ΙΙ.</span> 
     </span>
    </p>
   </div>
   <div class='ocr_carea' id='block_1_9' title="bbox 1069 844 1842 916">
    <p class='ocr_par' dir='ltr' id='par_1_12' title="bbox 1069 844 1842 916">
     <span class='ocr_line' id='line_1_58' title="bbox 1069 844 1842 879; baseline 0.005 -10"><span class='ocrx_word' id='word_1_399' title='bbox 1069 844 1114 869; x_wconf 75' lang='lat' dir='ltr'>An</span> <span class='ocrx_word' id='word_1_400' title='bbox 1130 851 1184 870; x_wconf 80' lang='lat' dir='ltr'>mia</span> <span class='ocrx_word' id='word_1_401' title='bbox 1196 851 1310 878; x_wconf 72' lang='lat' dir='ltr'>persona</span> <span class='ocrx_word' id='word_1_402' title='bbox 1332 846 1407 871; x_wconf 78' lang='lat' dir='ltr'>uniri</span> <span class='ocrx_word' id='word_1_403' title='bbox 1418 846 1504 879; x_wconf 78' lang='lat' dir='ltr'>possit</span> <span class='ocrx_word' id='word_1_404' title='bbox 1524 846 1645 872; x_wconf 82' lang='lat' dir='ltr'>humanoe</span> <span class='ocrx_word' id='word_1_405' title='bbox 1659 847 1765 872; x_wconf 78' lang='lat' dir='ltr'>naturoe</span> <span class='ocrx_word' id='word_1_406' title='bbox 1784 846 1842 873; x_wconf 84' lang='lat' dir='ltr'>sine</span> 
     </span>
     <span class='ocr_line' id='line_1_59' title="bbox 1392 889 1514 916; baseline 0 0"><span class='ocrx_word' id='word_1_407' title='bbox 1392 889 1421 916; x_wconf 82' lang='lat' dir='ltr'>al</span> <span class='ocrx_word' id='word_1_408' title='bbox 1425 891 1481 916; x_wconf 80' lang='lat' dir='ltr'>tera</span> <span class='ocrx_word' id='word_1_409' title='bbox 1494 890 1514 916; x_wconf 75' lang='lat'>³.</span> 
     </span>
    </p>
   </div>
   <div class='ocr_carea' id='block_1_10' title="bbox 1059 967 1840 2449">
    <p class='ocr_par' dir='ltr' id='par_1_13' title="bbox 1065 967 1840 1371">
     <span class='ocr_line' id='line_1_60' title="bbox 1108 967 1840 1009; baseline 0.003 -11"><span class='ocrx_word' id='word_1_410' title='bbox 1108 967 1221 998; x_wconf 84' lang='lat' dir='ltr'>Utrum</span> <span class='ocrx_word' id='word_1_411' title='bbox 1245 978 1310 999; x_wconf 87' lang='lat' dir='ltr'>una</span> <span class='ocrx_word' id='word_1_412' title='bbox 1327 978 1461 1008; x_wconf 86' lang='lat' dir='ltr'>persona</span> <span class='ocrx_word' id='word_1_413' title='bbox 1484 969 1582 1009; x_wconf 86' lang='lat' dir='ltr'>possit</span> <span class='ocrx_word' id='word_1_414' title='bbox 1600 969 1686 1000; x_wconf 90' lang='lat' dir='ltr'>uniri</span> <span class='ocrx_word' id='word_1_415' title='bbox 1707 970 1774 1000; x_wconf 86' lang='lat' dir='ltr'>sine</span> <span class='ocrx_word' id='word_1_416' title='bbox 1793 970 1840 1000; x_wconf 88' lang='lat' dir='ltr'>al-</span> 
     </span>
     <span class='ocr_line' id='line_1_61' title="bbox 1067 1021 1839 1062; baseline 0.004 -12"><span class='ocrx_word' id='word_1_417' title='bbox 1067 1023 1144 1051; x_wconf 90' lang='lat' dir='ltr'>tera.</span> <span class='ocrx_word' id='word_1_418' title='bbox 1160 1021 1197 1051; x_wconf 84' lang='lat' dir='ltr'>Et</span> <span class='ocrx_word' id='word_1_419' title='bbox 1211 1021 1295 1060; x_wconf 89' lang='lat' dir='ltr'>quod</span> <span class='ocrx_word' id='word_1_420' title='bbox 1316 1031 1381 1051; x_wconf 89' lang='lat' dir='ltr'>non</span> <span class='ocrx_word' id='word_1_421' title='bbox 1392 1046 1399 1058; x_wconf 93' lang='lat'>,</span> <span class='ocrx_word' id='word_1_422' title='bbox 1416 1022 1542 1052; x_wconf 87' lang='lat' dir='ltr'>videtur</span> <span class='ocrx_word' id='word_1_423' title='bbox 1559 1032 1566 1052; x_wconf 83' lang='lat' dir='ltr'>z</span> <span class='ocrx_word' id='word_1_424' title='bbox 1586 1022 1690 1052; x_wconf 90' lang='lat' dir='ltr'>Primo</span> <span class='ocrx_word' id='word_1_425' title='bbox 1706 1032 1762 1062; x_wconf 90' lang='lat' dir='ltr'>per</span> <span class='ocrx_word' id='word_1_426' title='bbox 1778 1023 1839 1054; x_wconf 85' lang='lat' dir='ltr'>Da-</span> 
     </span>
     <span class='ocr_line' id='line_1_62' title="bbox 1068 1074 1839 1114; baseline 0.004 -11"><span class='ocrx_word' id='word_1_427' title='bbox 1068 1082 1253 1104; x_wconf 83' lang='lat' dir='ltr'>mascenum</span> <span class='ocrx_word' id='word_1_428' title='bbox 1265 1076 1285 1112; x_wconf 60' lang='lat'>⁵,</span> <span class='ocrx_word' id='word_1_429' title='bbox 1298 1074 1353 1113; x_wconf 88' lang='lat' dir='ltr'>qui</span> <span class='ocrx_word' id='word_1_430' title='bbox 1365 1074 1440 1105; x_wconf 84' lang='lat' dir='ltr'>dicit</span> <span class='ocrx_word' id='word_1_431' title='bbox 1454 1075 1538 1114; x_wconf 85' lang='lat' dir='ltr'>quod</span> <span class='ocrx_word' id='word_1_432' title='bbox 1553 1075 1586 1105; x_wconf 89' lang='lat' dir='ltr'>in</span> <span class='ocrx_word' id='word_1_433' title='bbox 1601 1075 1718 1106; x_wconf 87' lang='lat' dir='ltr'>divinis</span> <span class='ocrx_word' id='word_1_434' title='bbox 1730 1075 1839 1106; x_wconf 83' lang='lat' dir='ltr'>omnia</span> 
     </span>
     <span class='ocr_line' id='line_1_63' title="bbox 1067 1128 1840 1167; baseline 0.004 -11"><span class='ocrx_word' id='word_1_435' title='bbox 1067 1129 1141 1157; x_wconf 88' lang='lat' dir='ltr'>sunt</span> <span class='ocrx_word' id='word_1_436' title='bbox 1156 1136 1260 1157; x_wconf 83' lang='lat' dir='ltr'>unum</span> <span class='ocrx_word' id='word_1_437' title='bbox 1276 1131 1392 1167; x_wconf 83' lang='lat' dir='ltr'>praeter</span> <span class='ocrx_word' id='word_1_438' title='bbox 1405 1128 1691 1167; x_wconf 80' lang='lat' dir='ltr'>ingenerationem,</span> <span class='ocrx_word' id='word_1_439' title='bbox 1708 1137 1840 1167; x_wconf 82' lang='lat' dir='ltr'>genera-</span> 
     </span>
     <span class='ocr_line' id='line_1_64' title="bbox 1066 1180 1838 1220; baseline 0.004 -11"><span class='ocrx_word' id='word_1_440' title='bbox 1066 1180 1198 1218; x_wconf 82' lang='lat' dir='ltr'>tionem,</span> <span class='ocrx_word' id='word_1_441' title='bbox 1214 1183 1243 1210; x_wconf 82' lang='lat' dir='ltr'>et</span> <span class='ocrx_word' id='word_1_442' title='bbox 1253 1181 1485 1220; x_wconf 80' lang='lat' dir='ltr'>processionem</span> <span class='ocrx_word' id='word_1_443' title='bbox 1498 1190 1504 1211; x_wconf 92' lang='lat'>:</span> <span class='ocrx_word' id='word_1_444' title='bbox 1522 1181 1575 1212; x_wconf 85' lang='lat' dir='ltr'>sed</span> <span class='ocrx_word' id='word_1_445' title='bbox 1587 1181 1762 1212; x_wconf 79' lang='lat' dir='ltr'>incarnatio</span> <span class='ocrx_word' id='word_1_446' title='bbox 1774 1191 1838 1212; x_wconf 92' lang='lat' dir='ltr'>non</span> 
     </span>
     <span class='ocr_line' id='line_1_65' title="bbox 1066 1234 1840 1274; baseline 0.004 -11"><span class='ocrx_word' id='word_1_447' title='bbox 1066 1235 1112 1263; x_wconf 86' lang='lat' dir='ltr'>est</span> <span class='ocrx_word' id='word_1_448' title='bbox 1127 1234 1246 1273; x_wconf 85' lang='lat' dir='ltr'>aliquid</span> <span class='ocrx_word' id='word_1_449' title='bbox 1258 1234 1375 1264; x_wconf 86' lang='lat' dir='ltr'>horum</span> <span class='ocrx_word' id='word_1_450' title='bbox 1391 1245 1397 1265; x_wconf 89' lang='grc'>;</span> <span class='ocrx_word' id='word_1_451' title='bbox 1414 1243 1492 1274; x_wconf 84' lang='lat' dir='ltr'>ergo</span> <span class='ocrx_word' id='word_1_452' title='bbox 1509 1234 1535 1265; x_wconf 89' lang='lat' dir='ltr'>si</span> <span class='ocrx_word' id='word_1_453' title='bbox 1549 1235 1707 1266; x_wconf 86' lang='lat' dir='ltr'>incarnari</span> <span class='ocrx_word' id='word_1_454' title='bbox 1721 1244 1840 1266; x_wconf 83' lang='lat' dir='ltr'>conve-</span> 
     </span>
     <span class='ocr_line' id='line_1_66' title="bbox 1067 1287 1840 1328; baseline 0.004 -11"><span class='ocrx_word' id='word_1_455' title='bbox 1067 1287 1113 1317; x_wconf 88' lang='lat' dir='ltr'>nit</span> <span class='ocrx_word' id='word_1_456' title='bbox 1129 1288 1184 1318; x_wconf 91' lang='lat' dir='ltr'>uni</span> <span class='ocrx_word' id='word_1_457' title='bbox 1198 1297 1353 1327; x_wconf 59' lang='lat' dir='ltr'>personae,</span> <span class='ocrx_word' id='word_1_458' title='bbox 1370 1297 1495 1318; x_wconf 85' lang='lat' dir='ltr'>necesse</span> <span class='ocrx_word' id='word_1_459' title='bbox 1509 1290 1555 1318; x_wconf 86' lang='lat' dir='ltr'>est</span> <span class='ocrx_word' id='word_1_460' title='bbox 1569 1289 1655 1328; x_wconf 91' lang='lat' dir='ltr'>quod</span> <span class='ocrx_word' id='word_1_461' title='bbox 1671 1289 1840 1321; x_wconf 86' lang='lat' dir='ltr'>conveniat</span> 
     </span>
     <span class='ocr_line' id='line_1_67' title="bbox 1065 1340 1165 1371; baseline 0 -1"><span class='ocrx_word' id='word_1_462' title='bbox 1065 1340 1165 1371; x_wconf 82' lang='lat' dir='ltr'>alteri.</span> 
     </span>
    </p>

    <p class='ocr_par' dir='ltr' id='par_1_14' title="bbox 1065 1393 1838 1649">
     <span class='ocr_line' id='line_1_68' title="bbox 1106 1393 1835 1434; baseline 0.004 -10"><span class='ocrx_word' id='word_1_463' title='bbox 1106 1396 1136 1424; x_wconf 73' lang='lat'>2.</span> <span class='ocrx_word' id='word_1_464' title='bbox 1158 1393 1237 1424; x_wconf 84' lang='lat' dir='ltr'>item</span> <span class='ocrx_word' id='word_1_465' title='bbox 1253 1397 1262 1412; x_wconf 62' lang='lat'>5</span> <span class='ocrx_word' id='word_1_466' title='bbox 1281 1403 1377 1434; x_wconf 87' lang='lat' dir='ltr'>opera</span> <span class='ocrx_word' id='word_1_467' title='bbox 1397 1393 1559 1424; x_wconf 84' lang='lat' dir='ltr'>Trinitatis</span> <span class='ocrx_word' id='word_1_468' title='bbox 1578 1396 1653 1425; x_wconf 88' lang='lat' dir='ltr'>sunt</span> <span class='ocrx_word' id='word_1_469' title='bbox 1675 1394 1812 1427; x_wconf 84' lang='lat' dir='ltr'>indivisa</span> <span class='ocrx_word' id='word_1_470' title='bbox 1829 1407 1835 1427; x_wconf 94' lang='lat'><strong>:</strong></span> 
     </span>
     <span class='ocr_line' id='line_1_69' title="bbox 1066 1447 1838 1488; baseline 0.004 -11"><span class='ocrx_word' id='word_1_471' title='bbox 1066 1455 1144 1486; x_wconf 82' lang='lat' dir='ltr'>ergo</span> <span class='ocrx_word' id='word_1_472' title='bbox 1159 1456 1239 1487; x_wconf 88' lang='lat' dir='ltr'>opus</span> <span class='ocrx_word' id='word_1_473' title='bbox 1260 1447 1345 1487; x_wconf 87' lang='lat' dir='ltr'>quod</span> <span class='ocrx_word' id='word_1_474' title='bbox 1360 1447 1510 1479; x_wconf 87' lang='lat' dir='ltr'>convenit</span> <span class='ocrx_word' id='word_1_475' title='bbox 1527 1447 1584 1478; x_wconf 91' lang='lat' dir='ltr'>uni</span> <span class='ocrx_word' id='word_1_476' title='bbox 1603 1457 1762 1488; x_wconf 85' lang='lat' dir='ltr'>personae,</span> <span class='ocrx_word' id='word_1_477' title='bbox 1782 1458 1838 1480; x_wconf 90' lang='lat' dir='ltr'>ne-</span> 
     </span>
     <span class='ocr_line' id='line_1_70' title="bbox 1065 1502 1837 1543; baseline 0.003 -11"><span class='ocrx_word' id='word_1_478' title='bbox 1065 1511 1150 1532; x_wconf 91' lang='lat' dir='ltr'>cesse</span> <span class='ocrx_word' id='word_1_479' title='bbox 1171 1504 1217 1533; x_wconf 89' lang='lat' dir='ltr'>est</span> <span class='ocrx_word' id='word_1_480' title='bbox 1235 1502 1320 1542; x_wconf 87' lang='lat' dir='ltr'>quod</span> <span class='ocrx_word' id='word_1_481' title='bbox 1336 1502 1505 1533; x_wconf 82' lang='lat' dir='ltr'>conveniat</span> <span class='ocrx_word' id='word_1_482' title='bbox 1519 1502 1609 1533; x_wconf 84' lang='lat' dir='ltr'>alteri</span> <span class='ocrx_word' id='word_1_483' title='bbox 1625 1512 1633 1533; x_wconf 76' lang='grc' dir='ltr'><strong><em>ε</em></strong></span> <span class='ocrx_word' id='word_1_484' title='bbox 1649 1512 1728 1543; x_wconf 84' lang='lat' dir='ltr'>ergo</span> <span class='ocrx_word' id='word_1_485' title='bbox 1742 1503 1769 1534; x_wconf 93' lang='lat' dir='ltr'>si</span> <span class='ocrx_word' id='word_1_486' title='bbox 1785 1503 1837 1534; x_wconf 88' lang='lat' dir='ltr'>in-</span> 
     </span>
     <span class='ocr_line' id='line_1_71' title="bbox 1065 1556 1838 1597; baseline 0.003 -11"><span class='ocrx_word' id='word_1_487' title='bbox 1065 1556 1205 1587; x_wconf 75' lang='lat' dir='ltr'>carnatio</span> <span class='ocrx_word' id='word_1_488' title='bbox 1219 1558 1266 1586; x_wconf 89' lang='lat' dir='ltr'>est</span> <span class='ocrx_word' id='word_1_489' title='bbox 1279 1565 1360 1596; x_wconf 86' lang='lat' dir='ltr'>opus</span> <span class='ocrx_word' id='word_1_490' title='bbox 1383 1556 1458 1593; x_wconf 88' lang='lat' dir='ltr'>Dei,</span> <span class='ocrx_word' id='word_1_491' title='bbox 1474 1556 1668 1596; x_wconf 87' lang='lat' dir='ltr'>impossibile</span> <span class='ocrx_word' id='word_1_492' title='bbox 1686 1559 1733 1588; x_wconf 92' lang='lat' dir='ltr'>est</span> <span class='ocrx_word' id='word_1_493' title='bbox 1751 1557 1838 1597; x_wconf 85' lang='lat' dir='ltr'>quod</span> 
     </span>
     <span class='ocr_line' id='line_1_72' title="bbox 1065 1609 1662 1649; baseline 0.002 -10"><span class='ocrx_word' id='word_1_494' title='bbox 1065 1610 1231 1640; x_wconf 82' lang='lat' dir='ltr'>conveniat</span> <span class='ocrx_word' id='word_1_495' title='bbox 1242 1609 1298 1640; x_wconf 92' lang='lat' dir='ltr'>uni</span> <span class='ocrx_word' id='word_1_496' title='bbox 1314 1618 1458 1649; x_wconf 68' lang='lat' dir='ltr'>personae</span> <span class='ocrx_word' id='word_1_497' title='bbox 1474 1609 1542 1640; x_wconf 86' lang='lat' dir='ltr'>sine</span> <span class='ocrx_word' id='word_1_498' title='bbox 1554 1609 1662 1640; x_wconf 82' lang='lat' dir='ltr'>altera.</span> 
     </span>
    </p>

    <p class='ocr_par' dir='ltr' id='par_1_15' title="bbox 1063 1662 1837 1916">
     <span class='ocr_line' id='line_1_73' title="bbox 1105 1662 1835 1706; baseline 0.007 -14"><span class='ocrx_word' id='word_1_499' title='bbox 1105 1665 1135 1693; x_wconf 84' lang='lat'>3.</span> <span class='ocrx_word' id='word_1_500' title='bbox 1152 1662 1230 1693; x_wconf 86' lang='lat' dir='ltr'>Item</span> <span class='ocrx_word' id='word_1_501' title='bbox 1251 1663 1426 1693; x_wconf 81' lang='lat' dir='ltr'>incarnatio</span> <span class='ocrx_word' id='word_1_502' title='bbox 1452 1665 1498 1693; x_wconf 90' lang='lat' dir='ltr'>est</span> <span class='ocrx_word' id='word_1_503' title='bbox 1515 1672 1594 1703; x_wconf 87' lang='lat' dir='ltr'>opus</span> <span class='ocrx_word' id='word_1_504' title='bbox 1607 1665 1835 1706; x_wconf 61' lang='lat' dir='ltr'>recreationis„</span> 
     </span>
     <span class='ocr_line' id='line_1_74' title="bbox 1064 1715 1836 1756; baseline 0.004 -11"><span class='ocrx_word' id='word_1_505' title='bbox 1064 1715 1146 1745; x_wconf 82' lang='lat' dir='ltr'>sieut</span> <span class='ocrx_word' id='word_1_506' title='bbox 1160 1715 1299 1745; x_wconf 89' lang='lat' dir='ltr'>hominis</span> <span class='ocrx_word' id='word_1_507' title='bbox 1314 1715 1460 1746; x_wconf 85' lang='lat' dir='ltr'>formatio</span> <span class='ocrx_word' id='word_1_508' title='bbox 1475 1715 1534 1746; x_wconf 85' lang='lat' dir='ltr'>fuit</span> <span class='ocrx_word' id='word_1_509' title='bbox 1547 1725 1626 1756; x_wconf 89' lang='lat' dir='ltr'>opus</span> <span class='ocrx_word' id='word_1_510' title='bbox 1639 1718 1812 1750; x_wconf 76' lang='lat' dir='ltr'>creationis</span> <span class='ocrx_word' id='word_1_511' title='bbox 1826 1729 1836 1748; x_wconf 86' lang='grc'>.-</span> 
     </span>
     <span class='ocr_line' id='line_1_75' title="bbox 1064 1768 1837 1810; baseline 0.005 -12"><span class='ocrx_word' id='word_1_512' title='bbox 1064 1769 1117 1799; x_wconf 84' lang='lat' dir='ltr'>sed</span> <span class='ocrx_word' id='word_1_513' title='bbox 1133 1768 1326 1808; x_wconf 85' lang='lat' dir='ltr'>impossibile</span> <span class='ocrx_word' id='word_1_514' title='bbox 1341 1771 1387 1798; x_wconf 86' lang='lat' dir='ltr'>est</span> <span class='ocrx_word' id='word_1_515' title='bbox 1401 1768 1564 1799; x_wconf 88' lang='lat' dir='ltr'>hominem</span> <span class='ocrx_word' id='word_1_516' title='bbox 1584 1769 1628 1800; x_wconf 83' lang='lat' dir='ltr'>ita</span> <span class='ocrx_word' id='word_1_517' title='bbox 1652 1770 1691 1810; x_wconf 86' lang='grc' dir='ltr'>(α)</span> <span class='ocrx_word' id='word_1_518' title='bbox 1706 1771 1837 1802; x_wconf 88' lang='lat' dir='ltr'>formari</span> 
     </span>
     <span class='ocr_line' id='line_1_76' title="bbox 1064 1822 1837 1864; baseline 0.005 -12"><span class='ocrx_word' id='word_1_519' title='bbox 1064 1822 1103 1852; x_wconf 85' lang='lat' dir='ltr'>ab</span> <span class='ocrx_word' id='word_1_520' title='bbox 1118 1832 1183 1852; x_wconf 89' lang='lat' dir='ltr'>una</span> <span class='ocrx_word' id='word_1_521' title='bbox 1198 1831 1342 1862; x_wconf 81' lang='lat' dir='ltr'>persona,</span> <span class='ocrx_word' id='word_1_522' title='bbox 1357 1822 1443 1861; x_wconf 88' lang='lat' dir='ltr'>quod</span> <span class='ocrx_word' id='word_1_523' title='bbox 1458 1831 1522 1852; x_wconf 90' lang='lat' dir='ltr'>non</span> <span class='ocrx_word' id='word_1_524' title='bbox 1536 1823 1575 1852; x_wconf 82' lang='lat' dir='ltr'>ab</span> <span class='ocrx_word' id='word_1_525' title='bbox 1590 1823 1670 1854; x_wconf 85' lang='lat' dir='ltr'>alia:</span> <span class='ocrx_word' id='word_1_526' title='bbox 1683 1833 1761 1864; x_wconf 82' lang='lat' dir='ltr'>ergo</span> <span class='ocrx_word' id='word_1_527' title='bbox 1771 1834 1837 1856; x_wconf 87' lang='lat' dir='ltr'>una</span> 
     </span>
     <span class='ocr_line' id='line_1_77' title="bbox 1063 1876 1732 1916; baseline 0.003 -9"><span class='ocrx_word' id='word_1_528' title='bbox 1063 1886 1198 1916; x_wconf 86' lang='lat' dir='ltr'>persona</span> <span class='ocrx_word' id='word_1_529' title='bbox 1213 1886 1275 1907; x_wconf 91' lang='lat' dir='ltr'>non</span> <span class='ocrx_word' id='word_1_530' title='bbox 1291 1878 1390 1916; x_wconf 88' lang='lat' dir='ltr'>potest</span> <span class='ocrx_word' id='word_1_531' title='bbox 1406 1876 1565 1907; x_wconf 84' lang='lat' dir='ltr'>incarnari</span> <span class='ocrx_word' id='word_1_532' title='bbox 1580 1877 1647 1908; x_wconf 89' lang='lat' dir='ltr'>sine</span> <span class='ocrx_word' id='word_1_533' title='bbox 1661 1878 1732 1909; x_wconf 85' lang='lat' dir='ltr'>alia.</span> 
     </span>
    </p>

    <p class='ocr_par' dir='ltr' id='par_1_16' title="bbox 1061 1930 1836 2281">
     <span class='ocr_line' id='line_1_78' title="bbox 1105 1930 1836 1970; baseline 0.005 -10"><span class='ocrx_word' id='word_1_534' title='bbox 1105 1932 1133 1960; x_wconf 71' lang='lat'>4.</span> <span class='ocrx_word' id='word_1_535' title='bbox 1151 1930 1229 1960; x_wconf 89' lang='lat' dir='ltr'>Item</span> <span class='ocrx_word' id='word_1_536' title='bbox 1245 1930 1421 1970; x_wconf 85' lang='lat' dir='ltr'>perfectiori</span> <span class='ocrx_word' id='word_1_537' title='bbox 1437 1930 1531 1960; x_wconf 86' lang='lat' dir='ltr'>modo</span> <span class='ocrx_word' id='word_1_538' title='bbox 1550 1932 1596 1960; x_wconf 88' lang='lat' dir='ltr'>est</span> <span class='ocrx_word' id='word_1_539' title='bbox 1617 1931 1698 1962; x_wconf 91' lang='lat' dir='ltr'>Deus</span> <span class='ocrx_word' id='word_1_540' title='bbox 1718 1932 1753 1963; x_wconf 90' lang='lat' dir='ltr'>in</span> <span class='ocrx_word' id='word_1_541' title='bbox 1774 1932 1836 1964; x_wconf 87' lang='lat' dir='ltr'>ali-</span> 
     </span>
     <span class='ocr_line' id='line_1_79' title="bbox 1063 1983 1836 2023; baseline 0.005 -10"><span class='ocrx_word' id='word_1_542' title='bbox 1063 1993 1126 2023; x_wconf 84' lang='lat' dir='ltr'>quo</span> <span class='ocrx_word' id='word_1_543' title='bbox 1140 1983 1267 2023; x_wconf 83' lang='lat' dir='ltr'>quando</span> <span class='ocrx_word' id='word_1_544' title='bbox 1283 1985 1329 2013; x_wconf 85' lang='lat' dir='ltr'>est</span> <span class='ocrx_word' id='word_1_545' title='bbox 1341 1992 1396 2023; x_wconf 91' lang='lat' dir='ltr'>per</span> <span class='ocrx_word' id='word_1_546' title='bbox 1410 1984 1576 2022; x_wconf 87' lang='lat' dir='ltr'>unionem,</span> <span class='ocrx_word' id='word_1_547' title='bbox 1593 1993 1689 2023; x_wconf 89' lang='lat' dir='ltr'>quam</span> <span class='ocrx_word' id='word_1_548' title='bbox 1703 1994 1778 2016; x_wconf 87' lang='lat' dir='ltr'>cum</span> <span class='ocrx_word' id='word_1_549' title='bbox 1789 1989 1836 2017; x_wconf 87' lang='lat' dir='ltr'>est</span> 
     </span>
     <span class='ocr_line' id='line_1_80' title="bbox 1063 2037 1835 2078; baseline 0.001 -10"><span class='ocrx_word' id='word_1_550' title='bbox 1063 2047 1118 2077; x_wconf 88' lang='lat' dir='ltr'>per</span> <span class='ocrx_word' id='word_1_551' title='bbox 1132 2037 1269 2076; x_wconf 80' lang='lat' dir='ltr'>gratiam</span> <span class='ocrx_word' id='word_1_552' title='bbox 1288 2037 1517 2067; x_wconf 83' lang='lat' dir='ltr'>inhabitantem</span> <span class='ocrx_word' id='word_1_553' title='bbox 1534 2048 1541 2067; x_wconf 75' lang='grc' dir='ltr'>ι</span> <span class='ocrx_word' id='word_1_554' title='bbox 1566 2037 1619 2068; x_wconf 86' lang='lat' dir='ltr'>sed</span> <span class='ocrx_word' id='word_1_555' title='bbox 1642 2037 1835 2078; x_wconf 89' lang='lat' dir='ltr'>impossibile</span> 
     </span>
     <span class='ocr_line' id='line_1_81' title="bbox 1061 2090 1835 2131; baseline 0.001 -10"><span class='ocrx_word' id='word_1_556' title='bbox 1061 2093 1106 2122; x_wconf 89' lang='lat' dir='ltr'>est</span> <span class='ocrx_word' id='word_1_557' title='bbox 1122 2100 1220 2121; x_wconf 85' lang='lat' dir='ltr'>unam</span> <span class='ocrx_word' id='word_1_558' title='bbox 1235 2099 1402 2130; x_wconf 83' lang='lat' dir='ltr'>personam</span> <span class='ocrx_word' id='word_1_559' title='bbox 1417 2090 1596 2121; x_wconf 84' lang='lat' dir='ltr'>inhabitare</span> <span class='ocrx_word' id='word_1_560' title='bbox 1610 2090 1643 2120; x_wconf 90' lang='lat' dir='ltr'>in</span> <span class='ocrx_word' id='word_1_561' title='bbox 1657 2090 1764 2130; x_wconf 83' lang='lat' dir='ltr'>aliquo</span> <span class='ocrx_word' id='word_1_562' title='bbox 1778 2100 1835 2131; x_wconf 91' lang='lat' dir='ltr'>per</span> 
     </span>
     <span class='ocr_line' id='line_1_82' title="bbox 1062 2143 1835 2183; baseline 0.003 -9"><span class='ocrx_word' id='word_1_563' title='bbox 1062 2144 1200 2183; x_wconf 83' lang='lat' dir='ltr'>gratiam</span> <span class='ocrx_word' id='word_1_564' title='bbox 1224 2144 1261 2182; x_wconf 84' lang='lat' dir='ltr'>(b)</span> <span class='ocrx_word' id='word_1_565' title='bbox 1282 2143 1351 2174; x_wconf 88' lang='lat' dir='ltr'>sine</span> <span class='ocrx_word' id='word_1_566' title='bbox 1370 2143 1431 2174; x_wconf 83' lang='lat' dir='ltr'>alia</span> <span class='ocrx_word' id='word_1_567' title='bbox 1448 2154 1455 2174; x_wconf 73' lang='grc' dir='ltr'>ε</span> <span class='ocrx_word' id='word_1_568' title='bbox 1477 2152 1554 2182; x_wconf 83' lang='lat' dir='ltr'>ergo</span> <span class='ocrx_word' id='word_1_569' title='bbox 1574 2143 1767 2183; x_wconf 87' lang='lat' dir='ltr'>impossibile</span> <span class='ocrx_word' id='word_1_570' title='bbox 1788 2148 1835 2176; x_wconf 91' lang='lat' dir='ltr'>est</span> 
     </span>
     <span class='ocr_line' id='line_1_83' title="bbox 1062 2196 1834 2238; baseline 0.001 -10"><span class='ocrx_word' id='word_1_571' title='bbox 1062 2207 1161 2228; x_wconf 61' lang='lat' dir='ltr'>Luam</span> <span class='ocrx_word' id='word_1_572' title='bbox 1188 2205 1357 2237; x_wconf 84' lang='lat' dir='ltr'>personam</span> <span class='ocrx_word' id='word_1_573' title='bbox 1376 2196 1419 2226; x_wconf 86' lang='lat' dir='ltr'>ita</span> <span class='ocrx_word' id='word_1_574' title='bbox 1445 2196 1484 2236; x_wconf 79' lang='lat' dir='ltr'>(a)</span> <span class='ocrx_word' id='word_1_575' title='bbox 1509 2197 1593 2227; x_wconf 90' lang='lat' dir='ltr'>uniri</span> <span class='ocrx_word' id='word_1_576' title='bbox 1615 2197 1703 2227; x_wconf 85' lang='lat' dir='ltr'>carni</span> <span class='ocrx_word' id='word_1_577' title='bbox 1716 2220 1724 2236; x_wconf 86' lang='lat'>,</span> <span class='ocrx_word' id='word_1_578' title='bbox 1748 2199 1834 2238; x_wconf 88' lang='lat' dir='ltr'>quod</span> 
     </span>
     <span class='ocr_line' id='line_1_84' title="bbox 1061 2249 1396 2281; baseline -0.006 0"><span class='ocrx_word' id='word_1_579' title='bbox 1061 2260 1125 2281; x_wconf 90' lang='lat' dir='ltr'>non</span> <span class='ocrx_word' id='word_1_580' title='bbox 1139 2250 1270 2281; x_wconf 82' lang='lat' dir='ltr'>uniatur</span> <span class='ocrx_word' id='word_1_581' title='bbox 1284 2250 1314 2279; x_wconf 89' lang='lat' dir='ltr'>et</span> <span class='ocrx_word' id='word_1_582' title='bbox 1326 2249 1396 2279; x_wconf 80' lang='lat' dir='ltr'>alia.</span> 
     </span>
    </p>

    <p class='ocr_par' dir='ltr' id='par_1_17' title="bbox 1059 2302 1832 2449">
     <span class='ocr_line' id='line_1_85' title="bbox 1101 2302 1832 2342; baseline 0.001 -8"><span class='ocrx_word' id='word_1_583' title='bbox 1101 2305 1130 2334; x_wconf 77' lang='lat'>5.</span> <span class='ocrx_word' id='word_1_584' title='bbox 1148 2303 1225 2333; x_wconf 89' lang='lat' dir='ltr'>Item</span> <span class='ocrx_word' id='word_1_585' title='bbox 1249 2302 1441 2342; x_wconf 87' lang='lat' dir='ltr'>impossibile</span> <span class='ocrx_word' id='word_1_586' title='bbox 1462 2305 1507 2333; x_wconf 90' lang='lat' dir='ltr'>est</span> <span class='ocrx_word' id='word_1_587' title='bbox 1528 2302 1644 2333; x_wconf 90' lang='lat' dir='ltr'>Filium</span> <span class='ocrx_word' id='word_1_588' title='bbox 1666 2304 1776 2335; x_wconf 89' lang='lat' dir='ltr'>venire</span> <span class='ocrx_word' id='word_1_589' title='bbox 1798 2304 1832 2335; x_wconf 90' lang='lat' dir='ltr'>in</span> 
     </span>
     <span class='ocr_line' id='line_1_86' title="bbox 1060 2355 1832 2396; baseline 0.001 -9"><span class='ocrx_word' id='word_1_590' title='bbox 1060 2358 1211 2394; x_wconf 89' lang='lat' dir='ltr'>mentem,</span> <span class='ocrx_word' id='word_1_591' title='bbox 1227 2356 1307 2396; x_wconf 86' lang='lat' dir='ltr'>quin</span> <span class='ocrx_word' id='word_1_592' title='bbox 1320 2356 1415 2386; x_wconf 89' lang='lat' dir='ltr'>simul</span> <span class='ocrx_word' id='word_1_593' title='bbox 1430 2355 1537 2387; x_wconf 86' lang='lat' dir='ltr'>veniat</span> <span class='ocrx_word' id='word_1_594' title='bbox 1553 2365 1628 2387; x_wconf 86' lang='lat' dir='ltr'>cum</span> <span class='ocrx_word' id='word_1_595' title='bbox 1644 2366 1682 2388; x_wconf 91' lang='lat' dir='ltr'>eo</span> <span class='ocrx_word' id='word_1_596' title='bbox 1694 2359 1725 2388; x_wconf 87' lang='lat' dir='ltr'>et</span> <span class='ocrx_word' id='word_1_597' title='bbox 1738 2356 1832 2389; x_wconf 85' lang='lat' dir='ltr'>Pater</span> 
     </span>
     <span class='ocr_line' id='line_1_87' title="bbox 1059 2409 1830 2449; baseline 0.003 -8"><span class='ocrx_word' id='word_1_598' title='bbox 1059 2412 1090 2441; x_wconf 90' lang='lat' dir='ltr'>et</span> <span class='ocrx_word' id='word_1_599' title='bbox 1104 2409 1239 2449; x_wconf 88' lang='lat' dir='ltr'>Spiritus</span> <span class='ocrx_word' id='word_1_600' title='bbox 1256 2411 1399 2447; x_wconf 80' lang='lat' dir='ltr'>sanctus,</span> <span class='ocrx_word' id='word_1_601' title='bbox 1415 2409 1496 2440; x_wconf 84' lang='lat' dir='ltr'>sicut</span> <span class='ocrx_word' id='word_1_602' title='bbox 1507 2409 1621 2441; x_wconf 89' lang='lat' dir='ltr'>dicitur</span> <span class='ocrx_word' id='word_1_603' title='bbox 1636 2413 1646 2429; x_wconf 83' lang='lat'><strong>⁶</strong></span> <span class='ocrx_word' id='word_1_604' title='bbox 1664 2420 1671 2441; x_wconf 77' lang='grc' dir='ltr'><strong>ι</strong></span> <span class='ocrx_word' id='word_1_605' title='bbox 1689 2410 1742 2442; x_wconf 82' lang='lat' dir='ltr'>Ad</span> <span class='ocrx_word' id='word_1_606' title='bbox 1760 2419 1830 2443; x_wconf 84' lang='lat' dir='ltr'>eum</span> 
     </span>
    </p>
   </div>
   <div class='ocr_carea' id='block_1_11' title="bbox 1059 2504 1830 2716">
    <p class='ocr_par' dir='ltr' id='par_1_18' title="bbox 1059 2504 1830 2716">
     <span class='ocr_line' id='line_1_88' title="bbox 1059 2504 1829 2539; baseline 0 -7"><span class='ocrx_word' id='word_1_607' title='bbox 1059 2509 1145 2539; x_wconf 58' lang='lat' dir='ltr'>Rom„</span> <span class='ocrx_word' id='word_1_608' title='bbox 1166 2508 1196 2531; x_wconf 91' lang='lat' dir='ltr'>lli</span> <span class='ocrx_word' id='word_1_609' title='bbox 1215 2507 1293 2535; x_wconf 62' lang='lat' dir='ltr'>Sem„</span> <span class='ocrx_word' id='word_1_610' title='bbox 1314 2506 1371 2530; x_wconf 74' lang='lat' dir='ltr'>dist.</span> <span class='ocrx_word' id='word_1_611' title='bbox 1390 2512 1417 2535; x_wconf 86' lang='lat'>1,</span> <span class='ocrx_word' id='word_1_612' title='bbox 1434 2512 1459 2536; x_wconf 80' lang='lat' dir='ltr'>q.</span> <span class='ocrx_word' id='word_1_613' title='bbox 1477 2510 1519 2535; x_wconf 79' lang='lat'>1113</span> <span class='ocrx_word' id='word_1_614' title='bbox 1534 2504 1683 2535; x_wconf 71' lang='lat' dir='ltr'>menardus,</span> <span class='ocrx_word' id='word_1_615' title='bbox 1701 2506 1732 2529; x_wconf 91' lang='lat' dir='ltr'>lli</span> <span class='ocrx_word' id='word_1_616' title='bbox 1749 2506 1829 2538; x_wconf 69' lang='lat' dir='ltr'>Sem„</span> 
     </span>
     <span class='ocr_line' id='line_1_89' title="bbox 1060 2540 1827 2574; baseline -0.001 -7"><span class='ocrx_word' id='word_1_617' title='bbox 1060 2544 1118 2567; x_wconf 78' lang='lat' dir='ltr'>(list.</span> <span class='ocrx_word' id='word_1_618' title='bbox 1130 2550 1146 2569; x_wconf 87' lang='grc' dir='ltr'>ῐ,</span> <span class='ocrx_word' id='word_1_619' title='bbox 1161 2551 1185 2573; x_wconf 75' lang='lat' dir='ltr'>q.</span> <span class='ocrx_word' id='word_1_620' title='bbox 1199 2542 1364 2572; x_wconf 66' lang='lat' dir='ltr'>11312etrustle</span> <span class='ocrx_word' id='word_1_621' title='bbox 1375 2542 1515 2571; x_wconf 63' lang='lat' dir='ltr'>Tarautas„</span> <span class='ocrx_word' id='word_1_622' title='bbox 1525 2541 1556 2564; x_wconf 93' lang='lat' dir='ltr'>lll</span> <span class='ocrx_word' id='word_1_623' title='bbox 1569 2540 1648 2571; x_wconf 63' lang='lat' dir='ltr'>Sent„</span> <span class='ocrx_word' id='word_1_624' title='bbox 1660 2541 1718 2565; x_wconf 74' lang='lat' dir='ltr'>dist.</span> <span class='ocrx_word' id='word_1_625' title='bbox 1728 2547 1746 2572; x_wconf 87' lang='lat'>1,</span> <span class='ocrx_word' id='word_1_626' title='bbox 1757 2549 1782 2573; x_wconf 88' lang='lat' dir='ltr'>q.</span> <span class='ocrx_word' id='word_1_627' title='bbox 1792 2548 1827 2574; x_wconf 73' lang='lat'>115</span> 
     </span>
     <span class='ocr_line' id='line_1_90' title="bbox 1059 2579 1830 2610; baseline -0.003 -5"><span class='ocrx_word' id='word_1_628' title='bbox 1059 2582 1148 2606; x_wconf 87' lang='lat' dir='ltr'>Tliom.</span> <span class='ocrx_word' id='word_1_629' title='bbox 1167 2583 1235 2609; x_wconf 63' lang='lat' dir='ltr'>Arg„</span> <span class='ocrx_word' id='word_1_630' title='bbox 1254 2581 1283 2603; x_wconf 78' lang='lat' dir='ltr'>lli</span> <span class='ocrx_word' id='word_1_631' title='bbox 1297 2581 1374 2607; x_wconf 65' lang='lat' dir='ltr'>Seni„</span> <span class='ocrx_word' id='word_1_632' title='bbox 1391 2579 1448 2602; x_wconf 72' lang='lat' dir='ltr'>dist.</span> <span class='ocrx_word' id='word_1_633' title='bbox 1466 2585 1484 2607; x_wconf 87' lang='grc' dir='ltr'>ῐ,</span> <span class='ocrx_word' id='word_1_634' title='bbox 1500 2586 1515 2609; x_wconf 81' lang='lat' dir='ltr'>q</span> <span class='ocrx_word' id='word_1_635' title='bbox 1541 2580 1564 2606; x_wconf 72' lang='lat'>2,</span> <span class='ocrx_word' id='word_1_636' title='bbox 1576 2580 1623 2601; x_wconf 86' lang='lat' dir='ltr'>art.</span> <span class='ocrx_word' id='word_1_637' title='bbox 1639 2580 1669 2609; x_wconf 71' lang='lat'>23</span> <span class='ocrx_word' id='word_1_638' title='bbox 1687 2580 1830 2610; x_wconf 75' lang='lat' dir='ltr'>Stephanus</span> 
     </span>
     <span class='ocr_line' id='line_1_91' title="bbox 1061 2614 1830 2647; baseline 0 -6"><span class='ocrx_word' id='word_1_639' title='bbox 1061 2617 1163 2647; x_wconf 58' lang='lat' dir='ltr'>Brutos„</span> <span class='ocrx_word' id='word_1_640' title='bbox 1178 2616 1207 2640; x_wconf 87' lang='lat' dir='ltr'>iil</span> <span class='ocrx_word' id='word_1_641' title='bbox 1226 2617 1302 2639; x_wconf 74' lang='lat' dir='ltr'>Sem..</span> <span class='ocrx_word' id='word_1_642' title='bbox 1315 2615 1372 2638; x_wconf 75' lang='lat' dir='ltr'>dist.</span> <span class='ocrx_word' id='word_1_643' title='bbox 1385 2621 1406 2645; x_wconf 84' lang='lat'>1,</span> <span class='ocrx_word' id='word_1_644' title='bbox 1423 2622 1447 2645; x_wconf 85' lang='lat' dir='ltr'>q.</span> <span class='ocrx_word' id='word_1_645' title='bbox 1461 2620 1487 2638; x_wconf 89' lang='lat' dir='ltr'>n.</span> <span class='ocrx_word' id='word_1_646' title='bbox 1498 2627 1529 2630; x_wconf 97' lang='lat'><strong>—</strong></span> <span class='ocrx_word' id='word_1_647' title='bbox 1543 2614 1552 2629; x_wconf 65' lang='lat'>⁵</span> <span class='ocrx_word' id='word_1_648' title='bbox 1567 2614 1639 2638; x_wconf 84' lang='lat' dir='ltr'>Joan.</span> <span class='ocrx_word' id='word_1_649' title='bbox 1659 2616 1786 2647; x_wconf 63' lang='lat' dir='ltr'>Damaso„</span> <span class='ocrx_word' id='word_1_650' title='bbox 1801 2616 1830 2641; x_wconf 84' lang='lat' dir='ltr'>de</span> 
     </span>
     <span class='ocr_line' id='line_1_92' title="bbox 1061 2648 1828 2682; baseline -0.001 -6"><span class='ocrx_word' id='word_1_651' title='bbox 1061 2651 1160 2677; x_wconf 77' lang='lat' dir='ltr'>Orthod.</span> <span class='ocrx_word' id='word_1_652' title='bbox 1172 2651 1228 2681; x_wconf 81' lang='lat' dir='ltr'>fid..</span> <span class='ocrx_word' id='word_1_653' title='bbox 1243 2651 1285 2675; x_wconf 82' lang='lat' dir='ltr'>lib.</span> <span class='ocrx_word' id='word_1_654' title='bbox 1299 2651 1317 2680; x_wconf 91' lang='lat' dir='ltr'>l,</span> <span class='ocrx_word' id='word_1_655' title='bbox 1328 2658 1350 2674; x_wconf 92' lang='lat' dir='ltr'>c.</span> <span class='ocrx_word' id='word_1_656' title='bbox 1362 2656 1397 2674; x_wconf 74' lang='lat' dir='ltr'>xx.</span> <span class='ocrx_word' id='word_1_657' title='bbox 1406 2663 1436 2668; x_wconf 89' lang='lat'>—</span> <span class='ocrx_word' id='word_1_658' title='bbox 1445 2650 1455 2665; x_wconf 69' lang='lat'>⁵</span> <span class='ocrx_word' id='word_1_659' title='bbox 1465 2651 1540 2681; x_wconf 61' lang='lat' dir='ltr'>Aua„</span> <span class='ocrx_word' id='word_1_660' title='bbox 1551 2648 1580 2672; x_wconf 85' lang='lat' dir='ltr'>de</span> <span class='ocrx_word' id='word_1_661' title='bbox 1592 2649 1670 2680; x_wconf 66' lang='lat' dir='ltr'>Trin„</span> <span class='ocrx_word' id='word_1_662' title='bbox 1682 2650 1726 2675; x_wconf 87' lang='lat' dir='ltr'>lib.</span> <span class='ocrx_word' id='word_1_663' title='bbox 1737 2651 1756 2682; x_wconf 85' lang='lat' dir='ltr'>l,</span> <span class='ocrx_word' id='word_1_664' title='bbox 1766 2658 1828 2676; x_wconf 89' lang='lat' dir='ltr'>e.1v</span> 
     </span>
     <span class='ocr_line' id='line_1_93' title="bbox 1060 2687 1406 2716; baseline -0.006 -4"><span class='ocrx_word' id='word_1_665' title='bbox 1060 2690 1085 2712; x_wconf 89' lang='lat' dir='ltr'>et</span> <span class='ocrx_word' id='word_1_666' title='bbox 1099 2694 1169 2712; x_wconf 83' lang='lat' dir='ltr'>v1.—</span> <span class='ocrx_word' id='word_1_667' title='bbox 1182 2688 1192 2704; x_wconf 69' lang='grc' dir='ltr'>Θ</span> <span class='ocrx_word' id='word_1_668' title='bbox 1203 2688 1283 2716; x_wconf 76' lang='lat' dir='ltr'>Joun.,</span> <span class='ocrx_word' id='word_1_669' title='bbox 1299 2692 1353 2716; x_wconf 64' lang='lat' dir='ltr'>xm,</span> <span class='ocrx_word' id='word_1_670' title='bbox 1368 2687 1406 2710; x_wconf 82' lang='lat'>23.</span> 
     </span>
    </p>
   </div>
   <div class='ocr_carea' id='block_1_12' title="bbox 1858 986 1954 1012">
    <p class='ocr_par' dir='ltr' id='par_1_19' title="bbox 1858 986 1954 1012">
     <span class='ocr_line' id='line_1_94' title="bbox 1858 986 1954 1012; baseline -0.01 -5"><span class='ocrx_word' id='word_1_671' title='bbox 1858 986 1893 1007; x_wconf 76' lang='lat' dir='ltr'>Ad</span> <span class='ocrx_word' id='word_1_672' title='bbox 1903 992 1954 1012; x_wconf 83' lang='lat' dir='ltr'>opp.</span> 
     </span>
    </p>
   </div>
  </div>
 </body>
</html>
