2017 2960
121 731 152 750 Al
183 737 231 755 *¹1¹7*

254 180 311 207 590

246 243 388 275 cundum
404 241 557 272 accidens.
579 238 730 276 Quamvis
752 237 836 267 enim
861 234 1021 265 beatitudo

246 297 359 327 habeat
388 295 541 325 rationem
578 292 674 328 boui,
705 293 810 320 tamen
840 298 903 318 non
941 287 1023 317 cadit

247 349 460 389 principaliter
477 347 535 375 51111
558 344 774 383 expectatione
798 342 863 381 spei
886 342 945 370 sul)
971 341 1022 370 illa

248 403 378 437 ratione,
397 401 448 430 sed
465 400 494 429 iu
512 400 667 437 qumitum
688 396 781 426 liabet
801 395 955 424 rationem
971 402 1022 423 ar·

250 456 316 486 dui.

518 549 695 587 QUAESTio
718 548 754 579 V.

252 643 296 668 An
305 649 363 676 spes
375 643 410 668 sit
423 642 449 666 z'n
465 642 543 675 parte
554 638 807 672 animaecoffnz‘tica,
818 637 857 663 rel
870 636 995 670 afferlira
1006 641 1023 662 ¹.

294 721 335 751 De
350 730 403 760 spe
421 729 474 759 per
489 718 757 758 comparationem
773 717 809 746 ad
829 716 1007 754 subjectum
1018 738 1025 751 ‚

257 778 364 805 ulrum
380 774 495 803 scilicet
508 781 578 811 spes
598 771 637 801 sit
652 771 684 800 in
700 772 787 810 parte
807 769 923 799 animae
953 778 1028 806 cog-

254 828 364 864 nitiva⁷
379 826 428 856 vel
439 825 599 861 allectiva3
617 826 645 854 ct
658 823 741 863 quod
755 823 837 852 sitin
853 822 1027 860 cognitiva,

254 881 381 912 videtur
412 879 514 918 primo
542 887 596 917 per
626 877 703 906 illud
729 876 815 915 quod
838 875 954 906 dicitur
977 884 1031 904 su-

255 943 310 973 per
334 933 409 963 illud
425 936 456 962 2;
480 931 572 962 Finis
586 930 734 970 proecepti
758 932 802 960 esc
825 929 963 960 charitas
993 927 1031 958 cle

256 986 347 1017 corde
369 994 469 1025 puro,
495 988 523 1016 et
543 984 740 1015 conscientia
765 982 867 1020 ὸοηα,·
898 981 1004 1012 Glossa
1024 991 1029 1010 :

262 1052 275 1068 κ
297 1040 336 1069 De
357 1039 547 1069 conscientia
567 1039 669 1075 hona,
695 1037 726 1067 id
752 1039 797 1067 651
818 1036 855 1066 (16
875 1045 939 1075 spe.
958 1046 971 1062 »
1000 1034 1033 1065 si

258 1103 335 1132 ergo
351 1103 419 1133 spes
445 1095 491 1123 est
515 1091 722 1127 conscientia,
740 1093 769 1121 et
791 1089 979 1121 conscientia
1001 1098 1034 1118 se

259 1149 343 1177 tenet
360 1157 399 1177 ex
420 1149 507 1186 parte
529 1145 721 1185 cognitionis
735 1169 742 1182 ,
766 1144 816 1174 vel
841 1143 1012 1182 cognitivae
1023 1165 1032 1180 ,

260 1200 384 1230 videtur
401 1199 485 1239 quod
505 1201 535 1229 et
550 1199 617 1238 ipsa
632 1207 712 1237 spes.

300 1256 329 1283 9..
348 1253 424 1283 Item
440 1252 618 1282 Bcrnardus
634 1251 668 1280 in
683 1250 819 1289 quadam
836 1248 966 1279 homilia
981 1256 1034 1278 su-

260 1315 317 1346 per
335 1307 466 1337 Ccmtica.
481 1317 492 1336 .·
509 1317 522 1333 «
540 1305 621 1335 Deus
637 1305 761 1334 futurus
776 1305 822 1333 est
837 1301 950 1332 tattoni
971 1301 1035 1340 ple-

263 1360 374 1389 nitudo
394 1359 491 1396 lucis,
516 1358 673 1389 voluntati
694 1355 863 1387 multitudo
888 1354 990 1394 pacis,
1008 1356 1039 1383 et

266 1413 427 1443 memoriae
443 1411 637 1442 continuatio
650 1409 844 1440 aeternitatis.
860 1419 873 1436 n
891 1407 951 1438 Sed
965 1416 1038 1436 con-

267 1465 399 1496 tinuatio
425 1464 608 1495 {eternitatis
637 1465 684 1493 est
711 1462 766 1492 dos
791 1460 1040 1500 correspondens

265 1519 474 1559 expectationi
489 1518 587 1557 ipsius
602 1517 667 1556 spei
684 1525 692 1546 ι
708 1524 786 1554 ergo
802 1515 826 1544 si
844 1514 897 1544 illa
913 1513 1041 1552 respicit

266 1572 454 1604 memoriam
473 1571 586 1611 ipsam,
603 1570 730 1600 videtur
744 1568 828 1608 quod
843 1568 911 1608 ipsa
926 1576 1040 1607 expec-

267 1629 343 1659 tatio
358 1628 424 1668 spei
449 1628 480 1657 in
502 1627 554 1657 via
582 1635 648 1657 esse
671 1626 703 1655 in
725 1624 879 1655 memoria
901 1624 1038 1654 habeat:

268 1683 320 1713 sed
337 1683 405 1713 haec
416 1684 462 1712 est
478 1681 510 1711 in
526 1680 664 1720 potentia
680 1678 860 1717 cognitiva:
879 1686 968 1716 ergo,
981 1680 1040 1707 ete.

309 1738 336 1765 3.
356 1735 432 1765 Item
449 1733 650 1772 Augustinus
663 1731 822 1762 diffiniens
843 1740 931 1770 spem
954 1730 987 1760 in
1007 1730 1043 1760 11-

268 1789 326 1819 bro
342 1788 379 1820 de
397 1789 533 1820 Civitate
549 1787 618 1824 Dei,
635 1786 709 1816 dicit
724 1784 808 1824 quod
824 1793 894 1823 spes
909 1786 955 1814 est
977 1783 1041 1813 vir-

270 1845 321 1873 tus
336 1851 398 1881 qua
422 1841 493 1881 quis
509 1850 541 1870 se
557 1840 595 1870 ad
620 1839 697 1869 illud
708 1863 715 1876 ,
732 1838 816 1877 quod
837 1837 934 1868 credit
945 1860 954 1874 ,
970 1845 1042 1876 per-

271 1899 443 1926 venturum
460 1894 636 1934 praesumit.
653 1893 691 1923 Et
705 1893 764 1923 hac
778 1891 967 1922 diffinitione
994 1890 1044 1920 vi-

272 1949 362 1979 detur
377 1948 461 1987 quod
478 1947 559 1977 nihil
575 1946 660 1976 aliud
676 1945 715 1975 sit
729 1953 866 1984 sperare,
882 1952 979 1983 quam
994 1943 1046 1972 fir-

273 2002 366 2031 miter
393 2000 520 2031 credere
543 2009 576 2030 se
600 2000 832 2039 perventurum
851 1997 891 2027 ad
917 1996 1046 2035 aliquod

273 2055 409 2085 arduum
425 2056 455 2083 et.
470 2053 639 2094 excellens:
652 2051 705 2082 sed
716 2053 781 2081 tam
796 2050 932 2088 credere,
949 2058 1046 2089 quam

274 2107 409 2138 firmiter
431 2107 556 2137 credere
571 2130 578 2143 ‚
606 2108 653 2136 est
674 2105 821 2145 potentiae
845 2103 1018 2142 cognitiva-2
1038 2114 1045 2134 ;

274 2170 352 2199 ergo
366 2169 490 2200 sperare
511 2161 629 2199 spectat
652 2159 690 2189 ad
712 2157 884 2197 potentiam
909 2156 1048 2196 cogniti-

275 2223 350 2244 vam
366 2225 372 2244 z
391 2213 444 2243 sed
459 2214 552 2252 cujus
567 2215 613 2243 est
629 2214 717 2242 actus
729 2235 736 2249 ,
755 2213 825 2251 eius
841 2213 887 2241 est
911 2213 941 2241 et
955 2210 1046 2241 habi-

276 2270 327 2298 tus
342 2279 348 2298 :
365 2276 444 2306 ergo
459 2267 543 2297 idem
558 2266 638 2297 redit
652 2265 735 2306 quod
749 2265 847 2305 prius.

317 2324 345 2351 Ji.
365 2321 441 2351 Item
463 2321 571 2359 imago
592 2319 759 2350 creationis
782 2318 973 2349 reformatur
994 2325 1050 2356 per

278 2375 453 2414 imaginem
466 2374 677 2410 recreationis,
695 2381 768 2412 quae
786 2372 915 2411 quidem
932 2370 1051 2401 consis-

279 2430 315 2460 tit
328 2430 360 2459 in
376 2428 479 2468 gratia
492 2430 523 2458 et
535 2427 637 2457 tribus
652 2426 824 2456 virtutibus
838 2424 1024 2463 theologicis
1043 2435 1049 2454 :

279 2492 357 2522 ergo
370 2483 395 2513 si
412 2482 546 2513 virtutes
561 2481 768 2512 reformantes
793 2482 868 2510 sunt
888 2479 921 2509 111
941 2481 1051 2518 poten-

315 2581 369 2610 ¹Cs.
382 2580 568 2609 Alex.Alensis,
580 2578 817 2609 Cont.‚p.111‚coll.
828 2584 898 2608 xmx,
908 2580 974 2602 111-[Λ
990 2579 1052 2607 612;

282 2618 381 2644 Scottis,
397 2617 426 2639 111
439 2616 517 2643 Stat„
533 2615 590 2638 cist.
602 2619 752 2644 xxv1,q.1;
768 2614 916 2641 menardus,
932 2614 962 2637 111
976 2614 1055 2643 Seni„

282 2654 339 2676 dist..
355 2657 426 2682 xxm,
443 2653 490 2675 art.
507 2652 530 2681 5,
540 2658 564 2681 q.
578 2656 620 2680 ¹¹13
634 2650 722 2680 steph.
742 2649 844 2679 Brules.,
857 2650 888 2672 tlt
902 2649 981 2677 Sene¹⁷
997 2648 1055 2672 dist.

771 165 1082 201 SENTENTIARUM
1104 165 1177 196 LIB.
1201 166 1253 196 111.

1079 233 1130 263 tiis
1170 242 1249 272 quas
1284 233 1456 264 reformant
1469 258 1476 272 ‚
1521 242 1648 265 necesse
1694 235 1741 263 est
1785 241 1851 263 esse

1077 287 1212 317 virtutes
1252 286 1445 325 theologicas
1485 287 1518 318 in
1571 287 1633 317 illis
1679 286 1828 325 potantiis
1843 309 1849 321 ‚

1080 340 1110 368 in
1141 339 1259 378 quibus
1288 340 1460 370 attenditur
1492 340 1661 378 integritas
1690 338 1850 377 imaginis.

1080 395 1110 424 Si
1127 404 1204 432 ergo
1219 394 1279 424 illze
1295 395 1441 433 potentiae
1455 396 1530 425 sunt
1547 394 1768 433 intelligentia,
1785 403 1852 423 me-

1082 448 1182 478 moria
1197 450 1227 477 et
1241 447 1398 483 voluntas,
1415 450 1446 478 et
1461 448 1595 478 charitas
1606 448 1732 487 respicit
1746 447 1855 478 volun-

1080 502 1188 539 tatem,
1198 501 1277 531 fides
1288 501 1543 540 intelligentiam,
1552 501 1677 533 videtur
1687 510 1764 540 ergo
1771 500 1855 540 quod

1081 563 1151 593 spes
1166 555 1311 594 respiciat
1327 555 1513 586 memoriam
1528 565 1534 585 τ
1552 563 1629 593 ergo
1644 556 1690 584 est
1701 554 1733 583 in
1750 556 1857 593 poten-

1081 608 1124 637 tia
1139 608 1310 646 cognitiva.

1128 665 1156 692 55.
1174 662 1250 692 Item
1266 662 1551 702 eertitudorespicit
1564 662 1734 701 potentiam
1746 662 1857 700 cogni-

1083 719 1182 749 tivam
1201 728 1207 747 z
1225 726 1302 755 ergo
1327 725 1401 746 cum
1421 725 1492 755 spes
1513 715 1552 745 sit
1577 717 1661 745 certa
1684 715 1858 755 expectatio

1085 773 1201 802 futurae
1217 769 1431 807 beatitudinis,
1451 778 1521 808 spes
1534 771 1579 799 est
1593 768 1775 808 inpotentia
1788 777 1860 807 cog-

1084 825 1186 855 nitiva
1201 826 1353 862 tanquam
1368 822 1402 852 in
1418 822 1569 861 subjecto.

1127 877 1185 907 Sed
1203 879 1333 906 contra:
1357 878 1384 905 fl.
1411 875 1552 911 Quatuor
1576 883 1695 913 genera
1719 874 1859 904 affectio-

1088 939 1166 960 num
1179 929 1421 966 distinguuntur
1431 936 1450 957 a
1459 927 1575 957 sanctis
1583 929 1613 957 et
1626 936 1644 956 a
1654 927 1859 966 philosophis,

1088 982 1232 1014 videlicet
1259 981 1429 1020 gaudium,
1460 980 1567 1017 dolor,
1599 989 1669 1020 spes
1693 982 1724 1010 et
1741 980 1861 1010 timor:

1089 1046 1166 1076 ergo
1181 1036 1207 1065 si
1229 1035 1332 1065 omnis
1347 1034 1489 1070 affectm,
1507 1035 1537 1063 et
1559 1033 1686 1064 habitus
1710 1033 1865 1072 regulati—

1090 1096 1150 1118 vus
1161 1085 1346 1123 affectionis,
1363 1085 1450 1115 estin
1464 1084 1605 1124 potentia
1618 1084 1775 1121 affectiva,
1792 1093 1865 1114 cum

1091 1150 1161 1180 spes
1185 1139 1235 1170 vel
1257 1138 1399 1169 nominet
1419 1137 1616 1168 affectionem
1630 1161 1638 1174 ,
1653 1137 1704 1168 vel
1721 1137 1866 1167 habitum

1092 1194 1282 1224 directivum
1297 1192 1481 1228 affectionis,
1498 1192 1624 1223 videtur
1641 1200 1718 1230 ergo
1730 1200 1865 1230 genera-

1093 1253 1162 1282 liter
1177 1251 1262 1290 quod
1279 1259 1351 1290 spes
1368 1250 1407 1280 sit
1420 1250 1454 1280 in
1471 1250 1609 1289 potentia
1624 1249 1780 1280 affectiva.

1135 1307 1212 1337 ltem
1227 1306 1369 1345 ejusdem
1385 1305 1533 1345 potentiae
1554 1307 1600 1335 est
1615 1313 1740 1344 sperare
1751 1329 1759 1341 ‚
1776 1305 1869 1344 cujus

1094 1363 1139 1390 est
1154 1360 1265 1390 timere
1283 1370 1289 1389 :
1304 1359 1357 1389 sed
1372 1360 1484 1388 timere
1502 1367 1567 1388 non
1582 1360 1628 1387 est
1642 1358 1703 1387 nisi
1718 1357 1868 1397 potentiae

1094 1413 1248 1444 affectivae
1265 1421 1273 1442 ι
1295 1420 1372 1451 ergo
1388 1420 1445 1441 nec
1459 1420 1587 1450 sperare
1604 1422 1610 1441 :
1637 1410 1688 1441 sed
1712 1411 1804 1450 cujus
1823 1412 1871 1441 est

1095 1469 1194 1503 actus,
1208 1467 1275 1505 ers
1291 1467 1336 1495 est
1349 1467 1379 1495 et
1393 1464 1521 1494 habitus
1534 1473 1542 1494 :
1559 1464 1685 1495 videtur
1699 1473 1777 1503 ergo
1788 1464 1872 1504 quod

1095 1529 1166 1560 spes
1180 1520 1219 1550 sit
1232 1520 1263 1549 in
1276 1519 1417 1559 potentia
1432 1518 1588 1549 affectiva.

1137 1573 1215 1604 Item
1229 1572 1372 1612 opposita
1386 1574 1460 1602 nata
1469 1573 1543 1602 sunt
1553 1571 1621 1602 fieri
1632 1571 1714 1602 circa
1726 1571 1871 1602 eamdem

1096 1627 1164 1657 vim
1182 1627 1215 1657 3;
1242 1626 1295 1657 56(1
1322 1635 1393 1666 spes
1416 1628 1445 1656 et
1471 1625 1648 1665 desperatio
1676 1626 1751 1655 sunt
1774 1633 1874 1664 oppo-

1098 1679 1158 1709 sita
1187 1688 1194 1708 :
1226 1679 1252 1708 si
1290 1687 1369 1717 ergo
1395 1678 1570 1717 desperatio
1608 1679 1655 1708 est
1691 1677 1725 1707 in
1761 1679 1873 1717 poten-

1099 1733 1141 1762 tia
1164 1732 1326 1768 affectiva,
1343 1731 1470 1761 videtur
1491 1731 1637 1761 similiter
1651 1730 1737 1770 quod
1764 1732 1794 1760 et
1808 1730 1875 1769 ipsa

1100 1795 1181 1826 spes.

1141 1839 1229 1875 ltem⁷
1243 1838 1323 1868 sicut
1331 1837 1485 1876 contingit
1494 1836 1667 1876 potentiam
1676 1836 1875 1874 rationalem,

1100 1894 1130 1922 et
1145 1891 1421 1930 concupiscibilem
1432 1915 1439 1928 ‚
1454 1878 1620 1929 obliquari'
1638 1893 1668 1919 et
1695 1889 1788 1928 dirigi
1804 1913 1811 1928 ,
1834 1890 1877 1920 ita

1102 1945 1196 1975 etiam
1213 1944 1400 1974 irascibilem
1418 1955 1424 1974 z
1439 1953 1518 1983 ergo
1533 1943 1614 1973 sicut
1628 1945 1675 1974 est
1687 1942 1792 1982 aliqua
1810 1943 1877 1974 vir-

1102 2001 1153 2028 tus
1167 1997 1346 2036 theologica
1360 1997 1393 2027 in
1408 1996 1564 2033 rationali,
1583 1998 1613 2026 et
1626 1995 1732 2035 aliqua
1749 1996 1782 2026 in
1802 2005 1877 2026 con-

1103 2050 1289 2090 cupiscibili,
1304 2051 1347 2081 ita
1364 2049 1471 2089 aliqua
1481 2049 1574 2080 debet
1584 2058 1651 2079 esse
1665 2049 1855 2079 inirascibili
1871 2060 1877 2080 :

1103 2105 1155 2135 sed
1170 2104 1240 2134 haec
1254 2113 1318 2134 non
1334 2106 1380 2134 est
1395 2103 1454 2133 nisi
1468 2111 1562 2142 spes:
1586 2112 1663 2141 ergo
1685 2111 1756 2142 spes
1780 2103 1827 2133 est
1846 2102 1880 2132 in

1104 2157 1252 2188 irascibili
1275 2167 1282 2187 :
1304 2165 1382 2196 ergo
1406 2165 1476 2196 spes
1498 2157 1545 2186 est
1567 2156 1600 2186 in
1624 2156 1763 2196 potentia
1784 2156 1878 2186 affec-

1105 2211 1182 2242 tiva.

1876 884 1983 905 Fun-lain.

1146 2264 1224 2294 Item
1255 2263 1413 2302 objectum
1444 2264 1509 2303 spei
1528 2265 1575 2294 est
1596 2271 1753 2302 magnum
1779 2264 1810 2293 et
1832 2271 1881 2293 ar·
1925 2295 1931 2301 ,

1107 2318 1220 2355 duum,
1235 2317 1318 2347 sicut
1334 2326 1432 2356 supra
1459 2319 1621 2348 ostensum
1649 2316 1709 2346 fuit
1726 2324 1733 2345 :
1750 2315 1804 2346 sed
1826 2324 1881 2346 ar-

1107 2371 1208 2401 duum
1221 2372 1267 2400 est
1276 2370 1436 2409 objectum
1444 2371 1591 2409 potentiae
1602 2368 1765 2399 irascibilis
1780 2379 1786 2399 :
1803 2378 1882 2408 ergo

1109 2425 1133 2455 si
1156 2424 1238 2455 idem
1263 2426 1309 2454 est
1335 2424 1494 2463 objectum
1516 2423 1659 2461 1161111115,
1685 2424 1716 2453 et
1736 2422 1882 2462 potentiae

1109 2479 1277 2510 substratae
1290 2479 1322 2508 in
1337 2488 1401 2518 qua
1417 2481 1463 2510 est
1473 2478 1600 2509 habitus
1614 2501 1621 2515 ‚
1632 2486 1703 2517 spes
1716 2479 1762 2508 est
1775 2477 1809 2507 111
1825 2485 1884 2517 po-

1111 2583 1181 2606 xxw,
1195 2584 1220 2607 q.
1241 2582 1302 2606 v111;
1316 2577 1392 2600 Gabr.
1404 2576 1476 2606 Eiet„
1498 2577 1530 2600 iu
1549 2577 1628 2606 Sene„
1647 2577 1706 2601 dist.
1725 2583 1796 2608 xxm,
1815 2584 1840 2608 q.
1865 2582 1883 2607 1,

1112 2613 1171 2635 ‹lul›.
1183 2618 1236 2635 1,-
1249 2613 1275 2635 ³1
1292 2612 1363 2642 Τιίη.1
1380 2618 1398 2641 1,
1409 2614 1430 2635 Γῑ.
1443 2626 1461 2628 -
1478 2612 1487 2628 ⁴³
1501 2612 1584 2643 Arist„
1597 2612 1806 2644 Postpraedicam„
1817 2620 1840 2637 c.
1855 2612 1884 2636 de

1115 2648 1250 2678 Opposilis.
