2017 2960
65 1286 170 1308 Fundam.

707 206 804 238 DIST.
830 206 878 237 lx.
905 207 999 238 ART.
1025 207 1048 238 Ι.
1072 206 1223 244 QUAEST.
1248 207 1300 238 VI.

193 285 298 308 emere
318 283 432 306 aurum
444 297 451 311 ,
473 283 539 305 non
553 274 779 305 damnificatur
794 283 802 304 ε
819 283 898 313 ergo
913 274 969 314 qui

192 332 300 362 adorat
314 330 464 369 angelum
488 330 712 368 tenebrarum,
741 330 871 360 credens
892 330 971 360 ado-

193 394 262 415 rare
292 384 450 414 Christum
473 407 480 419 ,
527 393 593 413 non
625 384 759 414 incurrit
792 386 969 423 peccatum.

192 437 291 476 Major
325 437 498 476 propositio
533 437 756 468 manifestatur
793 437 970 468 secundum

191 489 337 528 regulam
349 490 433 529 juris
448 490 559 521 civilis.
715 525 721 529 ,

230 545 257 572 3.
276 542 353 573 Item
373 543 488 574 mulier
508 552 580 583 quae
596 543 753 574 consentit
768 543 801 573 in
825 543 967 580 Petrum,

188 595 318 625 credens
333 597 510 626 consentire
526 597 559 626 in
577 595 724 630 Paulum,
754 595 890 626 hahetur
911 604 968 635 pro

188 657 252 678 non
268 649 500 686 consentiorum
524 658 612 679 error
633 649 721 679 enim
745 658 890 688 personae
907 649 968 678 im-

187 702 273 741 pedIt
296 702 555 739 matrimonium,
582 702 759 733 secundum
786 702 870 742 quod
892 703 969 742 jura

187 755 314 793 dicunt,
339 759 369 786 et
392 756 425 786 in
448 759 563 796 quarto
582 756 686 787 libro¹
710 757 846 787 hahetur
864 767 870 787 :
888 766 968 795 ergo

186 810 254 849 pari
291 810 413 840 ratione
451 811 586 841 adorans
623 810 820 848 Luciferum,
851 813 967 850 putans

186 863 347 895 Christum
362 864 519 903 adorasse,
536 865 674 895 habetur
691 864 782 904 quasi
805 874 870 895 non
890 864 967 895 ado-

185 919 294 947 rasset.

225 972 255 1001 4.
274 970 351 1001 Item
364 980 445 1010 opus
459 971 604 1011 sequitur
617 971 826 1001 Intentionem
850 973 880 1001 et
902 979 967 1001 cre-

185 1024 472 1063 dulitatem1ergo
496 1025 521 1054 si
544 1024 658 1063 aliquis
686 1024 817 1055 credens
843 1023 966 1054 Lucife-

187 1088 259 1109 rum
276 1088 343 1110 esse
358 1079 530 1117 Christum,
547 1079 657 1110 adorat
679 1079 873 1117 Luciferum,
891 1088 965 1110 cum

186 1132 318 1163 intentio
340 1133 411 1173 ejus
433 1133 472 1163 ad
495 1133 655 1163 Christum
679 1133 813 1170 feratur,
842 1133 867 1163 si
889 1133 966 1163 ado-

186 1186 284 1217 rando
299 1187 458 1217 Christum
471 1188 627 1223 meretur,
647 1186 774 1217 nullum
796 1186 921 1217 videtur
937 1186 964 1216 ei

186 1249 253 1270 esse
270 1242 447 1280 peccatum.

227 1293 287 1323 Sed
303 1295 412 1323 contra
429 1304 435 1323 :
460 1292 645 1332 Idololatra,
669 1302 743 1324 cum
764 1293 873 1324 adorat
895 1294 964 1324 ido-

186 1346 265 1385 lum,
283 1347 381 1377 credit
396 1346 516 1378 idolum
531 1356 596 1378 esse
610 1347 730 1384 Deum;
750 1349 781 1377 et
801 1349 907 1378 tamen
925 1357 965 1378 ex

187 1400 246 1430 hoc
262 1409 328 1430 non
351 1400 467 1431 dicitur
483 1400 583 1431 Deum
609 1401 756 1437 adorare,
782 1400 836 1431 sed
859 1402 965 1440 magis

186 1451 325 1489 idolum,
351 1453 437 1484 unde
457 1454 628 1484 committit
648 1454 834 1484 idololatriae
854 1463 963 1492 pecca-

187 1508 256 1536 tum
283 1517 289 1536 :
315 1516 393 1546 ergo
419 1507 485 1546 pari
516 1508 638 1538 ratione
660 1517 734 1538 cum
759 1507 831 1547 quis
855 1508 965 1538 adorat

184 1559 378 1599 Luciferum,
403 1561 533 1592 credens
567 1561 659 1591 illum
693 1570 760 1591 esse
791 1561 962 1599 Christum,

186 1615 314 1653 propter
329 1614 548 1645 credulitatem
570 1624 635 1645 non
660 1615 765 1646 evadit
780 1615 881 1645 scelus
896 1615 964 1645 ido-

185 1666 328 1698 lolatriae.

225 1719 304 1750 Item
320 1720 465 1751 diabolus
487 1721 557 1752 ideo
573 1722 782 1761 transfigurat
797 1731 829 1752 se
853 1722 885 1751 in
905 1731 964 1751 an-

184 1773 296 1812 gelum
310 1774 409 1812 lucis,
434 1776 471 1804 ut
490 1775 641 1805 adoretur
665 1775 704 1805 ab
724 1775 854 1806 homine
880 1785 887 1805 :
910 1776 964 1806 sed

183 1825 244 1857 hoc
267 1835 332 1857 non
356 1827 484 1864 faceret,
510 1827 573 1858 nisi
598 1828 722 1859 videret
742 1829 907 1860 hominem
928 1830 963 1860 in

183 1879 237 1910 illa
259 1880 440 1912 adoratione
464 1890 592 1921 peccare
614 1891 621 1912 :
644 1891 723 1921 ergo
749 1892 812 1913 non
836 1882 963 1914 videtur

183 1934 269 1972 quod
283 1934 323 1964 sit
338 1934 486 1973 possibile
500 1935 619 1974 absque
634 1938 762 1975 peccato
777 1936 962 1967 idololatriae

184 1986 346 2017 diabolum
360 1987 504 2018 adorare.

225 2039 303 2070 Item
318 2040 410 2070 latria
421 2042 468 2070 est
479 2041 517 2071 de
532 2040 592 2079 his,
610 2050 682 2081 quae
696 2044 772 2072 sunt
786 2043 963 2073 necessaria

183 2092 223 2123 ad
237 2093 372 2124 salntem
390 2103 397 2123 :
411 2093 464 2124 sed
475 2103 575 2132 error,
588 2094 639 2125 vel
654 2095 848 2134 ignorantia,
866 2096 900 2126 in
913 2096 962 2126 his

183 2154 257 2186 quae
272 2148 346 2177 sunt
356 2147 533 2177 necessaria
546 2147 585 2178 ad
596 2148 742 2187 salutem,
755 2158 821 2179 non
831 2151 962 2180 excusat

183 2209 223 2230 ex
238 2201 303 2230 toto
321 2210 328 2230 τ
345 2209 423 2240 ergo
439 2201 565 2231 videtur
581 2201 665 2241 quod
686 2202 748 2239 ille,
774 2203 829 2242 qui
853 2203 963 2234 adorat

182 2253 345 2284 diabolum
358 2254 447 2285 cultu
463 2255 576 2293 latriae,
593 2265 658 2286 non
673 2259 844 2288 excusetur
859 2267 878 2287 a
892 2266 962 2297 pec-

183 2309 262 2338 cato.

223 2359 302 2391 Item
323 2360 357 2390 in
383 2361 523 2400 quadam
543 2362 690 2393 decretali
718 2363 850 2402 dicitur,
875 2364 961 2404 quod

183 2413 254 2452 plus
268 2416 377 2454 peccat
390 2415 490 2445 malus
505 2416 650 2447 sacerdos
664 2416 721 2456 qui
745 2426 810 2448 non
836 2418 962 2448 conficit

184 2468 215 2496 et
225 2467 354 2498 simulat
367 2477 400 2499 se
414 2469 580 2506 conficere,
596 2478 696 2509 quam
716 2470 768 2501 ille
789 2471 845 2510 qui
859 2472 960 2502 confi-

185 2519 237 2556 cit,
254 2529 311 2559 pro
327 2530 364 2552 eo
375 2522 462 2561 quod
477 2522 550 2553 facit
567 2523 724 2563 populum
736 2524 935 2556 idololatrare
951 2535 958 2556 t

185 2581 262 2611 ergo
277 2573 339 2612 ille,
364 2575 419 2614 qui
437 2576 549 2607 adorat
560 2577 697 2608 hostiam
712 2587 778 2609 non
793 2588 959 2611 consecra-

222 2654 229 2669 ¹
242 2653 305 2678 Dist.
321 2660 374 2678 xxx
387 2668 414 2673 —
426 2656 437 2672 ²
451 2657 552 2686 Mutila„
567 2663 644 2688 xxw,
661 2659 686 2688 ὅς
704 2660 791 2688 Marc..
812 2666 876 2691 xm,
891 2663 914 2685 ὃ.
930 2673 960 2679 —-

219 2690 316 2721 Mean„
333 2695 370 2721 lv,
387 2693 450 2715 1.-
462 2691 572 2723 ‘Eccl1'.‚
589 2699 646 2724 nx,
663 2695 686 2718 4.

1745 212 1803 242 211

1028 276 1105 313 tam,
1130 277 1176 306 est
1198 275 1375 312 idololatra,
1399 284 1459 307 nec
1483 278 1656 308 excusatur
1679 279 1806 317 propter

1029 328 1243 368 ignorantiam
1262 340 1269 359 :
1289 337 1367 368 ergo
1382 330 1452 369 pari
1468 330 1590 361 ratione
1606 340 1663 361 nec
1678 330 1730 360 ille
1746 339 1805 360 ex-

1029 385 1168 418 cusatur,
1186 382 1242 421 qui
1258 382 1369 413 adorat
1383 381 1576 421 Luciferum,
1595 383 1725 414 credens
1740 392 1806 414 esse

1028 435 1201 466 Christum.
1239 436 1335 467 Juxta
1364 436 1425 467 hoc
1456 437 1614 476 quaeritur
1645 436 1806 476 quomodo
1833 480 1838 485 ρ

1027 488 1105 519 illud
1129 489 1280 520 ultimum
1305 491 1419 521 habeat
1441 490 1619 528 veritatem,
1644 490 1729 530 quod
1753 499 1806 520 sa-

1027 542 1135 572 cerdos
1157 543 1254 582 possit
1277 544 1379 574 facere
1409 544 1566 584 populum
1591 544 1803 575 idololatrare.

1027 595 1116 625 Tunc
1144 596 1229 626 euim
1266 599 1346 627 esset
1378 598 1413 628 in
1450 600 1602 637 potestate
1635 597 1805 629 sacerdotis

1027 648 1127 679 facere
1142 649 1298 689 populum
1309 659 1449 690 peccare,
1462 651 1530 682 sive
1539 651 1643 689 vellet,
1657 651 1725 683 sive
1736 650 1804 682 nol-

1024 701 1067 732 let
1082 711 1089 732 :
1107 702 1192 742 quod
1207 703 1382 734 absurdum
1398 705 1444 734 est
1460 704 1576 735 dicere.

1301 823 1530 856 CONCLUSIO.

1024 913 1124 940 Christi
1138 913 1289 940 adversarii
1304 914 1395 940 [αἰνέω
1410 914 1533 941 adoratio
1547 914 1711 949 simpliciter
1727 915 1803 941 exhi-

1062 958 1120 985 bita
1135 966 1188 985 ηοη
1200 961 1350 993 potestesse
1371 960 1428 986 sine
1441 961 1549 994 peccato
1560 967 1571 989 ,’
1592 960 1655 986 licet
1680 961 1728 988 sub
1755 968 1801 989 ac-

1060 1003 1131 1030 tuali
1146 1003 1313 1034 conditione,
1330 1012 1388 1030 cum
1403 1011 1428 1030 se
1445 1005 1619 1037 transformet
1633 1006 1663 1032 in
1674 1008 1802 1041 anqelum

1060 1049 1141 1080 lucis,
1158 1049 1238 1083 culpa
1250 1050 1336 1083 possit
1351 1056 1451 1075 carere.

1063 1128 1154 1168 Resp.
1171 1128 1210 1158 ad
1225 1137 1296 1167 arg.
1322 1127 1498 1159 Dicendum
1522 1129 1607 1168 quod
1630 1129 1733 1161 honor
1755 1131 1802 1162 la-

1021 1182 1091 1212 triae
1107 1183 1207 1221 potest
1225 1181 1372 1212 exhiberi
1398 1182 1579 1212 adversario
1604 1182 1719 1214 Christi
1742 1184 1801 1215 du-

1020 1235 1143 1274 pliciter
1158 1244 1164 1265 :
1182 1237 1238 1265 aut
1252 1234 1449 1274 simpliciter,
1464 1237 1520 1265 aut
1535 1235 1595 1265 sub
1609 1235 1799 1268 conditione.

1021 1289 1052 1319 Si
1070 1289 1266 1329 simpliciter,
1284 1289 1353 1320 dico
1364 1290 1450 1329 quod
1461 1299 1527 1320 non
1536 1292 1637 1330 potest
1651 1299 1718 1321 esse
1733 1291 1802 1322 sine

1020 1345 1148 1383 peccato
1165 1353 1172 1373 τ
1190 1342 1323 1373 offertur
1345 1342 1433 1373 enim
1456 1342 1560 1374 cultus
1582 1343 1683 1374 latriae
1698 1343 1799 1383 alteri,

1020 1405 1118 1435 quam
1136 1396 1198 1427 Deo
1220 1407 1226 1427 z
1246 1398 1277 1427 et
1299 1396 1369 1427 ideo
1385 1400 1432 1427 est
1450 1396 1495 1427 ibi
1520 1399 1684 1436 peccatum
1700 1397 1802 1428 idolo-

1020 1450 1134 1481 latriae.
1164 1450 1228 1481 Nec
1250 1451 1424 1481 excusatur
1450 1451 1573 1481 ratione
1592 1451 1799 1490 ignorantiae;

1020 1503 1115 1534 habet
1134 1504 1221 1534 enim
1245 1504 1360 1544 triplex
1382 1504 1600 1543 adjutorium,
1631 1514 1689 1544 per
1716 1505 1802 1545 quod

1020 1559 1121 1596 potest
1143 1566 1285 1588 errorem
1310 1558 1440 1588 evitare.
1467 1557 1612 1588 Primum
1633 1560 1679 1588 est
1696 1567 1800 1589 reme-

1020 1611 1109 1641 dium
1130 1610 1382 1650 praemonitionis
1406 1619 1504 1640 sacrae
1520 1609 1705 1650 Scripturas,
1727 1620 1800 1651 quae

1020 1665 1181 1695 multoties
1190 1664 1275 1701 dicit,
1287 1664 1373 1704 quod
1382 1667 1392 1682 ²
1402 1663 1494 1694 multi
1503 1663 1536 1693 in
1544 1663 1675 1694 nomine
1686 1663 1801 1696 Christi

1019 1718 1149 1748 venturi
1163 1720 1238 1748 sunt
1253 1717 1456 1748 mendaciter.
1476 1716 1660 1748 Secundum
1680 1720 1726 1748 est
1748 1727 1800 1749 re·

1019 1770 1163 1802 medium
1185 1771 1337 1802 orationis
1360 1771 1511 1807 internae,
1544 1779 1609 1809 qua
1630 1771 1669 1801 ad
1699 1771 1799 1802 Deum

1019 1825 1111 1855 debet
1124 1825 1222 1856 homo
1241 1833 1426 1863 recurrere,
1451 1827 1488 1854 ut
1507 1833 1561 1854 cor
1585 1825 1655 1863 ejus
1678 1824 1800 1856 illumi-

1019 1880 1124 1909 netur.
1153 1878 1296 1909 'l'ertium
1331 1881 1378 1909 est
1407 1877 1571 1918 suspensio
1604 1878 1800 1909 credulitatis

1018 1940 1086 1962 suae
1105 1942 1111 1962 :
1128 1941 1193 1962 non
1206 1931 1292 1962 enim
1307 1931 1400 1962 dehet
1416 1931 1515 1962 homo
1529 1931 1540 1948 ³
1557 1931 1645 1963 omni
1663 1932 1800 1971 spiritui

1018 1986 1155 2024 credere,
1169 1985 1226 2017 sed
1236 1984 1380 2025 probare,
1396 1985 1454 2024 qui
1467 1991 1507 2016 esc
1521 1986 1581 2016 Deo
1602 1987 1680 2016 sunt
1703 1994 1715 2015 .·
1738 1985 1800 2020 Οαι·

1018 2040 1104 2070 enim
1120 2039 1129 2055 b
1146 2040 1210 2072 cito
1225 2038 1332 2071 credit
1343 2038 1377 2069 in
1392 2038 1520 2076 talibus⁷
1535 2037 1614 2069 levis
1631 2040 1676 2070 esc
1689 2038 1798 2073 corde,·

1018 2095 1049 2123 et
1073 2093 1213 2124 fortassis
1238 2093 1336 2123 etiam
1355 2091 1487 2122 inflatus
1517 2091 1623 2130 corde,
1654 2091 1734 2122 dum
1758 2091 1797 2122 ad

1018 2147 1095 2177 tales
1107 2147 1244 2178 visiones
1259 2148 1289 2177 et
1305 2145 1515 2176 revelationes
1523 2144 1674 2176 idoneum
1684 2154 1718 2176 se
1730 2154 1797 2176 esse

1018 2200 1180 2231 existimat
1199 2211 1205 2232 :
1222 2200 1307 2232 unde
1321 2199 1399 2230 tales
1422 2198 1573 2237 visiones,
1591 2198 1643 2230 vel
1665 2198 1797 2239 appari-

1018 2254 1130 2293 tffines,
1147 2254 1252 2294 potius
1266 2255 1341 2284 sunt
1353 2251 1575 2289 formidandae,
1594 2260 1692 2291 quam
1713 2251 1796 2282 desi—

1018 2309 1178 2342 derandae.
1195 2307 1350 2339 Narratur
1362 2306 1449 2337 enim
1472 2305 1510 2336 de
1532 2304 1672 2345 quodam
1687 2306 1795 2335 sancto

1838 2322 1915 2341 Exem—

1018 2368 1117 2406 patre,
1130 2363 1216 2405 quod
1229 2370 1304 2394 cum
1317 2361 1345 2392 ei
1360 2360 1505 2392 diabolus
1517 2360 1551 2390 in
1567 2359 1669 2400 specie
1680 2358 1795 2389 Christi
1809 2355 1877 2382 1³¹¹¹¹¹¹⁴

1017 2420 1194 2460 appareret,
1212 2417 1265 2448 ille
1278 2415 1392 2446 clausis
1404 2413 1505 2445 oculis
1518 2412 1610 2450 dixit,
1627 2412 1660 2442 in
1680 2421 1712 2442 se
1735 2411 1796 2442 hac

1017 2473 1082 2504 vita
1097 2472 1180 2502 nolle
1195 2469 1356 2502 Christum
1371 2467 1496 2504 videre;
1515 2468 1546 2496 at
1560 2464 1716 2502 diabolus,
1733 2464 1795 2495 hu-

1017 2526 1150 2557 militate
1179 2525 1250 2564 ejus
1280 2522 1449 2558 confusus,
1474 2519 1580 2550 statim
1601 2517 1744 2549 evanuit.
1770 2517 1795 2548 E

1017 2581 1126 2611 contra
1139 2578 1177 2609 de
1191 2577 1337 2618 pluribus
1360 2576 1522 2612 narratur,
1548 2571 1605 2612 qui
1627 2580 1661 2602 se
1686 2571 1726 2602 ad
1745 2571 1796 2603 vi-

1017 2635 1121 2665 siones
1134 2633 1262 2663 idoneos
1277 2629 1520 2671 reputaverunt,
1542 2628 1573 2657 et
1593 2625 1794 2656 desiderave-

1018 2690 1104 2725 runt,
1132 2686 1216 2726 quod
1242 2685 1280 2715 ad
1310 2683 1426 2714 multas
1455 2679 1594 2710 insanias
1619 2682 1650 2709 et
1674 2687 1798 2710 errores
