2017 2960
598 144 694 178 DlST.
717 142 822 175 XXIX.
846 142 936 174 ΛΒΤ.
962 142 985 174 1.
1009 142 1159 180 QUAEST.
1179 141 1202 173 1.

100 220 195 251 modo
209 219 289 259 ligat
307 219 336 250 ei
357 219 442 259 quod
462 218 575 248 natum
596 215 642 245 est
665 212 704 243 ad
725 211 873 242 eumdem

99 272 198 303 finem
224 273 402 313 pervenire.
432 271 496 303 Nec
518 270 644 300 tantum
668 267 715 297 est
739 264 875 295 charitas

100 326 268 357 vinculum
274 327 391 366 ligans,
401 326 454 356 sed
465 325 560 355 etiam
572 321 696 362 pondus
707 318 873 350 inclinans.

104 379 224 416 «Quod
246 380 334 410 enim
353 381 361 396 ¹
387 381 433 410 est
457 377 582 418 pondus
609 375 643 405 in
672 372 874 412 corporibus,

99 433 159 464 hoc
175 435 222 464 est
242 443 333 464 amor
354 433 388 464 in
413 432 588 473 spiritibus.
605 441 619 458 »
639 427 797 466 Quoniam
812 424 876 464 igi-

98 489 152 518 tur
164 487 420 528 unumquodque
443 495 499 526 per
520 492 618 515 suum
633 481 758 523 pondus
779 479 876 510 habet

98 540 255 578 ordinari,
281 543 312 571 et
337 540 473 571 charitas
494 537 619 579 pondus
642 537 699 573 est,
724 536 755 565 et
780 541 875 573 aequa

98 594 304 634 ponderatrix
315 617 324 633 ,
348 593 423 624 hinc
458 594 504 623 est
527 590 613 631 quod
641 589 700 629 ipsi
728 586 875 618 charitati

98 647 240 678 maxime
260 647 410 687 competit
424 646 504 677 ratio
519 643 649 675 ordinis.
667 642 705 673 Et
721 640 873 681 quoniam

97 700 165 740 ipsa
179 702 227 732 est
247 700 415 733 vinculum
434 699 554 738 ligans,
570 699 600 728 et
615 694 876 734 circumplectens

97 753 200 784 multa
217 764 225 784 τ
241 753 312 784 ideo
327 762 392 784 non
406 754 531 783 tantum
554 749 679 781 ordinat
702 748 808 788 ipsum
826 746 874 777 di-

96 806 253 846 ligentem
274 807 307 837 in
329 806 439 843 finem,
463 804 517 835 sed
541 803 639 834 etiam
658 802 727 841 ipsa
750 799 873 837 dilecta,

96 861 275 892 secuudum
295 860 381 900 quod
400 860 480 890 ratio
495 857 668 897 diligendi,
685 857 716 886 et
731 855 798 895 ipse
815 854 876 885 ha-

97 913 183 944 bitus
198 913 374 951 charitatis,
392 910 604 944 diversimode
619 909 822 948 comparatur
836 907 876 938 ad

97 966 162 998 illa.
180 967 394 998 Concedendae
409 966 510 1006 igitur
525 967 601 996 sunt
615 963 753 994 rationes
768 963 876 993 osten-

97 1018 207 1051 dentes
230 1020 418 1051 charitatem
441 1028 509 1050 esse
530 1018 710 1049 ordinatam
731 1018 877 1056 respectu

97 1082 222 1112 eorum,
238 1083 312 1114 quae
327 1076 401 1104 sunt
417 1082 457 1104 ex
473 1072 626 1103 charitate
640 1070 812 1110 diligenda.

138 1129 168 1158 1.
194 1127 243 1158 Ad
265 1127 344 1158 illud
370 1127 456 1167 quod
479 1127 583 1167 primo
608 1125 767 1165 objicitur,
791 1123 876 1164 quod

96 1180 174 1211 ordo
197 1181 417 1221 praesupponit
436 1180 683 1216 distinctionem,
706 1178 875 1209 dicendum

96 1233 182 1273 quod
209 1235 287 1264 ordo
314 1234 489 1264 attenditur
514 1233 548 1264 in
574 1232 726 1263 charitate
753 1231 876 1261 ratione

95 1285 224 1317 habitus
237 1286 329 1317 relati
340 1286 379 1317 ad
393 1288 513 1324 actum,
525 1288 556 1316 et
570 1285 730 1324 objectum
744 1294 750 1314 :
764 1291 876 1323 quam-

95 1339 146 1370 vis
160 1341 269 1370 autem
286 1340 321 1370 in
335 1339 488 1371 charitate
504 1347 570 1369 non
590 1338 630 1369 sit
649 1337 810 1368 distinctio
835 1346 874 1367 ex

97 1393 186 1433 parte
200 1392 346 1432 habitus,
362 1394 409 1424 est
429 1395 537 1424 tamen
551 1390 709 1422 distinctio
723 1399 764 1421 ex
786 1391 876 1430 parte

95 1446 240 1486 ipsorum
255 1446 492 1486 diligendorum
504 1470 512 1485 ,
529 1448 613 1476 etex
627 1446 715 1484 parte
732 1444 874 1484 ipsorum

95 1500 247 1530 actuum:
268 1500 391 1531 ratione
410 1501 503 1540 cujus
517 1498 707 1530 diversitatis
726 1497 875 1529 mandata

96 1552 258 1584 charitatis
273 1553 394 1584 habent
407 1552 623 1593 multiplicari,
640 1554 671 1583 et
686 1551 754 1592 ipsa
770 1551 874 1582 chari-

96 1608 144 1637 tas
157 1606 254 1638 hahet
267 1607 419 1639 ordinari.

134 1662 165 1692 2.
185 1660 235 1691 Ad
252 1660 332 1692 illud
354 1660 440 1701 quod
462 1660 611 1700 objicitur
623 1683 630 1697 ,
647 1658 735 1699 quod
756 1658 814 1690 ubi
828 1661 874 1690 est

93 1714 183 1752 ordo,
200 1714 245 1745 ibi
260 1716 308 1746 est
321 1714 496 1754 proportio,
512 1713 684 1744 dicendum
697 1712 782 1753 quod
797 1721 872 1753 pro-

91 1767 195 1808 portio
218 1766 386 1807 dupliciter
407 1766 531 1807 capitur
549 1777 555 1797 :
572 1767 693 1804 stricte,
717 1768 748 1796 et
768 1765 869 1806 large.

91 1819 124 1852 Si
138 1820 244 1851 stricte
259 1820 384 1852 dicatur
398 1819 576 1861 proportio,
604 1820 648 1850 sic
669 1820 744 1851 dicit
760 1829 872 1860 quam-

89 1873 164 1905 dam
180 1873 543 1911 commensurationem,
561 1876 591 1904 et
605 1875 651 1904 est
664 1882 774 1905 rerum
787 1875 870 1914 ejus-

89 1928 163 1960 dem
177 1927 305 1968 generis
323 1938 330 1959 :
347 1929 380 1959 et
393 1927 454 1958 hoc
469 1928 564 1958 modo
578 1936 644 1958 non
663 1928 760 1959 habet
783 1929 867 1960 veri-

89 1984 187 2014 tatem
199 1982 351 2023 praedicta
364 1982 555 2022 propositio,
570 1982 656 2022 quod
670 1982 869 2023 ubicumque

87 2038 134 2067 est
148 2036 242 2074 ordo,
257 2036 303 2066 ihi
324 2036 364 2067 sit
385 2035 560 2076 proportio.
582 2035 615 2066 Si
636 2045 715 2067 vero
732 2036 867 2076 accipia-

86 2091 141 2120 tur
153 2089 255 2129 large,
271 2090 308 2119 ut
324 2089 447 2120 dicatur
467 2090 629 2129 proportio
652 2098 866 2130 quaecumque

86 2141 258 2181 habitudo,
274 2151 347 2183 quae
363 2143 539 2174 attenditur
554 2143 732 2174 secundum
748 2153 865 2176 conve-

85 2194 240 2226 nientiam
259 2195 433 2235 analogiae,
450 2195 510 2226 hoc
532 2196 626 2227 modo
642 2197 804 2237 proportio
819 2200 865 2228 est

84 2248 162 2280 boni
176 2248 274 2280 creati
287 2249 327 2280 ad
341 2248 532 2288 increatum,
550 2251 580 2280 et
598 2250 695 2281 etiam
718 2251 796 2282 ordo
819 2260 865 2283 se-

84 2301 228 2333 cundum
242 2301 399 2333 rationem
415 2303 608 2334 causalitatis
630 2305 661 2334 et
679 2304 860 2344 primitatis.

84 2353 173 2385 Finis
197 2355 285 2386 enim
308 2355 438 2395 dignior
460 2359 507 2387 est
528 2359 559 2387 et
586 2357 806 2396 excellentior,
833 2360 863 2390 et

82 2408 282 2448 praeponitur
294 2408 345 2440 his
360 2418 434 2449 quae
447 2412 522 2440 sunt
536 2410 575 2441 ad
584 2411 681 2441 finem
693 2421 699 2441 :
718 2413 748 2442 et
762 2420 862 2451 quan-

81 2463 153 2492 tum
167 2461 206 2492 ad
219 2461 281 2492 hoc
294 2462 469 2494 attenditur
482 2463 560 2494 ordo
574 2463 608 2493 in
623 2463 786 2496 charitate.

122 2519 152 2550 3.
179 2517 227 2550 Ad
255 2517 334 2550 illud
361 2519 449 2559 quod
471 2519 642 2559 objicitur,
669 2521 755 2559 quod
782 2521 859 2554 ordo

115 2600 209 2630 ⁸Aug.,
225 2599 307 2629 Confi,
322 2599 366 2624 lib.
383 2600 448 2629 xm,
460 2607 482 2625 c.
497 2606 539 2632 1x3
555 2601 584 2624 (lc
599 2601 675 2625 Ct'vit.
692 2602 744 2632 Dei,
756 2603 799 2627 lib.
816 2604 857 2634 XI,

80 2641 102 2658 c.
118 2639 222 2664 xxvm,
236 2634 266 2658 de
281 2634 381 2665 Trinz’t„
395 2635 438 2660 lib.
455 2637 497 2667 Vt,
513 2643 536 2661 c.
553 2643 578 2668 x,
593 2644 619 2662 n.
634 2639 670 2662 12.

1647 145 1704 175 651

933 211 1074 241 maxime
1089 210 1215 241 videtur
1230 211 1370 249 spectare
1393 209 1433 239 ad
1451 211 1555 239 actum
1571 211 1707 250 cogniti-

932 273 994 301 vae,
1012 273 1087 295 cum
1110 263 1262 304 sapientis
1282 263 1322 293 sit
1343 262 1507 301 ordinare,
1524 265 1707 303 responderi

933 320 1032 357 potest
1048 318 1153 357 primo
1168 316 1410 356 distinguendo,
1427 316 1513 355 quod
1529 316 1645 356 duplex
1661 320 1708 348 est

933 372 1009 402 ordo
1027 382 1033 402 :
1052 371 1182 411 quidam
1198 370 1336 410 partium
1358 370 1391 400 in
1406 372 1487 408 toto,
1504 372 1533 400 et
1549 379 1659 401 rerum
1674 372 1707 401 in

933 424 1100 462 universo,
1117 424 1247 464 quidam
1262 433 1338 454 vero
1354 433 1479 462 eorum,
1497 433 1569 464 quae
1584 426 1658 455 sunt
1674 425 1708 456 in

932 478 1041 515 tinem,
1058 479 1097 508 ad
1114 478 1220 518 ipsum
1236 479 1344 508 finem.
1366 477 1403 508 Et
1419 478 1567 518 quamvis
1586 478 1708 518 primus

932 531 1009 562 ordo
1025 531 1240 571 principaliter
1263 531 1301 562 sit
1317 532 1399 562 circa
1413 531 1641 571 cognitionem,
1658 541 1709 562 se-

932 585 1056 615 cundus
1084 587 1190 616 tamen
1218 585 1426 625 principalius
1451 585 1591 615 consistit
1627 585 1710 616 circa

931 638 1131 669 affectionem
1166 641 1196 669 et
1226 638 1424 670 dilectionem
1436 663 1444 676 ,
1480 639 1573 678 cujus
1604 641 1650 669 est
1675 639 1709 670 in

932 692 1031 722 tinem
1052 692 1214 723 inclinare.
1239 691 1321 723 Ordo
1345 694 1452 722 autem
1475 692 1638 723 charitatis
1660 695 1708 724 at-

932 746 1073 776 tenditur
1095 755 1151 785 per
1174 746 1443 785 comparationem
1467 746 1506 776 ad
1528 746 1628 776 finem
1649 757 1656 777 z
1679 749 1710 777 et

932 800 1002 831 ideo
1024 810 1089 831 non
1114 804 1160 832 est
1183 801 1286 832 simile
1312 802 1349 832 de
1374 801 1453 841 ipsa,
1479 803 1509 832 θῖ
1533 801 1572 832 de
1598 802 1710 833 habitu

933 855 1116 894 cognitivae.
1143 855 1242 885 Aliter
1258 857 1359 895 potest
1379 855 1458 893 dici,
1484 855 1568 895 quod
1584 856 1662 887 ordo
1676 856 1710 887 in

933 909 1044 940 habitu
1075 909 1248 940 attenditur
1280 918 1337 949 per
1368 910 1638 949 comparationem
1670 910 1710 941 ad

933 967 1038 995 actum
1055 967 1085 994 et
1101 965 1261 1004 objectum
1272 989 1280 1003 ,
1294 965 1377 995 sicut
1398 964 1487 1004 prius
1507 964 1628 995 dictum
1650 966 1708 995 est.

934 1017 1091 1055 Quoniam
1106 1018 1206 1057 igitur
1220 1027 1349 1048 summa
1362 1018 1487 1048 bonitas
1505 1017 1595 1048 aliter
1609 1020 1640 1048 et
1652 1018 1711 1048 ali-

933 1074 980 1102 ter
993 1071 1088 1102 habet
1103 1072 1280 1111 comparari
1295 1071 1428 1102 diversis
1442 1071 1663 1110 diligibilibus‚
1680 1073 1711 1102 et

933 1125 972 1155 ab
994 1125 1038 1155 eis
1061 1125 1157 1156 habet
1179 1125 1361 1165 participari
1385 1125 1563 1155 secundum
1585 1125 1657 1164 plus
1679 1127 1711 1156 et

933 1181 1055 1218 minus,
1072 1182 1109 1211 ut
1131 1182 1216 1220 patet
1235 1181 1267 1211 in
1290 1190 1420 1220 corpore
1436 1183 1466 1210 et
1481 1180 1615 1220 spiritu3
1633 1181 1710 1212 hinc

932 1236 977 1264 est
994 1234 1079 1273 quod
1098 1242 1189 1264 amor
1210 1234 1372 1264 charitatis
1396 1234 1511 1264 dicitur
1532 1234 1706 1265 ord'1natus.

932 1286 991 1317 Per
1004 1287 1092 1317 hunc
1107 1288 1204 1317 etiam
1221 1288 1354 1318 modum
1368 1288 1395 1317 si
1411 1287 1482 1327 quis
1496 1287 1624 1317 habitus
1637 1297 1710 1328 cog-

931 1341 1053 1372 nitivus
1067 1341 1243 1372 consideret
1257 1341 1364 1381 aliqua
1380 1341 1412 1371 in
1428 1341 1546 1380 quibus
1557 1341 1596 1371 sit
1607 1342 1710 1381 major

931 1395 961 1425 et
985 1394 1090 1425 minor
1106 1394 1250 1425 veritatis
1270 1394 1441 1432 evidentia,
1466 1394 1578 1433 utique
1599 1394 1632 1425 in
1654 1395 1709 1426 tali

930 1448 1025 1479 habet
1040 1448 1172 1488 reperiri
1188 1448 1265 1479 ordo
1276 1472 1284 1487 ,
1302 1448 1383 1479 sicut
1399 1448 1487 1488 prior
1509 1450 1556 1479 est
1577 1449 1709 1480 scientia

930 1502 1180 1542 principiorum,
1204 1511 1302 1542 quam
1325 1501 1566 1533 conclusionum
1584 1511 1592 1532 τ
1618 1503 1709 1534 etsie

930 1558 1032 1596 potest
1047 1556 1087 1586 ad
1109 1555 1188 1586 illud
1207 1555 1390 1595 responderi
1411 1563 1468 1595 per
1489 1555 1708 1595 interemptio-

929 1618 1015 1641 nem.
1048 1609 1086 1641 Et
1115 1610 1142 1640 si
1173 1609 1340 1648 objiciatur
1368 1608 1406 1639 de
1430 1608 1509 1647 fide,
1537 1609 1708 1640 dicendum

929 1664 1015 1704 quod
1038 1673 1103 1694 non
1127 1665 1172 1694 θεῖ
1194 1663 1299 1694 simile
1320 1673 1326 1694 :
1345 1671 1456 1694 omnes
1477 1662 1565 1693 enim
1581 1663 1707 1694 articuli

928 1718 967 1748 ad
988 1725 1150 1748 summam
1169 1717 1334 1748 veritatem
1356 1716 1559 1747 uniformiter
1573 1725 1706 1756 compa-

927 1773 1050 1810 rantur,
1074 1770 1252 1802 secundum
1273 1770 1359 1810 quod
1378 1778 1397 1801 a
1418 1770 1480 1800 fide
1504 1770 1678 1801 creduntur
1695 1781 1702 1802 :

927 1824 1004 1855 fides
1027 1824 1162 1855 enimin
1183 1824 1338 1854 credendo
1363 1832 1474 1854 omnes
1488 1823 1636 1854 articulos
1651 1832 1704 1854 as-

925 1879 1021 1909 sentit
1042 1878 1155 1918 primae
1178 1877 1315 1915 veritati,
1339 1878 1493 1917 tanquam
1518 1877 1649 1907 dictanti
1673 1879 1704 1908 et

925 1932 1077 1962 asserenti
1102 1942 1109 1962 :
1144 1931 1214 1962 ideo
1240 1930 1444 1961 uniformiter
1480 1932 1511 1961 et
1538 1930 1704 1970 aequaliter

925 1993 1037 2016 omnes
1051 1985 1120 2016 illos
1135 1985 1244 2016 credit.

963 2040 994 2068 4.
1018 2038 1066 2068 Ad
1081 2038 1159 2068 illud
1182 2038 1267 2078 quod
1283 2037 1449 2077 objicitur,
1467 2036 1553 2076 quod
1568 2045 1634 2067 una
1657 2039 1703 2068 est

922 2091 1003 2122 ratio
1019 2091 1174 2131 diligendi
1187 2092 1221 2122 in
1246 2091 1397 2122 charitate
1409 2115 1417 2129 ,
1433 2091 1515 2121 sicut
1535 2099 1601 2121 una
1621 2090 1701 2121 ratio

922 2144 1069 2176 credendi
1089 2145 1122 2176 in
1145 2144 1221 2183 fide,
1249 2145 1419 2176 dicendum
1446 2144 1532 2184 quod
1553 2144 1612 2175 etsi
1636 2153 1701 2175 una

920 2198 971 2237 sit,
984 2208 1050 2230 non
1065 2201 1173 2230 tamen
1187 2198 1231 2229 sic
1248 2198 1451 2229 uniformiter
1465 2198 1560 2229 habet
1575 2207 1700 2238 compa-

920 2252 984 2283 rari
1005 2252 1073 2292 ipsa
1096 2252 1233 2283 charitas
1257 2252 1296 2283 ad
1319 2251 1504 2291 diligibilia,
1523 2251 1604 2282 sicut
1628 2252 1697 2291 ipsa

918 2306 1037 2337 veritas
1052 2306 1089 2337 ad
1105 2306 1268 2337 credibilia
1285 2317 1291 2338 :
1308 2306 1381 2346 plus
1395 2306 1482 2337 euim
1504 2308 1551 2337 est
1572 2306 1694 2352 optabi-

917 2359 956 2390 lis
970 2360 1039 2400 ipsa
1055 2369 1183 2391 summa
1200 2360 1326 2391 honItas
1340 2359 1404 2391 Deo
1424 2368 1524 2400 quam
1537 2360 1648 2398 nobis,
1665 2362 1696 2391 et

917 2413 1043 2453 spiritui
1068 2416 1178 2445 nostro
1193 2423 1293 2454 quam
1308 2413 1433 2454 corpori
1447 2422 1455 2444 :
1472 2413 1542 2444 ideo
1556 2422 1622 2444 non
1647 2415 1696 2444 est

916 2465 1019 2498 simile
1034 2466 1111 2498 hinc
1124 2469 1155 2498 et
1167 2467 1250 2498 inde.

956 2524 985 2553 5.
1010 2521 1060 2553 Ad
1080 2521 1160 2554 illud
1176 2521 1261 2562 quod
1284 2521 1452 2562 objicitur,
1475 2520 1562 2561 quod
1584 2521 1690 2559 idem,

915 2584 1049 2607 manens
1062 2575 1160 2615 idem,
1176 2577 1290 2607 natum
1303 2576 1349 2607 est
1363 2575 1465 2606 facere
1478 2575 1574 2614 idem,
1587 2574 1691 2607 dicen-

914 2629 992 2661 dum
1010 2629 1096 2670 quod
1116 2629 1194 2662 illud
1210 2629 1306 2661 habet
1319 2629 1486 2660 veritatem
1501 2628 1539 2660 de
1552 2637 1591 2661 eo
1605 2630 1691 2670 quod
