2017 2960
719 154 818 187 DIST.
841 153 920 186 xiv.
942 153 1033 186 ΛΒΤ.

226 226 301 266 quia
316 226 397 258 scire
412 223 557 255 nominat
576 222 791 262 cognitionem
814 222 848 252 in
869 221 999 259 habitu,

226 278 278 309 sed
303 277 477 316 intelligere
499 276 533 306 in
557 277 631 306 actu
654 285 661 306 :
687 284 765 315 ergo
789 274 828 306 ad
854 274 947 314 plura
968 283 1001 304 se

226 331 366 362 extendit
380 330 519 366 habitus,
536 339 633 369 quam
651 331 740 360 actus
755 338 811 369 per
826 330 975 359 naturam
991 337 999 358 :

224 385 278 415 sed
299 392 364 414 non
379 385 426 414 est
446 391 573 413 necesse
587 382 673 423 quod
691 382 724 412 in
739 382 860 413 Christo
875 381 1002 412 habitus

224 437 406 477 perficiatur
429 436 469 466 ab
494 438 567 466 actu
584 444 591 466 :
608 444 686 475 ergo
706 444 772 465 non
795 437 841 466 est
861 444 999 472 necesse,

222 490 307 530 quod
321 489 476 529 quidquid
491 490 598 520 anima
611 489 723 520 Christi
742 489 855 519 habitu
869 498 1002 528 cognos-

223 544 264 574 cit
278 544 313 573 in
328 542 442 580 Verbo,
459 545 629 581 cognoscat
643 542 678 572 in
693 544 777 573 actu.

266 597 361 634 Item,
386 596 468 627 sicut
492 596 629 636 perfecta
652 598 698 626 est
719 595 860 635 cognitio
883 595 1000 626 animae

225 651 350 690 Christi,
364 651 408 681 ita
419 650 593 690 perfectum
609 651 656 680 est
669 650 740 689 ejus
755 649 911 688 gaudium
927 659 933 678 :
948 648 1002 679 sed

223 704 331 735 anima
356 704 470 735 Christi
498 712 564 734 non
588 703 707 742 gaudet
731 704 769 734 de
793 703 882 734 omni
904 711 942 734 eo
966 703 1001 733 in

223 761 295 789 actu
306 783 314 797 ,
339 759 377 789 de
407 767 471 797 quo
505 757 624 796 gaudet
654 757 686 787 in
716 757 848 795 habitu3
882 757 1003 796 gaudet

225 811 311 842 enim
331 814 339 830 ¹
369 818 464 850 super
501 818 562 841 imo
588 812 748 849 peccatore
778 810 1002 848 poeniteiitz'am

225 867 347 904 agente,
365 864 437 894 licet
450 871 515 893 non
531 862 696 893 actualiter
716 862 749 892 in
764 872 801 893 eo
820 863 1000 902 laetaretur,

226 918 355 958 quando
372 917 520 957 peccabat
535 927 542 947 :
562 925 640 955 ergo
655 916 724 956 pari
739 916 861 947 ratione
876 925 941 947 non
956 918 1002 947 est

226 973 457 1011 opportunum,
473 970 559 1010 quod
573 979 669 1000 omne
683 970 769 1010 quod
790 970 952 1009 cognoscit
968 970 1003 1000 in

226 1025 348 1062 habitu,
363 1026 533 1063 cognoscat
547 1024 580 1053 in
595 1025 677 1054 actu.

268 1078 357 1116 Item,
374 1077 505 1108 actualis
519 1077 726 1108 consideratio
740 1086 850 1107 rerum
864 1077 1004 1116 cognita-

226 1140 301 1162 rum
325 1131 358 1161 in
383 1130 485 1161 Verbo
510 1131 544 1160 in
568 1130 691 1161 Christo
714 1130 858 1170 subjacet
882 1130 1004 1160 volun-

228 1184 284 1215 tati
301 1196 307 1215 :
325 1193 405 1223 ergo
423 1185 526 1223 potest
546 1184 640 1214 modo
660 1183 860 1213 considerare
883 1183 1004 1222 aliquid

227 1240 384 1276 creatum,
401 1237 487 1277 quod
508 1245 573 1267 non
595 1236 635 1266 sit
659 1236 697 1266 de
721 1236 857 1266 essentia
879 1236 1002 1275 gloriae,

228 1291 323 1323 modo
337 1291 433 1322 etiam
447 1300 513 1321 non
533 1290 734 1321 considerare
751 1301 757 1320 :
775 1299 854 1329 ergo
869 1290 895 1320 si
910 1290 1005 1321 habet

228 1346 315 1376 illius
328 1346 375 1376 rei
386 1345 544 1382 habitum,
558 1353 622 1375 non
642 1352 768 1374 necesse
784 1346 830 1375 est
844 1345 929 1384 quod
945 1344 1004 1375 ha-

229 1399 314 1430 bitus
332 1407 457 1438 semper
480 1398 520 1428 sit
538 1399 727 1437 conjunctus
751 1398 835 1429 actui
860 1400 1005 1438 respectu

229 1455 461 1493 cujuscumque
477 1451 707 1491 cognoscibilis.

270 1506 367 1544 Item,
388 1507 444 1536 aut
465 1505 574 1535 anima
595 1504 708 1534 Christi
730 1506 803 1534 actu
827 1504 1006 1535 considerat

230 1568 326 1591 omne
341 1559 426 1599 quod
440 1558 584 1589 Verbum
603 1559 759 1588 aeternum
784 1558 897 1588 natum
917 1559 963 1588 est
977 1557 1005 1588 ei

230 1614 476 1653 repraesentare,
503 1613 559 1641 aut
581 1620 647 1641 non
664 1621 670 1641 :
687 1610 713 1640 si
735 1612 809 1641 actu
830 1610 1007 1641 considerat

230 1676 325 1697 omne
346 1665 431 1705 qnod
452 1664 594 1696 Verbum
610 1666 768 1694 aeternum
786 1666 900 1695 natum
915 1666 962 1695 est
978 1665 1006 1695 ei

228 1721 474 1760 repraesentare,
490 1726 565 1748 cum
580 1717 634 1748 illa
648 1718 710 1748 sint
723 1717 862 1754 infinita,
879 1717 1007 1748 videtur

229 1774 314 1814 quod
342 1774 449 1804 anima
475 1772 586 1803 Christi
614 1771 648 1802 in
675 1772 904 1803 considerando
933 1773 1006 1803 actu

229 1828 399 1868 pertransit
411 1827 548 1865 infinita,
564 1826 650 1866 quod
665 1828 712 1857 est
729 1826 923 1866 impossibile
939 1826 1006 1856 vir-

229 1882 289 1912 tuti
312 1881 424 1911 finitae.
452 1880 486 1911 Si
513 1889 580 1910 non
603 1881 676 1910 actu
709 1880 888 1910 considerat
909 1889 1006 1910 omne

229 1934 315 1976 quod
327 1934 469 1966 Verbum
487 1933 547 1964 sibi
566 1933 695 1963 unitum
710 1934 824 1964 natum
840 1935 886 1963 est
909 1933 937 1964 ei
958 1942 1007 1964 re-

230 1989 442 2028 praesentare,
469 1995 546 2026 ergo
569 1986 710 2026 aliquam
733 1986 828 2017 habet
853 1987 1006 2026 aptitudi-

230 2050 305 2072 nem
320 2040 428 2071 anima
441 2039 553 2070 Christi
569 2039 609 2069 ad
628 2038 762 2078 aliquid,
783 2041 928 2080 respectu
949 2049 1007 2070 cu-

226 2096 283 2135 Jus
297 2103 363 2124 non
378 2101 502 2133 semper
515 2095 562 2124 est
576 2093 611 2123 in
624 2095 697 2124 actu
719 2104 726 2124 ι
748 2094 802 2124 sed
817 2094 923 2124 omnis
937 2095 1008 2133 ejiis

231 2147 375 2188 aptitudo
398 2149 444 2177 est
465 2147 620 2187 completa
638 2156 695 2187 per
716 2147 864 2178 habitum
887 2148 1007 2187 glorio-

231 2210 303 2232 sum
326 2211 333 2230 :
357 2209 436 2239 ergo
463 2200 582 2240 ahquid
619 2201 780 2240 cognoscit
812 2202 845 2231 in
877 2201 1006 2240 habitu,

231 2255 317 2295 quod
331 2264 397 2285 non
410 2254 574 2293 cognoscit
586 2254 620 2285 in
633 2257 716 2286 actu.

272 2308 362 2345 item,
378 2308 507 2348 quando
523 2308 642 2348 aliquid
663 2317 696 2339 se
715 2308 856 2340 extendit
873 2310 912 2340 ad
931 2310 1008 2340 infi-

232 2361 309 2399 nita,
325 2361 519 2401 impossibile
533 2363 579 2392 est
593 2361 678 2401 quod
692 2361 798 2402 ipsum
812 2362 950 2394 totaliter
968 2363 1010 2394 sit

234 2413 267 2443 in
282 2416 369 2452 actu,
385 2414 412 2445 si
431 2414 555 2445 differat
575 2415 610 2444 in
632 2423 670 2445 eo
695 2417 784 2446 actus
803 2425 822 2446 a
842 2417 1006 2456 potentia:

234 2466 288 2497 sed
303 2467 430 2498 habitus
448 2468 640 2507 cognitionis
654 2469 689 2499 in
706 2468 828 2501 Christo
850 2480 884 2501 se
897 2473 1008 2502 exten-

236 2518 282 2549 dit
295 2519 335 2549 ad
348 2519 490 2552 infinita:
503 2531 583 2561 ergo
596 2522 789 2562 impossibile
804 2525 900 2555 estut
914 2533 1009 2556 omne

237 2572 321 2611 quod
332 2575 494 2612 cognoscit
507 2575 540 2605 in
555 2576 678 2615 habitu,
693 2580 862 2616 cognoscat
875 2578 907 2609 in
923 2581 1006 2610 actu.

273 2635 279 2650 ¹
298 2635 365 2663 Luc„
381 2640 423 2663 xv.
441 2636 464 2665 7,
482 2637 518 2662 10.

1059 153 1096 185 11.
1119 152 1269 192 QUAEST.
1294 153 1329 184 11.
1775 157 1829 187 3¹1

1058 220 1159 261 MaJor
1183 221 1347 252 manifesta
1367 224 1424 259 est,
1447 223 1523 262 quia
1547 231 1622 253 cum
1644 223 1833 254 continuum

1057 274 1098 305 sit
1122 275 1278 306 divisibile
1302 275 1336 305 in
1359 275 1542 313 infinitum,
1568 275 1763 316 impossibile
1788 278 1834 306 est

1057 328 1163 368 ipsum
1184 328 1321 359 totaliter
1335 329 1475 360 divisum
1491 338 1558 360 esse
1575 329 1610 359 in
1631 331 1714 359 actu.
1731 328 1835 359 Minor

1058 382 1211 421 probatur
1242 391 1299 421 per
1321 382 1393 421 hoc,
1408 383 1490 422 quod
1507 382 1650 414 Christus
1671 382 1705 412 in
1730 381 1834 412 Verbo

1058 436 1176 465 aeterno
1195 434 1253 465 scit
1273 444 1384 466 omnes
1405 436 1524 476 species
1539 436 1667 467 numeri
1686 435 1771 475 paris
1785 435 1834 466 di-

1057 487 1196 518 visibiles
1210 497 1277 518 esse
1293 489 1326 518 in
1341 489 1404 520 duo
1420 490 1555 529 aequalia
1579 491 1609 520 et
1624 489 1685 520 hoc
1698 489 1788 520 novit
1801 489 1835 519 in

1057 540 1169 571 habitu
1184 542 1222 572 de
1237 541 1378 581 qualibet
1392 543 1461 581 ejus
1475 543 1588 582 specie.
1612 542 1645 573 Si
1664 551 1742 581 ergo
1764 551 1834 582 spe-

1057 596 1120 626 cies
1140 595 1268 626 numeri
1289 598 1364 626 sunt
1384 596 1518 627 intinitae
1531 621 1538 635 ,
1564 606 1642 636 ergo
1666 597 1756 628 novit
1776 596 1836 627 ha-

1058 649 1126 679 bitu
1139 649 1275 679 infinita.

1098 705 1190 741 Item,
1215 703 1296 734 nihil
1317 704 1407 734 novit
1429 703 1536 734 anima
1560 703 1673 734 Christi
1695 704 1728 734 in
1750 706 1834 740 actu,

1057 766 1153 796 super
1167 757 1251 797 quod
1270 766 1335 787 non
1350 758 1515 787 convertat
1530 766 1562 788 se
1577 756 1742 788 actualiter
1759 768 1765 787 z
1783 757 1836 788 sed

1058 809 1236 842 intellectus
1262 811 1331 849 ejus
1356 812 1387 840 et
1410 812 1555 849 aspectus
1577 810 1714 850 simplex
1736 812 1782 841 est
1806 813 1838 841 et

1058 863 1169 894 finitus
1191 874 1197 894 :
1215 864 1268 894 sed
1288 863 1423 903 simplex
1445 865 1476 894 et
1499 864 1627 894 finitum
1641 863 1681 894 ad
1696 864 1781 903 quod
1804 873 1837 894 se

1058 917 1225 955 convertit,
1240 917 1376 947 totaliter
1389 925 1422 946 se
1437 916 1593 947 convertit
1609 926 1616 947 :
1630 926 1709 956 ergo
1725 917 1748 947 si
1764 919 1837 947 actu

1059 970 1214 1001 convertit
1228 980 1260 1000 se
1274 970 1314 1000 ad
1337 979 1457 1008 unum,
1483 970 1677 1009 impossibile
1692 972 1738 1001 est
1752 970 1838 1009 quod

1059 1024 1154 1055 simul
1175 1026 1206 1054 et
1228 1024 1326 1054 semel
1348 1026 1421 1054 actu
1445 1033 1477 1054 se
1499 1025 1663 1055 convertat
1685 1023 1724 1054 ad
1745 1023 1836 1059 illud,

1059 1077 1145 1117 quod
1170 1077 1210 1107 sit
1236 1077 1275 1107 ab
1297 1076 1351 1108 illo
1376 1077 1572 1116 disparatum
1597 1087 1604 1107 τ
1629 1086 1708 1116 ergo
1730 1077 1839 1107 anima

1060 1130 1174 1161 Christi
1198 1139 1262 1160 non
1284 1131 1447 1169 cognoscit
1470 1130 1578 1161 omnia
1600 1130 1634 1160 in
1653 1132 1738 1169 actu,
1764 1139 1838 1170 quae

1059 1183 1224 1222 cognoscit
1238 1183 1271 1213 in
1286 1183 1408 1214 habitu.

1337 1298 1560 1332 CONCLUSIO.

1060 1387 1165 1415 Anima
1178 1389 1280 1416 Clu-isti
1295 1396 1349 1415 non
1368 1389 1518 1416 considerat
1531 1391 1592 1416 actu
1608 1392 1700 1417 omnia
1715 1398 1772 1424 quae
1789 1391 1839 1417 ha-

1099 1434 1158 1460 bz'tu
1173 1435 1306 1468 cognoscit
1320 1435 1350 1460 in
1370 1434 1464 1468 Verbo,
1476 1437 1607 1469 qizantum
1618 1435 1654 1462 acl
1668 1443 1699 1462 ea
1716 1443 1773 1470 ‹111oe
1787 1443 1840 1462 non

1097 1480 1159 1505 sunt
1174 1479 1204 1505 dc
1219 1479 1313 1512 yloriae
1326 1479 1490 1506 substantia.

1103 1557 1194 1597 Resp.
1212 1557 1251 1588 ad
1265 1567 1336 1597 arg.
1352 1558 1401 1589 Ad
1419 1559 1644 1598 praedictorum
1658 1559 1840 1599 intelligen-

1062 1610 1139 1640 tiam
1169 1613 1215 1641 est
1246 1611 1439 1648 notandum,
1472 1612 1558 1651 quod
1590 1612 1698 1643 anima
1726 1612 1839 1644 Christi

1062 1663 1152 1694 beata
1184 1664 1279 1695 habet
1305 1665 1520 1704 cognitionem
1547 1666 1730 1706 aliquorum
1764 1675 1838 1706 quae

1062 1719 1137 1748 sunt
1156 1718 1334 1749 essentialia
1356 1719 1484 1757 gloriae,
1506 1721 1537 1750 et
1557 1719 1741 1759 aliquorum
1763 1728 1837 1759 quae

1062 1780 1126 1802 non
1140 1774 1215 1802 sunt
1229 1772 1267 1803 de
1281 1773 1416 1803 essentia
1434 1773 1558 1812 gloriae.
1576 1773 1608 1804 Si
1630 1782 1710 1812 ergo
1727 1774 1837 1813 loqua-

1063 1834 1137 1855 mur
1156 1825 1194 1856 de
1215 1826 1400 1865 cognitione
1421 1835 1534 1857 eorum
1549 1836 1621 1866 quae
1638 1828 1712 1857 sunt
1735 1835 1838 1857 essen-

1062 1878 1148 1908 tialia
1169 1879 1298 1918 gloriae,
1313 1879 1381 1910 dico
1397 1880 1484 1919 quod
1505 1881 1612 1910 anima
1635 1880 1749 1911 Christi
1768 1890 1837 1911 om-

1062 1931 1126 1969 nia,
1149 1940 1223 1972 quae
1244 1933 1406 1971 cognoscit
1424 1933 1459 1963 in
1477 1933 1604 1970 habitu,
1621 1934 1783 1973 cognoscit
1804 1934 1839 1964 in

1063 1987 1152 2023 actu,
1168 1985 1245 2025 quia
1264 1985 1366 2025 gloria
1380 1988 1426 2016 est
1445 1987 1575 2017 habitus
1591 1987 1625 2018 in
1647 1989 1732 2018 actu.
1751 1987 1839 2019 Unde

1063 2039 1145 2070 sicut
1164 2049 1229 2070 non
1254 2041 1355 2079 potest
1373 2040 1481 2071 anima
1499 2041 1570 2081 ejus
1591 2050 1657 2072 non
1678 2050 1744 2072 esse
1768 2041 1840 2082 glo-

1063 2093 1163 2131 riosa,
1179 2093 1224 2124 sic
1243 2093 1437 2133 impossibile
1451 2096 1497 2125 est
1515 2095 1670 2126 actualem
1692 2095 1840 2127 conside-

1064 2147 1220 2178 rationem
1241 2157 1369 2187 eorum,
1386 2157 1459 2188 quae
1477 2150 1553 2180 sunt
1572 2149 1611 2180 de
1626 2150 1760 2180 essentia
1773 2149 1841 2189 glo-

1064 2201 1133 2240 riae,
1148 2201 1183 2232 in
1198 2201 1266 2241 ipso
1281 2201 1484 2242 interrumpi.
1499 2202 1533 2233 Si
1546 2204 1654 2234 autem
1668 2203 1841 2243 loquamur

1065 2255 1102 2286 de
1122 2255 1305 2295 cognitione
1322 2264 1436 2287 eorum
1454 2264 1528 2296 quae
1549 2265 1616 2287 non
1639 2258 1714 2287 sunt
1731 2264 1841 2287 essen-

1065 2308 1151 2340 tialia
1172 2309 1300 2349 gloriae,
1316 2309 1361 2340 sic
1382 2318 1448 2340 non
1468 2311 1516 2340 est
1530 2319 1655 2341 necesse
1670 2309 1755 2350 quod
1770 2318 1841 2340 om-

1065 2362 1136 2400 nia,
1153 2371 1226 2402 quae
1247 2363 1409 2403 cognoscit
1423 2363 1457 2394 in
1474 2362 1587 2394 habitu
1599 2387 1607 2400 ,
1624 2364 1794 2402 cognoscat
1807 2362 1841 2393 in

1065 2418 1148 2447 actu.
1165 2416 1204 2447 Et
1225 2416 1324 2457 hujus
1338 2417 1470 2456 signum
1484 2418 1547 2455 est,
1565 2416 1650 2456 quod
1665 2415 1748 2447 Deus
1764 2415 1839 2446 bea-

1065 2472 1106 2502 tis
1127 2472 1335 2503 existentibus
1359 2472 1393 2502 in
1420 2472 1540 2512 gloria,
1566 2472 1626 2502 hoc
1650 2472 1698 2502 est
1724 2471 1842 2502 sanctis

1066 2526 1204 2566 angelis,
1220 2526 1341 2566 aliquid
1358 2525 1396 2556 de
1409 2534 1493 2557 novo
1506 2524 1644 2563 revelat,
1660 2526 1691 2555 et
1705 2524 1844 2555 ostendit

1067 2580 1102 2610 in
1116 2589 1160 2618 se,
1175 2579 1262 2620 quod
1279 2580 1368 2620 prius
1383 2580 1491 2610 tamen
1505 2587 1570 2609 non
1593 2577 1787 2609 ostendebat.
1804 2576 1843 2608 Et

1069 2633 1139 2664 ideo
1153 2633 1250 2664 statui
1263 2632 1376 2673 gloriae
1391 2640 1457 2662 non
1471 2633 1631 2671 repugnat
1644 2631 1843 2663 considerare
