2017 2960
56 809 122 836 Opin.
143 812 160 831 t.

58 1735 154 1762 improb.

685 144 782 177 DIST.
805 144 883 177 XIV.
907 145 998 177 ART.
1024 145 1046 177 1.
1068 145 1218 183 QUAEST.
1244 147 1281 177 Π.

179 213 320 253 telligere
334 213 454 253 aliquid
469 213 540 244 addi
555 224 561 243 :
579 213 632 244 sed
643 213 724 244 Deus
738 216 794 251 est,
805 222 868 253 quo
885 223 950 244 ma—

175 267 229 306 jus
243 267 375 306 cogitari
389 276 455 297 non
470 269 581 306 potest,
597 269 631 297 ut
651 267 725 298 dicit
739 266 908 297 Anselmus
922 267 930 283 ¹
944 278 950 296 :

179 330 256 361 ergo
269 321 409 352 Verbum
424 322 552 353 unitum
563 322 680 352 animae
695 322 819 360 Christi,
836 322 861 352 si
870 331 954 351 com-

179 375 426 415 prehenderetur
456 376 495 406 ab
524 377 603 416 ipsa,
636 385 701 406 non
726 378 806 406 esset
840 375 920 405 Deus
944 384 952 404 ε

178 429 230 459 sed
245 431 291 459 est
303 429 386 460 Deus
400 440 406 460 :
423 438 502 468 ergo
519 438 583 460 non
593 428 884 469 comprehenditur.

450 555 678 587 CONCLUSIO.

178 633 281 660 Anima
310 633 412 661 Christi
436 641 489 660 non
519 633 718 668 comprehendit
744 633 953 659 immensitatem

217 678 314 710 Verbi,
331 686 485 712 quanquam
505 680 590 705 totum
608 680 697 713 ipsum
716 678 831 705 Verbum
845 685 953 711 coquos-

213 724 275 753 cat,
296 723 361 756 quia
374 730 427 749 non
442 724 573 757 cognoscit
589 723 713 749 totaliter
732 723 829 758 ipsum.

218 801 310 841 Resp.
327 802 366 833 ad
383 811 452 842 arg.
468 802 516 833 Ad
532 802 759 842 praedictorum
772 802 951 841 intelligen-

177 855 255 886 tiam
263 858 308 886 est
319 856 509 893 notandum,
519 857 605 896 quod
613 856 712 896 aliqui
727 857 831 887 dicere
845 857 954 887 volue-

177 913 264 948 runt,
281 911 366 951 quod
382 911 523 942 Verbum
536 912 725 948 increatum,
736 915 766 942 et
781 912 846 952 ipse
860 911 953 949 Deus,

177 974 243 995 non
255 965 360 995 solum
386 965 426 995 ab
440 966 547 996 anima
571 965 694 1003 Christi,
719 965 773 996 sed
795 965 891 995 etiam
915 965 955 995 ab

177 1017 246 1048 aliis
262 1018 431 1049 animabus
445 1019 544 1049 beatis
556 1019 652 1049 habet
666 1019 905 1059 comprehendi,
925 1021 955 1049 et

177 1071 285 1111 aliquo
300 1073 394 1103 modo
408 1075 454 1102 est
471 1072 765 1112 comprehensibilis
785 1083 791 1103 :
810 1081 955 1112 compre-

177 1125 273 1156 hendi
289 1126 375 1156 enim
388 1126 483 1156 habet
497 1129 655 1166 quantum
670 1126 708 1156 ad
725 1126 904 1164 essentiam,
921 1129 956 1156 ut

177 1179 337 1218 dixerunt,
354 1188 427 1219 quae
443 1182 488 1210 est
500 1180 609 1210 finita:
627 1182 658 1210 et
671 1180 743 1210 ideo
760 1180 862 1216 finita,
879 1180 955 1219 quia

176 1232 214 1262 in'
221 1233 323 1272 seipsa
337 1232 472 1272 simplex
486 1235 516 1263 et
530 1233 685 1272 perfecta;
714 1233 829 1263 dicitur
844 1235 954 1263 autem

175 1288 206 1316 et
222 1288 269 1317 est
282 1286 602 1326 incomprehensibile
610 1289 768 1326 quantuni
784 1287 822 1317 ad
839 1288 953 1326 poten-

175 1338 265 1376 tiam,
280 1349 353 1379 quae
367 1340 495 1379 respicit
518 1340 642 1370 infinita
660 1351 667 1370 ε
684 1349 853 1380 nunquam
868 1340 954 1370 enim

175 1394 277 1431 potest
288 1393 322 1423 in
335 1395 392 1430 tot,
409 1393 489 1432 quin
503 1393 537 1424 in
561 1393 664 1433 plura.
685 1393 719 1424 Et
735 1403 791 1433 per
805 1394 865 1424 hoc
889 1393 954 1424 dis—

176 1445 299 1476 solvere
314 1446 487 1476 voluerunt
501 1446 703 1476 auctoritates
719 1445 908 1476 Sanctorum
925 1448 956 1476 et

176 1497 359 1538 Scripturae,
387 1508 461 1539 quae
485 1499 634 1530 videntur
660 1508 842 1539 repugnare
869 1499 951 1529 invi-

177 1561 245 1581 cem
262 1563 268 1582 :
285 1552 456 1592 aliquando
471 1553 558 1583 enirn
574 1552 690 1583 dicitur
705 1552 791 1591 quod
813 1552 896 1582 Deus
909 1555 955 1583 est

177 1605 523 1645 incomprehensibilis:
547 1605 718 1645 aliquando
739 1605 855 1636 dicitur
869 1607 954 1645 quod

177 1657 263 1689 Beati
282 1659 400 1690 babent
415 1659 633 1698 cognitionem
650 1658 952 1698 comprehensionis,

177 1714 207 1742 et
218 1714 363 1752 respectu
377 1712 678 1752 comprehensionis.
694 1712 755 1742 Sed
765 1712 824 1742 iste
840 1713 955 1743 modus

176 1765 300 1796 dIcendi
326 1766 360 1796 in
383 1766 487 1806 primo
515 1766 596 1796 libro
615 1766 625 1781 ²
652 1765 849 1805 improbatus
877 1766 951 1804 fuit,

155 1820 252 1859 -quia
266 1820 460 1860 impossibile
483 1822 530 1851 est
555 1819 641 1859 quod
661 1819 801 1859 potentia
823 1819 954 1850 excedat

58 2270 138 2296 opinio
143 2273 162 2292 2.

175 1874 354 1904 essentiam.
373 1873 461 1904 Unde
490 1873 685 1913 impossibile
708 1875 753 1904 est
776 1874 953 1913 potentiam

175 1936 243 1957 esse
268 1927 454 1966 simpliciter
468 1927 639 1965 infinitam,
660 1927 838 1958 substantia
859 1929 888 1958 et
903 1936 953 1958 es-

175 1980 276 2011 sentia
299 1980 453 2011 existente
477 1980 577 2010 finita.
599 1980 637 2010 Et
657 1980 776 2010 ibidem
803 1980 954 2020 Magister

175 2034 328 2072 ostendit,
347 2034 432 2074 quod
457 2034 606 2064 divinum
621 2042 689 2064 esse
711 2043 777 2064 non
799 2033 905 2064 solum
919 2034 953 2063 in

176 2086 329 2117 relatione
343 2087 382 2117 ad
405 2086 528 2125 Beatos,
545 2086 600 2117 sed
615 2087 711 2117 etiam
726 2086 761 2116 in
775 2086 879 2126 seipso
892 2087 950 2117 ha-

176 2141 229 2172 bet
255 2141 526 2171 immensitatem:
545 2142 575 2170 et
597 2139 667 2171 ideo
691 2140 748 2171 iste
774 2141 887 2171 modus
908 2140 952 2171 di-

177 2194 268 2225 cendi
281 2196 363 2225 stare
379 2203 446 2224 non
459 2195 580 2234 potest3
593 2199 624 2224 et
643 2193 699 2233 qui
713 2193 774 2224 hoc
789 2193 894 2234 primo
909 2193 955 2224 di-

177 2247 235 2286 xit,
250 2247 453 2288 postmodum
468 2247 663 2278 retractavit.
679 2247 742 2277 Alii
759 2255 835 2278 vero
850 2247 954 2278 dicere

178 2301 370 2340 voluerunt,
386 2301 473 2341 quod
497 2300 606 2330 anima
626 2300 758 2339 Christi,
775 2300 834 2331 etsi
849 2301 890 2331 sit
919 2301 955 2330 fi-

178 2355 254 2392 nita,
268 2357 375 2387 tamen
401 2355 441 2386 ob
457 2354 595 2394 gratiam
620 2354 749 2385 unionis
762 2355 954 2386 sublimatur

179 2408 218 2438 ad
242 2408 362 2448 aliquid
390 2408 554 2439 infinitum
573 2419 580 2438 ι
596 2407 693 2439 habet
719 2409 806 2439 enim
821 2408 951 2448 aliquid,

179 2462 264 2500 quod
277 2464 324 2492 est
347 2471 444 2502 supra
467 2470 596 2492 omnem
623 2463 778 2492 creaturae
792 2461 951 2501 jgradum,

179 2516 208 2544 et
222 2523 286 2554 quo
300 2514 380 2545 nihil
402 2517 504 2555 potest
526 2515 660 2555 cogitari
673 2515 880 2546 excellentius
900 2526 906 2546 :
923 2517 954 2546 et

179 2577 217 2597 ex
235 2568 288 2598 illa
304 2571 391 2607 parte
406 2571 507 2607 potest
527 2569 796 2608 comprehendere
812 2568 952 2600 Verbum

211 2631 219 2648 ¹
234 2630 358 2661 Anselm.,
372 2630 495 2661 Prostoq„
509 2638 532 2655 c.
547 2636 584 2654 iv.
598 2644 629 2649 —
645 2632 655 2648 ²
668 2631 731 2656 Dist.
747 2637 786 2657 111.

1726 150 1780 179 301

1007 215 1066 244 sibi
1081 215 1220 245 unitum.
1245 214 1284 245 Et
1305 215 1366 245 hoc
1393 216 1439 245 est
1461 215 1556 245 etiam
1573 214 1673 254 ipsius
1686 215 1784 245 solius

1008 268 1184 307 proprium.
1197 268 1234 298 Et
1250 277 1306 307 pro
1321 269 1408 298 tanto
1429 267 1537 298 dicunt
1553 267 1670 297 dixisse
1685 267 1784 297 Isido-
1800 271 1894 297 huin-nb-

1007 329 1094 357 rum,
1110 321 1194 360 quod
1210 333 1223 350 (ι
1237 321 1376 351 Trinitas
1386 323 1462 352 nota
1476 323 1522 352 est
1531 321 1591 351 sibi
1604 321 1673 356 soli,
1688 323 1717 351 et
1729 321 1785 350 ho—

1008 373 1088 403 mini
1101 377 1275 414 assumpto.
1293 386 1306 402 u
1335 375 1395 405 Sed
1410 384 1467 405 nec
1482 374 1560 405 illud
1575 376 1656 404 stare
1671 376 1784 413 potest,

1008 427 1084 465 quia
1100 428 1250 466 quamvis
1260 428 1363 466 gratia
1374 428 1504 458 unionis
1516 428 1597 458 dicat
1607 427 1727 466 aliquid
1739 427 1786 457 in-

1009 480 1137 510 finitum
1152 481 1273 511 ratione
1290 481 1420 512 alterius
1435 482 1588 517 extremi,
1616 483 1723 511 tamen
1738 490 1784 511 ra-

1010 533 1094 564 tione
1117 534 1232 564 animae
1256 535 1354 565 unitae
1380 544 1505 575 semper
1521 535 1595 566 dicit
1620 535 1697 575 quid
1714 534 1786 564 fini-

1010 588 1090 623 tum,
1103 589 1132 618 et
1148 597 1216 618 rem
1236 588 1363 619 virtutis
1379 589 1490 625 finitze,
1513 589 1664 629 quoniam
1681 589 1788 619 anima

1010 640 1123 670 Christi
1141 643 1249 671 manet
1264 641 1348 671 intra
1362 642 1514 673 terminos
1531 645 1696 673 creaturae.
1713 642 1750 673 Et
1763 642 1787 672 si

1009 695 1055 723 est
1070 694 1198 725 virtutis
1227 695 1336 733 finitae,
1357 695 1517 735 quomodo
1534 697 1634 735 potest
1650 696 1788 726 immen-

1010 747 1135 778 sitatem
1150 748 1419 788 comprehendere
1432 748 1478 779 rei
1492 748 1623 779 omnino
1639 749 1787 787 infinitae,

1010 803 1040 831 et
1051 801 1231 832 excedentis
1244 811 1315 832 eam
1329 802 1363 832 in
1378 802 1562 832 infinitum?
1573 802 1611 832 Et
1624 804 1790 842 propterea

1013 857 1057 885 est
1073 855 1184 886 tertius
1199 856 1312 887 modus
1328 856 1542 893 communior,
1555 856 1748 895 probabilior
1759 859 1789 886 et

1010 909 1134 947 certior,
1152 910 1237 949 quod
1252 919 1311 940 nec
1327 909 1436 939 anima
1451 909 1580 947 Christi,
1598 918 1656 939 nec
1682 909 1790 949 aliqua

1010 965 1156 993 creatura
1178 963 1446 1003 comprehendere
1475 965 1575 1002 potest
1592 962 1790 993 immensita-

1010 1018 1074 1046 tem
1086 1016 1180 1046 Verbi
1198 1017 1342 1053 increati,
1359 1017 1426 1047 sive
1438 1017 1539 1056 ipsius
1555 1016 1622 1054 Dei;
1635 1019 1665 1047 et
1683 1022 1790 1048 tamen

1010 1070 1117 1109 ipsum
1132 1073 1236 1100 totum
1253 1070 1426 1109 cognoscit.
1444 1070 1481 1100 Et
1496 1072 1628 1109 possunt
1651 1070 1711 1100 ista
1725 1070 1788 1101 duo

1010 1123 1107 1153 simul
1125 1126 1218 1160 stare,
1246 1123 1311 1153 imo
1324 1132 1450 1153 necesse
1466 1125 1512 1153 est
1527 1132 1655 1162 ponere,
1672 1132 1790 1163 quam-

1011 1177 1059 1206 vis
1086 1176 1211 1207 difficile
1226 1177 1266 1207 sit
1291 1176 1463 1207 intellectui
1487 1179 1595 1207 nostro
1615 1186 1737 1217 capere.
1758 1177 1789 1208 Si

1010 1230 1096 1260 enim
1120 1239 1194 1261 vere
1218 1230 1370 1269 ponimus
1393 1229 1493 1260 Deum
1515 1230 1708 1270 simplicem,
1726 1232 1790 1262 imo

1010 1284 1087 1323 quia
1101 1285 1315 1315 necessarium
1330 1286 1375 1315 est
1391 1284 1435 1314 sic
1450 1284 1587 1321 credere,
1607 1287 1637 1315 et
1652 1294 1786 1324 ponere;

1010 1337 1035 1366 si
1051 1337 1274 1376 cognoscitur,
1298 1338 1367 1376 jam
1382 1346 1446 1368 non
1470 1338 1647 1368 secundum
1667 1340 1789 1378 partem

1010 1393 1039 1421 et
1052 1394 1185 1431 partem,
1202 1392 1256 1422 sed
1269 1394 1353 1422 totus
1370 1392 1584 1431 cognoscitur.
1609 1392 1741 1430 Rursus,
1764 1393 1789 1423 si

1010 1444 1111 1475 Deum
1126 1446 1275 1485 ponimus
1298 1446 1506 1484 immensum,
1524 1446 1599 1485 qnia
1614 1446 1674 1477 hoc
1688 1447 1788 1477 credi-

1011 1507 1083 1528 mus
1111 1501 1141 1529 et
1165 1499 1313 1537 fatemur,
1341 1508 1466 1530 necesse
1489 1502 1535 1530 est
1562 1509 1679 1539 ponere
1705 1501 1789 1540 quod

1011 1561 1179 1592 nunquam
1194 1553 1233 1583 ab
1249 1552 1409 1583 intellectu
1433 1553 1522 1582 finito
1551 1553 1790 1592 comprehendi-

1011 1607 1064 1636 tur
1077 1606 1212 1636 totaliter
1232 1617 1238 1636 :
1255 1609 1285 1637 et
1303 1606 1345 1636 sic
1361 1606 1443 1637 Deus
1456 1616 1473 1636 a
1489 1616 1694 1646 quacumque
1703 1616 1788 1637 crea-

1011 1661 1082 1689 tura
1108 1660 1215 1699 ipsum
1228 1660 1447 1699 {cognoscente
1473 1662 1558 1690 totus
1573 1660 1787 1699 cognoscitur,

1010 1712 1064 1742 sed
1078 1714 1185 1743 tamen
1200 1722 1265 1743 non
1280 1713 1428 1744 totaliter.
1445 1713 1478 1743 Si
1493 1716 1601 1743 antem
1624 1715 1789 1753 quaeratur

1011 1766 1172 1805 quomodo
1200 1766 1278 1797 illud
1302 1769 1407 1806 posset
1435 1766 1593 1806 intelligi,
1619 1766 1790 1798 dicendum

1010 1819 1096 1858 quod
1109 1819 1335 1851 difficillimum
1351 1822 1398 1851 est
1411 1820 1589 1859 intelligere
1608 1831 1614 1850 :
1635 1821 1711 1860 quia
1719 1821 1790 1860 plus

1010 1873 1168 1912 reperitur
1195 1873 1229 1903 in
1257 1874 1410 1904 creaturis
1439 1873 1477 1904 de
1508 1873 1766 1905 dissimilitudine
1780 1897 1787 1911 ‚

1010 1935 1107 1966 quam
1146 1927 1184 1957 de
1225 1926 1444 1958 similitudine.
1477 1926 1698 1966 Intelligamus
1739 1930 1789 1959 ta-

1010 1989 1096 2018 men,
1113 1980 1216 2019 gratia
1232 1979 1384 2019 exempli,
1414 1980 1554 2019 aliquem
1571 1981 1713 2020 oculum,
1731 1992 1787 2013 cu-

1006 2035 1061 2074 jus
1075 2036 1220 2074 aspectus
1236 2042 1303 2064 non
1314 2033 1354 2063 sit
1367 2033 1498 2064 omnino
1514 2033 1629 2071 clarus,
1652 2037 1682 2065 et
1697 2036 1789 2066 intel-

1010 2088 1151 2126 ligamus
1179 2087 1308 2127 aliquod
1322 2096 1460 2126 parvum
1477 2087 1586 2117 albuni
1597 2111 1604 2124 ‚
1619 2090 1727 2119 tamen
1742 2090 1790 2119 in—

1011 2144 1137 2172 tensum
1155 2141 1187 2171 in
1204 2141 1430 2179 luminositate,
1447 2143 1477 2171 et
1502 2141 1642 2173 claritate
1656 2143 1786 2181 coloris:

1011 2195 1122 2226 oculus
1138 2195 1189 2225 ille
1203 2194 1321 2226 videbit
1335 2194 1413 2224 illud
1428 2194 1537 2224 album
1553 2197 1667 2234 totum,
1682 2198 1789 2226 tamen

1011 2249 1217 2279 eminentiam
1230 2248 1314 2279 illius
1327 2248 1480 2279 albedinis
1497 2258 1562 2279 non
1578 2250 1789 2289 comprehen-

1011 2302 1055 2332 dit
1071 2312 1079 2332 :
1092 2303 1135 2333 sic
1150 2312 1209 2333 suo
1223 2302 1319 2333 modo
1330 2302 1362 2332 in
1374 2302 1535 2342 proposito
1543 2302 1789 2342 intelligendum

1011 2357 1066 2385 est.
1084 2355 1145 2386 Sed
1167 2364 1233 2386 non
1260 2355 1384 2386 modica
1408 2357 1454 2385 est
1468 2355 1520 2385 hic
1540 2355 1762 2386 dissimilitudo
1780 2366 1786 2386 :

1011 2409 1087 2449 quia
1102 2409 1135 2439 in
1161 2409 1215 2439 illo
1230 2409 1301 2439 albo
1316 2408 1452 2448 qualitas
1467 2408 1572 2439 differt
1593 2417 1611 2438 a
1626 2408 1766 2439 claritate
1778 2420 1786 2446 ;

1012 2461 1044 2491 in
1066 2461 1128 2492 Deo
1143 2463 1251 2492 autem
1272 2463 1319 2492 est
1333 2461 1464 2492 omnino
1479 2461 1574 2491 idem.
1590 2460 1629 2491 Et
1640 2461 1717 2492 illud
1729 2471 1789 2492 ex·-

1011 2514 1152 2554 emplum
1177 2514 1343 2545 consuevit
1365 2514 1440 2554 poni
1463 2513 1497 2543 in
1512 2515 1643 2552 puncto,
1662 2515 1717 2553 qui
1733 2524 1788 2546 ra-

1010 2570 1096 2599 tione
1125 2577 1192 2598 suae
1216 2568 1424 2607 simplicitatis
1450 2569 1534 2596 totus
1562 2567 1734 2606 attingitur
1748 2570 1787 2600 ab

1012 2631 1075 2652 una
1091 2621 1184 2660 linea,
1201 2630 1266 2652 non
1280 2623 1388 2651 tamen
1402 2619 1694 2659 comprehenditur,
1710 2622 1790 2661 quia

1805 805 1868 831 Opin.
1880 806 1899 826 8.

1832 1939 1911 1960 Exem-

1804 1972 1862 1998 plum
1874 1974 1893 1991 ¹.

1832 2478 1909 2499 Exem-

1804 2510 1862 2537 plum
1871 2512 1891 2532 Ξ.
