2017 2960
617 195 805 228 DlSTINCT.
830 195 906 226 XVI.
932 194 1022 226 ART.
1048 195 1085 226 ΙΙ.
1111 195 1264 234 QUAEST.
1290 196 1341 227 111.

183 264 330 295 cedendae
352 264 426 293 sunt
447 262 584 293 rationes
605 263 644 294 ad
666 263 750 294 hane
763 264 890 303 partem
905 263 956 293 in-

181 319 295 349 ductae.
313 316 359 346 Ad
379 315 516 346 rationes
527 325 605 347 vero
618 316 655 347 ad
669 317 850 356 oppositum
865 316 955 346 facile

180 372 226 401 est
240 378 295 409 per
308 378 355 407 ea,
372 378 444 408 quae
459 368 541 399 dicta
555 372 640 408 sunt,
659 370 860 410 respondere.

222 424 249 452 1.
269 422 315 453 Ad
332 421 409 452 illud
425 422 509 461 quod
523 422 628 461 primo
643 423 793 462 objicitur
807 423 844 453 de
860 424 953 462 raptu

181 475 286 512 Pauli,
303 475 474 506 dicendum
491 476 575 515 quod
590 485 654 506 non
676 478 723 507 est
744 476 858 514 simile,
876 476 954 516 quia

180 528 297 559 Paulus
312 538 377 559 non
392 528 494 568 potuit
508 529 553 559 sic
567 529 684 560 habere
706 539 801 560 usum
824 529 954 560 viatoris

178 584 209 613 et
235 582 508 622 comprehensoris
524 606 532 620 ,
555 583 731 613 secundum
755 583 839 623 quod
864 583 954 613 Chri-

178 638 255 673 stus,
275 636 330 676 qui
346 638 413 667 erat
428 636 525 666 homo
540 638 571 667 et
586 636 677 667 Deus.

218 692 248 720 ἐξ.
265 689 313 720 Ad
328 689 406 720 illud
423 689 507 729 quod
521 689 681 729 objicitur,
698 690 782 730 quod
794 690 953 720 contraria

177 754 240 775 non
262 746 395 784 possunt
417 744 518 775 inesse
538 744 659 782 eidem,
677 744 858 781 (licendum,
873 744 954 774 sicut

177 798 297 829 dietum
312 799 369 836 est,
391 797 475 837 quod
490 798 579 828 dolor
595 799 625 828 et
641 798 797 837 gaudium
813 798 845 827 in
861 797 952 828 Chri-

176 852 224 881 sto
240 859 303 881 non
317 850 476 881 habebant
488 851 756 888 contrarietatem,
770 851 834 881 imo
848 860 950 881 unuin

176 905 243 934 erat
255 904 416 934 materiale
427 907 572 944 respectu
588 905 734 943 alterius3
748 905 823 945 quia
836 914 875 935 ex
890 905 952 935 hoc

177 957 245 997 ipso
261 957 406 988 Christus
420 958 580 997 gaudebat
595 959 629 988 in
644 958 789 996 Domino,
808 958 892 998 quod
911 958 949 997 (α)

176 1011 331 1041 sentiebat
346 1021 378 1042 se
393 1012 458 1052 pati
473 1014 503 1042 et
518 1012 623 1043 dolere
641 1022 696 1052 pro
715 1013 857 1043 Domino.

218 1067 246 1096 3.
264 1065 311 1096 Ad
328 1065 405 1096 illud
421 1067 506 1106 quod
521 1067 681 1106 objicitur,
698 1067 782 1107 quod
795 1067 951 1106 gaudium

176 1118 528 1159 doloriimpermixtum
545 1123 591 1151 est
600 1121 703 1160 magis
717 1121 891 1159 intensum,
904 1121 952 1152 di-

176 1173 313 1203 cendum
336 1173 421 1213 quod
439 1183 555 1204 verum
574 1176 620 1204 est
634 1174 672 1204 de
687 1175 794 1204 dolore
808 1175 951 1214 opposito

176 1226 317 1264 gaudio;
344 1226 397 1256 sed
420 1226 458 1257 de
480 1226 587 1257 dolore
606 1227 665 1266 *qui
687 1227 739 1258 dat
754 1228 951 1258 occasionem

175 1278 357 1318 gaudendi,
375 1288 439 1309 non
458 1282 582 1319 oportet
601 1279 679 1310 illud
700 1280 816 1311 habere
831 1280 951 1311 verita—

174 1333 259 1363 tem:
279 1333 310 1362 et
330 1332 401 1363 ideo
415 1332 449 1363 in
466 1333 627 1374 proposito
642 1343 707 1365 non
721 1334 881 1366 concludit
897 1335 951 1366 illa

174 1385 265 1416 ratio.

217 1439 245 1468 »1.
263 1438 309 1469 Ad
325 1438 403 1469 illud
418 1439 503 1479 quod
522 1440 680 1479 objicitur,
692 1441 777 1480 quod
790 1441 951 1473 beatitudo

175 1492 346 1532 opponitur
370 1492 508 1524 miseriae
537 1494 715 1524 secundum
738 1495 822 1534 quod
847 1496 952 1535 gratia

173 1546 287 1585 culpae,
305 1546 475 1577 dicendum
487 1547 571 1587 quod
587 1557 702 1578 verum
717 1550 763 1578 est
779 1549 863 1588 quod
881 1549 951 1580 bea-

173 1598 273 1630 titudo
290 1599 429 1630 miseriae
452 1601 624 1640 opponitur
644 1601 822 1632 secundum
845 1602 950 1642 legem

172 1661 376 1683 communem
388 1677 396 1691 ,
419 1656 449 1684 et
464 1663 529 1684 non
548 1655 707 1694 reperitur
728 1655 760 1685 in
781 1656 889 1696 aliquo
908 1657 950 1687 si-

172 1706 240 1736 mul
254 1706 357 1745 gloria
372 1716 446 1737 cum
465 1707 614 1738 miseria:
633 1710 663 1739 et
678 1709 758 1739 ratio
773 1709 872 1749 hujus
891 1713 947 1747 est,

171 1759 247 1799 quia
262 1761 484 1800 unusquisque
501 1763 546 1792 est
562 1761 595 1791 in
617 1771 682 1792 uno
698 1765 781 1793 statu
795 1787 802 1800 ,
828 1772 893 1793 non
916 1763 948 1793 in

172 1813 301 1854 duplici.
327 1813 386 1845 Sed
413 1815 566 1855 quoniam
601 1815 743 1847 Christus
771 1817 804 1847 in
830 1817 948 1857 duplici

171 1868 255 1897 statu
282 1870 367 1906 erat,
392 1869 443 1899 vel
464 1869 555 1908 quasi
578 1869 734 1900 rationem
755 1871 880 1901 tenebat
895 1871 951 1902 du-

172 1920 261 1960 plicis
284 1930 449 1960 personae;
467 1922 547 1953 sicut
571 1923 604 1953 in
628 1923 752 1954 Christo
777 1926 876 1954 status
904 1927 950 1955 est

173 1975 406 2013 compossibilis
432 1976 526 2006 statui
557 1976 624 2006 sine
655 1978 878 2016 repugnantia,
907 1978 951 2009 sic

174 2027 335 2058 beatitudo
361 2038 434 2059 cum
458 2030 595 2060 miseria.
617 2028 681 2061 Nec
698 2032 744 2061 est
758 2031 861 2061 simile
877 2040 950 2062 om-

175 2080 251 2112 nino
271 2081 308 2112 de
324 2083 427 2121 gratia
443 2087 474 2113 et
488 2083 594 2123 culpa,
615 2084 690 2123 quia
702 2093 766 2114 non
778 2085 952 2124 respiciunt

175 2134 317 2166 diversos
342 2138 442 2166 status
454 2160 461 2174 ‚
479 2137 532 2167 sed
547 2137 663 2168 directe
682 2137 801 2168 habent
823 2138 951 2178 opposi-

175 2187 294 2218 tionem
325 2191 355 2219 et
380 2189 728 2230 incompossibilitatem
752 2202 758 2221 :
781 2191 842 2222 nisi
870 2192 949 2223 forte

175 2241 247 2280 quis
268 2242 424 2282 intelligat
448 2243 485 2273 de
502 2243 594 2284 culpa
615 2244 743 2283 veniali,
759 2254 832 2285 quae
846 2245 880 2276 in
896 2255 951 2277 eo-

175 2292 246 2323 dem
270 2296 372 2334 potest
390 2295 484 2327 simul
505 2297 636 2336 reperiri
658 2306 732 2327 cum
747 2297 861 2336 gratia,
878 2307 950 2338 quae

175 2354 239 2376 non
259 2346 354 2378 babet
375 2349 606 2388 oppositionem
624 2349 774 2380 directam
788 2360 795 2389 ;
811 2351 952 2391 expelle-

175 2401 264 2431 retur
287 2403 395 2433 autem
417 2403 547 2433 omnino
573 2403 706 2434 venialis
732 2404 844 2444 culpa,
875 2414 950 2436 cum

175 2453 338 2492 perficitur
351 2456 455 2495 gratia
473 2468 479 2488 :
498 2457 542 2487 sic
558 2460 588 2488 et
605 2467 623 2488 3
638 2457 760 2489 Christo
773 2459 876 2490 ablata
890 2459 950 2490 fuit

174 2507 328 2547 passionis
361 2510 490 2542 miseria
502 2534 510 2549 ,
541 2520 614 2542 cum
642 2514 863 2543 consummata
891 2512 951 2544 fuit

174 2560 246 2600 ers
259 2560 373 2600 gloria.

206 2642 214 2657 ¹
226 2642 266 2671 Cf.
279 2644 304 2667 S.
315 2642 416 2672 Thom.,
426 2644 598 2676 p.111,q.xv,
610 2648 657 2670 art.
669 2648 691 2677 5,
703 2649 729 2672 et
740 2655 764 2679 q.
777 2654 849 2676 x1m,
861 2650 908 2672 art.
920 2650 949 2679 6;

176 2679 199 2701 et
220 2677 251 2702 ΙΙΙ
268 2678 348 2709 Sene„
360 2678 417 2703 dist.
437 2684 481 2708 xv,
501 2686 526 2711 q.
543 2686 575 2711 11,
596 2683 643 2705 art.
656 2682 686 2713 3,
709 2690 733 2715 q.
750 2689 773 2714 15
793 2683 948 2714 aichardus,

1728 202 1782 231 361

1051 264 1080 294 5.
1097 264 1146 295 Ad
1167 263 1245 295 illud
1266 263 1353 304 quod
1374 264 1531 304 objicitur,
1547 264 1632 305 quod
1648 267 1787 305 potentia

1010 315 1061 346 illa
1082 317 1214 357 simplex
1243 319 1309 354 est,
1326 318 1495 349 dicendum
1520 319 1623 358 quod,
1638 320 1786 359 quamvis

1010 374 1066 404 per
1080 368 1228 397 naturam
1244 367 1384 406 potentia
1400 367 1534 407 simplex
1556 377 1620 399 non
1634 368 1732 408 possit
1746 369 1785 399 ad

1009 419 1133 450 diversa
1153 421 1311 458 converti,
1334 422 1439 451 tamen
1463 430 1519 461 per
1539 421 1784 452 deiformitatem

1008 472 1120 511 gloriae
1137 473 1284 512 possibile
1304 476 1351 504 est
1373 474 1450 505 adeo
1466 475 1622 515 ampliari,
1638 477 1675 505 ut
1689 475 1784 505 simul

1009 525 1105 565 possit
1124 525 1162 556 ad
1179 526 1305 557 diversa
1328 528 1490 566 converti,
1515 531 1545 559 et
1559 528 1642 559 circa
1659 528 1784 559 diversa

1008 580 1090 610 affici
1107 591 1113 611 :
1130 582 1160 611 et
1179 581 1223 611 sic
1241 581 1273 612 in
1289 583 1392 621 patria
1406 583 1465 614 erit
1481 584 1664 623 aliquando,
1699 584 1784 614 inte-

1007 633 1217 673 telligendum
1232 635 1328 666 etiam
1344 638 1389 666 est
1403 637 1498 667 fuisse
1513 637 1546 667 in
1563 637 1696 668 Christo.

1049 689 1078 718 6.
1107 688 1154 719 Ad
1181 688 1259 719 illud
1281 690 1366 729 quod
1388 690 1561 729 objicitur,
1591 691 1677 730 quod
1705 691 1785 722 ratio

1007 741 1152 780 superior
1175 751 1238 772 non
1260 742 1376 773 dicitur
1395 742 1454 773 nisi
1474 743 1507 773 in
1528 745 1685 783 quantum
1709 752 1785 774 con-

1008 795 1144 825 vertitur
1159 795 1198 826 ad
1217 795 1398 835 superiora,
1421 796 1593 827 dicendum
1617 797 1702 836 quod
1724 797 1785 828 hoc

1008 857 1071 879 non
1089 851 1134 879 est
1147 858 1273 886 verum,
1290 859 1347 889 pro
1364 859 1400 880 eo
1422 849 1506 889 quod
1525 849 1565 880 ad
1586 850 1784 889 superiorem

1007 903 1185 942 portionem
1195 903 1328 933 rationis
1338 904 1455 943 spectat
1465 911 1578 941 regere
1588 903 1782 942 inferiorem,

1008 958 1037 986 et
1053 965 1149 996 penes
1164 957 1265 996 ipsam
1282 957 1395 987 residet
1407 957 1553 996 regimen
1567 959 1597 987 et
1610 957 1784 997 imperium

1008 1012 1151 1050 respectu
1167 1010 1313 1041 omnium
1329 1010 1544 1050 potentiarum
1566 1011 1694 1049 animae,
1711 1021 1784 1051 quae

1007 1065 1080 1093 sunt
1096 1063 1202 1103 aliquo
1218 1064 1312 1094 modo
1330 1063 1442 1094 rationi
1460 1063 1668 1101 obaudibileS‚
1692 1066 1723 1095 et
1742 1064 1786 1095 ita

1008 1125 1063 1155 per
1077 1116 1208 1147 modum
1228 1118 1350 1147 naturae
1370 1117 1539 1156 colligatur
1554 1118 1702 1157 potentiis
1718 1118 1786 1148 aliis

1007 1173 1037 1200 et
1051 1170 1111 1209 ipsi
1131 1171 1255 1210 corpori
1274 1171 1436 1209 humano,
1460 1174 1614 1211 tauquam
1639 1172 1784 1211 perfecti-

1006 1223 1061 1253 bili
1085 1232 1092 1253 :
1116 1225 1146 1253 et
1168 1223 1238 1254 ideo
1262 1224 1326 1263 pati
1350 1225 1456 1261 habet,
1478 1234 1608 1264 corpore
1633 1225 1782 1264 patiente.

1007 1276 1095 1314 Quod
1111 1279 1217 1307 auten]
1233 1278 1358 1315 dicitur,
1375 1278 1460 1318 quod
1478 1279 1558 1309 ratio
1573 1279 1718 1318 superior
1736 1282 1783 1310 at-

1009 1331 1148 1361 tenditur
1166 1332 1342 1362 secundum
1366 1334 1529 1372 aspectum
1548 1333 1587 1363 ad
1605 1333 1782 1372 superiora,

1009 1385 1070 1415 hoc
1097 1385 1213 1416 dicitur
1235 1388 1391 1425 quantum
1417 1386 1455 1416 ad
1482 1387 1552 1426 ers
1577 1386 1784 1426 principalem

1009 1441 1126 1475 actum,
1155 1448 1220 1469 non
1245 1439 1329 1479 quod
1353 1439 1543 1470 excludatur
1567 1440 1732 1471 conversio
1752 1442 1783 1471 et

1007 1491 1188 1531 colligantia
1202 1492 1301 1532 ipsius
1318 1493 1357 1523 ad
1374 1492 1535 1523 inferiora.

1267 1604 1447 1642 QUAESTIO
1471 1605 1525 1636 ΙΙΙ.

1006 1689 1051 1715 An
1068 1690 1097 1715 z'n
1118 1688 1222 1716 Christo
1240 1689 1315 1716 dolor
1328 1690 1413 1723 fuerit
1433 1691 1566 1717 intensior
1579 1691 1611 1717 in
1630 1690 1780 1724 rationali,

1255 1736 1304 1760 aut
1322 1735 1352 1760 in
1369 1734 1492 1761 sensibili
1509 1733 1528 1761 ¹.

1046 1813 1082 1844 ln
1101 1823 1166 1854 qua
1190 1816 1278 1854 parte
1303 1814 1420 1844 animae
1446 1813 1557 1845 Christi
1578 1813 1674 1845 fuerit
1695 1813 1783 1845 dolor
1810 1833 1843 1853 <un
1866 1840 1894 1852 ,,,,

1004 1867 1170 1905 intensior,
1194 1870 1303 1898 utrum
1326 1868 1360 1898 in
1380 1869 1467 1907 parte
1484 1867 1648 1907 rationali,
1669 1871 1725 1898 aut
1751 1868 1783 1898 in

1005 1923 1094 1960 parte
1117 1921 1275 1959 sensibili;
1297 1923 1329 1952 et
1352 1921 1437 1961 quod
1460 1921 1493 1951 in
1517 1922 1607 1961 parte
1621 1920 1782 1958 sensibili,

1006 1975 1133 2006 videtur
1152 1985 1159 2006 :
1181 1975 1258 2006 illud
1274 1975 1379 2014 magis
1403 1975 1523 2014 patitur
1546 1974 1585 2005 ad
1608 1974 1784 2014 potentiam

1005 2028 1189 2068 affligentis,
1214 2028 1300 2069 quod
1329 2028 1433 2067 magis
1459 2030 1506 2058 est
1526 2028 1673 2067 passibile
1700 2037 1707 2058 :
1731 2028 1785 2059 sed

1006 2082 1193 2113 sensualitas
1206 2083 1239 2113 in
1255 2082 1377 2114 Christo
1397 2084 1464 2112 erat
1487 2082 1591 2121 magis
1614 2081 1783 2122 passibilis,

1006 2146 1104 2176 quam
1119 2137 1187 2177 ipsa
1201 2136 1283 2167 ratio
1308 2146 1315 2167 ι
1336 2145 1415 2175 ergo
1430 2137 1498 2166 erat
1521 2135 1665 2175 fragilior
1682 2146 1689 2166 z
1705 2144 1784 2174 ergo

1006 2191 1132 2222 videtur
1167 2191 1252 2231 quod
1293 2190 1398 2230 magis
1439 2190 1642 2229 affligebatur
1677 2189 1784 2220 anima

1007 2244 1118 2276 Christi
1140 2245 1316 2277 secundum
1331 2244 1581 2281 sensualitatem,
1596 2252 1693 2283 quam
1706 2242 1783 2273 affli-

1006 2301 1136 2339 geretur
1151 2300 1327 2331 secundum
1342 2299 1511 2329 rationem.

1046 2353 1136 2391 Item,
1153 2362 1248 2384 omne
1263 2352 1342 2383 illud
1356 2352 1441 2392 quod
1459 2351 1563 2391 magis
1581 2351 1614 2381 in
1634 2349 1783 2390 patiendo

1006 2417 1024 2438 a
1043 2407 1255 2437 consolatione
1277 2406 1459 2445 elongatur,
1485 2404 1589 2443 magis
1611 2403 1729 2443 patitur
1752 2404 1783 2433 et

1005 2460 1160 2499 affligitur
1181 2468 1188 2490 :
1206 2459 1259 2490 sed
1278 2458 1465 2490 sensualitas
1486 2458 1557 2497 plus
1577 2456 1742 2487 recedebat
1763 2465 1783 2487 a

1006 2513 1126 2553 gaudio
1140 2513 1174 2544 in
1191 2513 1351 2553 passione,
1369 2520 1467 2551 quam
1488 2511 1556 2550 ipsa
1576 2509 1676 2547 ratio,
1700 2509 1783 2540 sicut

1006 2566 1212 2598 manifestum
1227 2567 1293 2597 est:
1310 2574 1399 2604 ergo,
1418 2566 1476 2595 etc.

1007 2648 1038 2672 111
1060 2647 1139 2678 Sent.,
1162 2646 1219 2671 dist.
1240 2651 1287 2676 xv,
1308 2647 1354 2669 art.
1380 2646 1402 2672 4.
1430 2651 1455 2675 q.
1477 2649 1496 2674 1,
1511 2643 1657 2674 Stephanus
1672 2642 1777 2673 Brutef„

1007 2684 1129 2714 1118ent„
1142 2683 1200 2708 dist.
1216 2687 1269 2713 xvi,
1285 2689 1310 2713 q.
1326 2687 1404 2705 v1.—
1417 2679 1501 2711 (soal.
1515 2686 1575 2711 quo.
1606 2712 1608 2715 ,
