2017 2960
23 406 87 434 Opin.
100 408 118 428 2.

32 1165 128 1192 lmprub.

563 171 659 203 DtST.
684 172 737 203 111.
764 171 879 204 PART.
904 172 927 203 1.
950 172 1041 204 ΛΒΤ.
1068 173 1105 204 11.
1129 173 1279 212 QUAEST.
1307 177 1344 207 ll.

143 239 281 271 aliorum
304 239 497 270 assimilatur
522 239 608 270 carni
635 239 772 270 aliorum
804 248 922 279 paren-

144 294 213 324 tum
223 316 231 329 ‚
245 292 372 324 videtur
386 292 471 333 quod
487 290 624 332 Spiritus
639 294 768 323 sanctus
785 292 924 322 secundo

143 353 241 385 super
255 354 326 376 eam
342 345 516 376 adveniens
540 355 670 386 prorsus
690 345 861 376 extinxerit
877 345 924 376 fo-

144 398 266 430 mitem.
284 398 322 429 Et
346 399 389 429 ita
413 399 563 439 praedicta
584 399 691 438 opinio
708 407 773 429 non
797 398 925 429 videtur

143 450 261 483 habere
276 451 545 492 probabilitatem.
564 451 729 483 Secundus
744 451 859 482 modus
875 451 924 482 ‹li-

143 506 233 537 cendi
248 508 313 543 est,
330 506 415 546 quod
432 509 496 537 tam
513 507 544 537 in
569 506 684 547 prima,
701 515 800 546 quam
825 506 857 536 in
872 515 924 536 se-

143 560 247 591 cunda
268 560 516 591 sanctificatione
539 560 635 590 fuerit
652 559 685 590 in
701 568 739 589 ea
766 559 924 590 extinctus

143 613 254 651 fornes,
270 613 324 644 sed
340 614 443 652 aliter,
459 616 488 644 ct
505 613 605 643 aliter.
619 612 654 643 ln
671 613 772 652 prima
786 621 924 652 namque

143 667 302 698 extinctus
327 667 386 698 fuit
413 667 444 697 in
473 667 631 706 quantuni
661 665 791 706 respicit
816 674 925 706 perso-

143 730 237 758 nam;
256 721 288 752 in
304 720 454 758 secunda,
465 720 497 750 in
514 722 674 760 quantum
685 719 814 760 respicit
824 721 923 750 natu-

143 782 223 805 ram.
242 773 276 804 ln
292 774 395 814 prima
409 782 487 813 ergo
503 773 752 804 sanctificatione
770 773 924 805 mundata

142 826 213 865 suit,
233 829 270 858 ut
285 836 454 867 nunquam
470 828 630 867 peccaret;
649 827 681 857 in
697 827 837 858 secunda
847 835 923 858 vero

141 880 336 912 sanctificata
352 880 423 918 fuit,
443 882 477 911 ut
493 889 627 920 germen
644 880 705 920 piae
720 880 819 920 prolis
833 880 924 911 emit-

142 934 222 964 teret
247 933 316 965 sine
341 936 479 974 peccato,
502 943 568 964 non
590 933 696 964 solum
719 934 847 972 actuali,
870 933 923 964 sed

142 986 238 1018 etiam
253 987 382 1018 veniali.
396 987 430 1018 ln
444 987 549 1028 prima
564 987 660 1018 etiam
676 987 925 1018 sanctificatione

143 1041 302 1072 extinctus
317 1041 376 1072 fuit
391 1042 491 1072 fomes
506 1041 538 1071 in
558 1043 717 1081 quantum
733 1040 833 1072 reddit
850 1049 922 1081 pro-

144 1103 223 1125 num
246 1094 284 1125 ad
310 1095 451 1132 malum;
475 1095 507 1125 in
531 1095 680 1131 secunda,
707 1094 741 1124 in
765 1096 923 1134 quantum

145 1147 305 1178 difficilem
331 1148 369 1179 ad
394 1147 527 1179 bonum.
545 1148 604 1178 Sed
625 1147 703 1178 illud
727 1146 853 1178 difficile
878 1149 924 1178 est

145 1200 336 1241 intelligere,
353 1201 428 1241 quia
454 1210 527 1232 cum
550 1201 610 1231 hoc
632 1201 701 1240 ipso
723 1200 808 1240 quod
831 1200 923 1240 proni

143 1263 257 1285 sumus
281 1254 321 1285 ad
343 1253 483 1290 malum,
507 1253 650 1284 difficiles
671 1262 784 1284 sumus
808 1253 846 1283 ad
871 1253 924 1284 ho-

144 1316 240 1346 num;
256 1306 417 1348 quomodo
430 1306 579 1346 extingui
594 1309 695 1346 potest
709 1307 868 1346 quantum
884 1306 923 1336 ad

142 1360 333 1401 pronitatem
344 1360 383 1391 ad
396 1360 532 1399 malum,
544 1360 612 1400 ipso
626 1362 812 1390 remanente
825 1369 923 1400 quan—

143 1416 214 1446 tum
238 1414 277 1445 ad
311 1413 531 1445 difficultatem
563 1414 602 1444 ad
624 1413 774 1445 bonum?
802 1413 924 1445 Rursus

143 1467 280 1508 qualiter
298 1470 398 1508 potest
421 1467 579 1506 intelligi,
595 1467 681 1507 quod
703 1467 804 1498 fomes
825 1468 924 1507 possit

143 1521 291 1561 extingui
313 1521 347 1551 in
364 1523 521 1561 quantum
542 1521 670 1560 respicit
688 1529 875 1561 personam,
893 1523 924 1552 et

143 1583 209 1606 non
223 1575 264 1606 sit
279 1574 438 1605 extinctus
455 1574 488 1604 in
507 1576 665 1614 quantum
680 1574 808 1613 respicit
825 1576 923 1604 natu-

144 1637 226 1666 ram,
251 1636 326 1658 cum
350 1627 393 1657 ibi
420 1627 460 1657 sit
484 1635 569 1657 unus
592 1626 704 1663 fomes,
729 1626 773 1656 sic
794 1627 924 1658 diversi-

145 1681 238 1713 mode
263 1682 478 1721 comparatus,
495 1683 525 1710 et
545 1679 698 1710 extinctio
719 1680 803 1711 dicat
824 1681 924 1720 ipsius

144 1735 263 1767 fomitis
276 1733 548 1766 eradicationem?
564 1732 634 1764 Non
654 1733 782 1764 videtur
803 1743 922 1774 usque-

143 1797 272 1829 quaque
295 1787 499 1827 intelligibile
521 1787 684 1827 quomodo
702 1788 802 1818 fomes
815 1787 922 1818 extin-

144 1844 265 1883 guatur
286 1841 319 1872 in
342 1842 446 1882 prima
471 1841 738 1880 sanctificatione,
764 1843 795 1872 et
816 1843 924 1873 tamen

143 1895 355 1927 nihilominus
376 1897 541 1926 remaneat
561 1896 706 1935 respectu
725 1894 824 1935 prolis
847 1904 924 1935 pro-

144 1949 312 1990 pagandae.
339 1949 372 1981 Si
397 1949 484 1980 enim
507 1949 728 1988 extinguitur,
751 1958 817 1980 non
844 1958 924 1989 ergo

144 2005 289 2034 remanet
311 2002 421 2043 aliquo
441 2002 558 2040 modo·,
577 2002 637 2033 nisi
653 2003 726 2042 quis
746 2003 826 2034 forte
842 2004 924 2034 acci-

144 2056 210 2097 piat
225 2056 454 2087 extinctionem
468 2055 560 2096 largo
575 2056 669 2087 modo
690 2065 748 2096 pro
765 2056 925 2088 ablatione

145 2111 359 2143 inclinationis
378 2111 417 2142 ad
433 2111 555 2142 malum
571 2114 716 2152 respectu
731 2121 875 2152 persona}
892 2113 925 2144 in

144 2175 209 2207 qua
223 2167 271 2197 est
285 2174 292 2196 :
311 2167 342 2196 et
357 2165 400 2196 ita
413 2165 553 2196 fortassis
570 2165 761 2205 intelligitur
775 2166 926 2206 praedicta

144 2219 270 2261 positio,
285 2227 384 2258 quam
399 2219 474 2249 satis
489 2219 686 2259 probabilem
701 2222 733 2250 et
754 2219 926 2250 rationabi-

145 2273 208 2304 lem
221 2270 329 2304 credo.
344 2272 471 2304 Tertius
484 2274 592 2303 autem
603 2275 650 2303 est
665 2273 780 2304 modus
790 2273 925 2313 dicendi,

146 2326 292 2358 videlicet
306 2325 392 2366 quod
412 2326 445 2356 in
470 2326 574 2366 prima
597 2326 845 2358 sanctificatione
867 2327 928 2358 fuit

148 2379 248 2411 fomes
272 2380 306 2410 in
335 2378 468 2418 Virgine
495 2379 694 2419 consopitus;
725 2380 758 2410 in
788 2380 929 2411 secunda

149 2433 309 2465 extinctus
322 2434 351 2464 et
367 2432 556 2463 eradicatus.
574 2432 687 2464 Fomes
701 2433 788 2464 enim
803 2434 928 2465 radica-

150 2489 204 2518 tur
218 2487 251 2517 in
266 2495 377 2522 carne,
394 2488 425 2517 et
439 2485 579 2516 ascendit
594 2495 694 2526 nsque
717 2487 757 2518 ad
774 2491 927 2519 mentem.

152 2538 188 2571 ln
208 2540 313 2580 prima
334 2540 581 2572 sanctificatione
602 2540 726 2581 Virgini
749 2542 860 2573 collata
883 2545 930 2574 est

153 2594 240 2623 tanta
262 2594 365 2634 gratia
388 2593 606 2634 perfectionis,
629 2595 715 2635 quod
738 2595 930 2627 redundaret

1725 182 1759 210 71

983 240 1014 271 in
1028 241 1099 280 ejus
1109 242 1346 272 sensualitatem
1358 243 1388 273 in
1401 245 1488 273 tanta
1498 244 1719 284 redundantia,
1727 248 1763 277 ut

981 294 1125 324 fomitem
1146 295 1224 325 adeo
1249 296 1455 335 reprimeret,
1472 296 1556 335 quod
1574 297 1697 328 nullum
1715 299 1762 329 ef-

982 347 1097 378 fectum
1115 348 1152 378 ad
1170 349 1365 380 incitandum
1382 349 1554 389 aliquando
1571 349 1711 380 liaberet.
1729 350 1761 381 ln

979 401 1119 432 secunda
1135 404 1242 432 autem
1256 402 1517 440 sanctificatione,
1535 403 1566 432 in
1581 413 1645 442 qua
1661 403 1762 443 Spiri—

980 456 1032 484 tus
1052 457 1180 485 sanctus
1200 464 1265 486 non
1289 458 1413 486 tantum
1435 456 1594 486 descendit
1620 456 1651 487 in
1675 467 1764 488 men-

981 509 1056 545 tem,
1075 508 1126 537 sed
1151 509 1248 538 etiam
1264 509 1296 539 in
1315 518 1443 539 carnem
1456 532 1463 545 ,
1479 509 1562 539 etde
1577 518 1671 540 carne
1686 520 1762 550 ope-

980 562 1068 590 ratus
1100 562 1146 591 est
1181 561 1218 591 de
1250 571 1286 591 ea
1318 562 1505 592 mirabiliter
1537 571 1666 593 carnem
1694 564 1762 594 sine

981 614 1105 644 macula
1129 614 1322 653 fabricando,
1349 616 1477 656 reliquit
1502 616 1602 656 ipsius
1633 625 1762 648 carnem

979 665 1233 705 immaculatam,
1249 668 1438 708 extirpando
1453 678 1492 699 ex
1509 678 1546 700 ea
1561 672 1591 700 et
1606 670 1761 709 fomitem,

980 721 1011 750 et
1029 729 1159 751 omnem
1184 721 1472 761 concupiscentiam
1494 733 1499 753 :
1519 724 1548 752 et
1572 722 1632 753 hoc
1649 726 1764 754 sonant

980 774 1078 805 verba
1102 774 1254 806 Bernardi
1279 777 1309 806 et
1334 775 1488 815 Magistri,
1512 779 1542 807 et
1564 776 1760 816 Damasceni,

980 830 1061 860 sicut
1086 832 1171 870 patet
1197 830 1230 860 in
1255 831 1495 862 auctoritatibus
1519 831 1550 862 in
1572 832 1762 872 opponendo

979 883 1105 914 habitis.
1132 883 1221 915 Unde
1246 885 1382 915 rationes
1407 885 1593 924 probantes,
1619 886 1703 926 quod
1729 886 1762 917 iu

980 937 1084 977 prima
1097 937 1344 968 sanctificatione
1362 947 1426 968 non
1444 938 1501 969 fuit
1516 939 1615 970 fomes
1630 940 1762 971 omnino

979 990 1150 1027 extinctus,
1169 991 1378 1022 concedendae
1394 994 1480 1023 sunt.

1022 1047 1049 1074 l.
1067 1044 1114 1074 Ad
1141 1044 1218 1074 illud
1238 1045 1322 1084 quod
1347 1045 1539 1086 opponitur,
1557 1047 1642 1086 quod
1668 1047 1762 1087 virgo

981 1096 1079 1128 Maria
1101 1098 1160 1128 fuit
1177 1099 1281 1137 gratia
1298 1098 1391 1138 plena
1408 1099 1438 1129 in
1457 1100 1558 1139 prima
1581 1101 1762 1131 sanctifica-

980 1151 1085 1189 tione,
1106 1151 1276 1182 dicendum
1301 1151 1386 1192 quod
1410 1152 1500 1183 aliter
1522 1153 1582 1183 fuit
1611 1153 1703 1193 plena
1728 1153 1762 1185 in

980 1204 1095 1244 prima,
1118 1204 1170 1235 sed
1194 1207 1223 1235 et
1250 1204 1342 1236 aliter
1365 1205 1397 1235 in
1424 1206 1574 1236 secunda.
1599 1205 1636 1236 In
1658 1207 1762 1246 prima

979 1257 1038 1288 fuit
1064 1257 1155 1296 plena
1183 1258 1361 1288 secundum
1392 1258 1478 1298 quod
1509 1259 1696 1299 expediebat
1722 1260 1761 1292 ad

979 1311 1150 1349 meritum;
1174 1311 1206 1341 in
1224 1311 1380 1350 secunda,
1399 1312 1575 1343 secundum
1599 1314 1685 1353 quod
1704 1323 1762 1346 ex-

980 1364 1123 1405 pediebat
1147 1364 1187 1395 ad
1211 1365 1458 1405 concipiendum
1484 1365 1601 1397 Filium
1633 1367 1697 1398 Dei.
1724 1367 1762 1399 Et

979 1419 1050 1450 ideo
1072 1419 1177 1459 prima
1207 1419 1414 1450 sanctificatio
1437 1420 1626 1460 respiciebat
1650 1421 1762 1463 Virgi-

980 1481 1055 1503 nem
1085 1472 1269 1503 secundum·
1293 1472 1456 1510 animam;
1479 1474 1619 1505 secunda
1651 1477 1760 1507 autem

979 1525 1168 1566 respiciebat
1181 1525 1350 1565 Virginem
1364 1528 1473 1564 totam,
1486 1527 1664 1558 secundum
1675 1528 1761 1568 quod

980 1578 1054 1608 dicit
1070 1577 1221 1618 Magister
1237 1588 1244 1609 :
1263 1578 1420 1609 «Mariam
1436 1588 1565 1619 quoque
1582 1581 1680 1611 totam
1694 1580 1762 1621 Spi-

981 1630 1045 1661 ritu
1061 1634 1169 1662 sancto
1186 1631 1398 1671 praeveniens,
1414 1644 1427 1660 »
1450 1635 1508 1663 etc.

1021 1687 1039 1715 -2
1054 1687 1083 1715 et
1100 1687 1128 1716 3.
1146 1685 1194 1715 Ad
1210 1685 1289 1715 illud
1303 1685 1385 1724 quod
1403 1686 1576 1725 opponitur
1593 1698 1599 1717 ι
1622 1697 1637 1714 t(
1649 1685 1762 1718 Fomes

981 1737 1114 1777 impellit
1129 1738 1168 1769 ad
1183 1738 1401 1769 necessitatem
1420 1739 1458 1769 ad
1484 1739 1681 1779 peccandum
1702 1749 1761 1771 ve-

980 1791 1118 1828 nialiter,
1133 1793 1164 1823 et
1179 1791 1218 1823 ad
1233 1792 1452 1823 difficultatem
1467 1793 1506 1824 ad
1522 1793 1656 1832 bonum,
1675 1805 1690 1822 »
1711 1794 1762 1825 di-

981 1846 1119 1878 cendum
1134 1846 1219 1887 quod
1235 1846 1312 1878 illud
1331 1849 1377 1878 est
1392 1856 1506 1878 verum
1530 1847 1586 1878 ubi
1601 1851 1647 1879 est
1663 1848 1763 1880 fomes

981 1900 1015 1931 in
1029 1900 1142 1940 vigore
1157 1909 1215 1931 suo
1226 1923 1235 1939 ‚
1259 1900 1315 1931 ubi
1331 1900 1447 1931 scilicet
1464 1910 1528 1931 non
1543 1901 1730 1941 reprimitur
1744 1912 1763 1934 a

982 1954 1086 1993 gratia
1102 1956 1252 1984 movente
1268 1953 1307 1985 ad
1325 1954 1523 1985 contrarium
1542 1966 1549 1985 ε
1565 1957 1595 1986 et
1612 1955 1682 1987 ideo
1697 1964 1763 1986 non

981 2007 1094 2038 habuit
1110 2007 1216 2038 locum
1230 2007 1265 2038 in
1280 2006 1424 2047 Virgine,
1440 2007 1496 2038 ubi
1512 2007 1570 2039 fuit
1580 2009 1684 2048 gratia
1696 2017 1764 2049 per-

982 2059 1062 2090 fecta
1079 2059 1291 2100 tranquillans
1307 2060 1377 2099 ejus
1390 2059 1532 2090 animam
1548 2062 1579 2091 et
1594 2060 1763 2101 potentias.

983 2111 1022 2144 Et
1033 2112 1078 2143 sic
1092 2114 1178 2152 patet
1192 2112 1355 2152 responsio
1372 2112 1411 2143 ad
1425 2112 1478 2144 illa
1493 2113 1568 2144 duo.

1024 2168 1054 2197 4.
1073 2166 1121 2197 Ad
1138 2166 1214 2197 illud
1237 2167 1324 2206 quod
1345 2167 1495 2206 objicitur
1517 2167 1555 2199 de
1576 2167 1767 2208 perfectione

985 2221 1111 2260 gratiae,
1139 2220 1310 2251 dicendum
1333 2220 1418 2261 quod
1435 2220 1538 2260 gralia
1553 2230 1627 2261 quae
1650 2221 1767 2252 directe

985 2274 1111 2315 respicit
1128 2274 1269 2305 animam
1281 2298 1290 2311 ,
1306 2274 1425 2305 minuit
1444 2274 1587 2306 fomitem
1608 2277 1767 2315 quantum

985 2327 1023 2358 ad
1041 2327 1292 2365 inclinationem,
1307 2328 1360 2359 sed
1377 2336 1441 2359 non
1456 2330 1580 2368 oportet
1595 2330 1631 2359 ut
1644 2329 1769 2359 minuat

985 2384 1143 2422 quantum
1159 2381 1199 2413 ad
1215 2381 1353 2413 radicem
1371 2392 1378 2412 :
1396 2384 1426 2413 et
1448 2382 1518 2413 ideo
1536 2391 1602 2413 non
1624 2382 1768 2422 sequitur

986 2435 1070 2475 quod
1097 2445 1153 2476 per
1168 2435 1393 2475 perfectionem
1413 2434 1497 2466 illius
1512 2435 1626 2474 gratiae
1650 2434 1770 2466 fomitis

987 2488 1242 2529 concupiscentia
1264 2488 1439 2525 evellatur,
1457 2488 1511 2518 sed
1529 2488 1633 2518 solum
1650 2489 1685 2518 ut
1699 2489 1769 2527 eius

987 2541 1150 2574 inclinatio
1168 2541 1373 2581 consopiatur
1389 2552 1395 2572 ε
1411 2544 1441 2571 et
1460 2541 1520 2572 hoc
1541 2541 1669 2581 quidem
1691 2549 1769 2572 con-

987 2595 1163 2626 cedendum
1179 2597 1227 2626 est
1242 2597 1396 2635 tanquam
1418 2602 1542 2625 verum.
