2017 2960
207 185 264 212 566

207 249 289 280 hanc
304 250 485 288 expectant,
503 250 533 278 et
552 248 693 278 nondum
708 247 835 282 habent,
852 245 978 275 videtur

210 302 295 343 quod
310 301 444 332 habeant
461 310 558 341 spem.

252 355 343 395 Resp.
360 354 530 387 Dicendum
547 352 632 392 quod
643 376 650 389 ‚
673 351 755 382 sicut
773 351 847 381 dicit
862 349 979 390 Magis-

211 413 269 447 ter,
284 418 339 440 nec
356 408 507 443 Christus,
525 414 582 435 nec
599 405 715 435 animae
730 404 842 442 beatae,
859 413 916 435 nec
929 413 981 434 au—

212 463 294 502 geli,
311 461 436 502 proprie
452 458 624 499 loquendo,
644 458 761 488 habent
775 466 874 497 spem.
891 457 981 488 Ratio

212 515 310 555 hujus
332 517 392 547 est.
410 513 483 553 quia
503 520 572 551 spes
589 513 635 542 est
654 510 834 557 ,expectatio
858 510 981 550 praemii

214 566 429 599 substantialis
442 575 571 596 :omnes
586 567 694 595 autem
709 564 743 595 hi
756 564 893 603 praedicti
910 564 982 594 sub-

214 620 355 651 stantiale
380 618 550 659 praemium
574 618 692 649 habent
712 628 720 648 ·.
744 619 775 648 et
790 617 860 648 ideo
876 619 983 647 carent

214 683 268 713 spe
284 672 409 712 proprie
424 671 515 702 dieta.
534 671 602 701 Alia
617 673 725 702 autem
739 670 820 701 ratio
836 671 892 707 est,
909 670 984 709 quia

214 734 283 765 spes
298 725 391 756 habet
405 732 564 755 annexam
586 724 682 754 fidem
698 734 705 753 ε
724 723 802 753 fides
816 723 921 753 autem
939 723 985 752 est

215 778 354 818 cognitio
378 777 578 817 aenigmatica
594 787 601 807 ι
617 778 647 807 01
662 776 738 815 quia
751 776 875 806 claritas
889 775 983 805 visio-

215 831 264 861 nis
285 831 400 861 divina}
417 830 493 861 tollit
516 838 610 860 omne
625 829 784 868 cenigma,
800 837 856 868 per
876 837 983 858 couse-

217 893 317 924 quens
340 886 473 914 evacuat
491 883 603 919 fidem3
624 885 654 913 01
673 882 858 913 evacuando
878 882 984 919 fidem,

217 938 349 968 evacuat
363 937 464 976 ipsam
485 944 574 975 spem
591 945 598 966 :
615 938 645 966 et
662 935 702 966 ob
723 935 806 965 hanc
828 934 986 974 duplicem

218 990 387 1026 rationem,
404 989 485 1019 sicut
511 988 725 1028 multipliciter
745 988 860 1019 dicitur
881 988 914 1017 in
935 987 986 1018 lit-

219 1047 295 1081 tera,
312 1042 536 1073 convenienter
551 1042 688 1078 videtur,
708 1041 793 1081 quod
807 1049 865 1071 nec
881 1040 987 1071 Chris-

219 1099 290 1133 tus,
315 1105 372 1126 nec
395 1096 511 1133 sancti,
535 1104 594 1126 nec
616 1095 721 1134 angeli
747 1095 830 1125 beati
853 1095 991 1126 habeant

221 1158 319 1190 spem.
337 1148 384 1179 Ad
400 1149 537 1179 rationes
559 1150 665 1178 autem
686 1147 724 1178 ad
745 1147 926 1187 oppositum
941 1156 990 1178 re-

222 1202 393 1242 spondetur
417 1202 547 1232 faciliter
558 1225 567 1241 ,
585 1210 642 1241 pro
658 1210 695 1232 00
710 1200 796 1240 quod
815 1200 887 1230 licet
901 1200 933 1230 in
948 1200 993 1231 eis

222 1265 286 1286 non
302 1257 438 1295 ponatur
458 1264 529 1294 spes
551 1253 677 1294 proprie
699 1253 780 1284 dicta
792 1277 800 1291 ,
816 1253 992 1284 secundum

225 1307 309 1348 quod
334 1310 380 1338 est
405 1307 581 1346 expectatio
610 1306 734 1346 praemii
761 1305 991 1344 substantialis3

226 1363 325 1401 potest
348 1364 474 1399 tamen,
500 1361 589 1400 large
616 1359 797 1399 accipiendo
821 1368 910 1398 spem
938 1368 995 1398 pro

227 1423 428 1455 quacumque
443 1412 678 1453 expectatione,
692 1412 837 1443 videlicet
851 1411 939 1442 stolae
952 1420 997 1442 se·

227 1466 356 1503 eundae,
373 1468 404 1496 et
420 1465 556 1504 alicuius
571 1464 681 1504 gaudii
697 1463 906 1501 accidentalis,
923 1463 997 1503 poni

229 1520 261 1550 in
276 1518 418 1556 Christo,
438 1519 468 1548 et
489 1516 628 1556 angelis,
652 1518 682 1547 et
697 1516 865 1547 animabus
886 1516 996 1547 beatis.

229 1571 289 1603 Sed
304 1580 402 1612 quare
415 1580 485 1611 spes
499 1570 602 1602 virtus
616 1579 680 1600 non
698 1571 737 1601 sit
755 1571 900 1609 respectu
915 1578 996 1609 pree-

230 1626 285 1656 mii
306 1624 520 1661 accidentalis,
538 1623 591 1654 sed
610 1622 841 1660 substantialis,
858 1624 888 1653 et
902 1631 1000 1662 quare

231 1679 325 1710 etiam
340 1678 373 1708 111
387 1677 501 1708 sanctis
517 1678 700 1713 evacuetur,
717 1676 778 1707 1100
792 1675 906 1707 melius
920 1676 1001 1706 infra

232 1731 498 1768 manifestabitur,
514 1739 588 1761 cum
611 1731 724 1769 agetur
745 1729 783 1760 (10
797 1729 1002 1760 evacuatione

232 1786 400 1816 virtutum.
417 1784 464 1814 Ad
479 1783 558 1814 illud
573 1785 679 1813 tamen
699 1781 784 1822 quod
798 1782 945 1822 objicitur
965 1783 1004 1814 de

233 1838 388 1870 desiderio
399 1861 406 1875 ,
420 1837 589 1868 dicendum
603 1836 687 1876 quod
702 1844 766 1867 non
781 1837 828 1866 est
843 1835 944 1866 simile
966 1835 1004 1867 de

235 1890 390 1921 desiderio
405 1892 435 1921 et
450 1898 505 1929 spe
522 1900 529 1920 ε
545 1889 623 1929 quia
638 1898 708 1929 spes
721 1891 767 1919 est
782 1891 926 1928 respectu
941 1898 1005 1919 non

236 1944 355 1980 habiti,
372 1943 423 1973 sed
446 1942 637 1973 desiderium
654 1943 755 1981 potest
775 1950 842 1972 esse
863 1943 1006 1982 respectu

238 1995 352 2033 habiti,
369 1997 405 2026 ut
419 1995 622 2025 continuetur
637 1996 668 2025 01
680 1994 808 2025 tollatur
824 1994 983 2026 fastidium
997 2005 1003 2025 ε

238 2051 269 2080 01
287 2049 329 2079 sic
344 2050 390 2079 051
411 2047 444 2078 111
463 2047 596 2086 angelis.
611 2047 762 2078 Similiter
777 2047 816 2078 ad
832 2047 908 2078 illud
923 2047 1009 2087 quod

239 2101 388 2141 objicitur
414 2100 452 2132 de
476 2101 661 2131 auctoritate
685 2099 818 2138 Psalmi,
844 2100 1010 2131 consuevit

239 2155 298 2185 (1101
311 2153 397 2194 quod
407 2154 466 2184 1100
476 2153 590 2184 dieitur
600 2153 638 2183 de
648 2153 769 2184 Christo
782 2154 902 2184 ratione
914 2163 1010 2184 mem-

240 2208 384 2239 brorum.
400 2206 470 2237 Alia
484 2206 558 2237 satis
573 2207 688 2245 patent.

559 2311 625 2333 DUB.
649 2312 694 2333 Vl.

242 2387 277 2410 De
292 2385 400 2416 antiquis
415 2390 476 2409 vero
490 2383 603 2414 patribus
613 2401 620 2413 ,
637 2383 679 2413 qui
693 2384 760 2413 apud
775 2384 872 2408 inferos
889 2391 968 2415 usque
982 2385 1013 2409 ad

273 2421 418 2452 passionem
434 2419 601 2449 tenebantur,
617 2425 668 2441 non
683 2419 824 2450 incongrue
845 2420 893 2443 dici
913 2422 1015 2451 potest,

273 2457 341 2488 quod
354 2456 428 2480 tidem
443 2458 468 2479 ct
483 2462 555 2486 spem
571 2454 726 2478 habuerunt.

283 2532 418 2563 Contra:
437 2530 515 2570 Spes
533 2538 565 2560 se
581 2529 786 2559 commetitur
807 2529 902 2559 statui
925 2529 986 2560 viae
1005 2539 1012 2560 ε

244 2584 295 2614 scd
320 2583 364 2613 illi
389 2592 453 2613 11011
476 2584 568 2613 erant
590 2582 622 2612 in
646 2583 729 2611 statu
755 2581 815 2611 viae
831 2590 839 2612 ε
857 2590 935 2620 ergo
950 2590 1013 2612 non

279 2649 284 2662 ¹
298 2645 350 2673 Job,
362 2651 404 2675 xl„
416 2646 443 2668 2³
466 2658 495 2662 -
512 2645 582 2668 ¹lino
599 2644 682 2674 potius
696 2645 793 2669 auctor,
807 2643 959 2673 quicumque
974 2643 1013 2666 ille

785 176 1094 210 SENTENTlARUM
1117 178 1190 210 LlB.
1214 178 1266 210 111.

1032 245 1191 276 habebant
1213 253 1312 285 spem.
1332 245 1408 276 ltem
1431 254 1501 286 spes
1515 247 1608 277 datur
1623 245 1746 276 homini
1762 246 1800 277 ad

1032 298 1093 329 hoc
1105 299 1191 338 quod
1213 300 1372 329 mereatur
1391 309 1397 329 :
1415 307 1492 337 ergo
1506 299 1531 330 si
1546 299 1591 330 illi
1606 300 1697 330 erant
1712 299 1802 329 extra

1033 353 1151 382 statum
1167 351 1286 389 meriti,
1305 360 1370 382 non
1385 351 1512 382 videtur
1533 352 1618 392 quod
1634 351 1805 383 habuerint

1034 413 1132 444 spem.
1157 404 1253 435 Juxta
1274 404 1335 436 hoc
1361 404 1518 444 quaeritur
1546 405 1584 436 de
1614 405 1802 442 animabus,

1034 465 1107 496 quae
1135 458 1211 487 sunt
1240 456 1272 486 in
1300 457 1507 496 purgatorio,
1534 459 1644 488 utrum
1669 457 1806 488 habeant

1035 518 1138 548 spcm3
1155 511 1186 540 et
1200 509 1283 549 quod
1299 510 1342 540 sic
1354 533 1361 546 ,
1380 509 1519 546 videtur,
1535 509 1611 549 quia
1624 510 1727 540 adhuc
1740 518 1805 540 non

1035 562 1153 593 habent
1175 564 1317 602 apertam
1339 562 1495 593 visionem
1521 571 1577 602 per
1600 571 1689 602 spem
1705 572 1712 593 :
1728 571 1806 601 ergo

1036 624 1106 655 spes
1121 623 1186 645 non
1202 617 1249 645 est
1263 616 1416 646 evacuata
1429 614 1462 645 in
1476 615 1530 646 eis.
1547 614 1608 646 Sed
1625 616 1734 646 contra
1746 614 1808 645 hoc

1037 670 1094 706 est,
1113 667 1187 708 quia
1210 667 1269 707 ipsi
1291 667 1366 697 certi
1380 669 1456 698 sunt
1470 691 1478 704 ,
1493 668 1578 707 quod
1590 676 1655 698 non
1675 669 1808 707 possunt

1037 720 1204 752 damnari:
1222 729 1300 759 ergo
1313 720 1439 751 videtur
1455 721 1539 760 quod
1562 721 1622 760 ipsi
1643 729 1709 751 non
1731 720 1809 751 indi-

1039 776 1133 813 geant
1148 773 1331 804 fulcimento
1356 774 1432 812 spei.
1456 773 1552 804 Juxta
1571 773 1631 804 hoc
1654 773 1810 812 quaeritur

1040 828 1149 857 utrum
1160 827 1320 858 daemones
1330 826 1436 866 aliquo
1450 826 1543 857 modo
1556 826 1693 857 habeant
1704 833 1807 865 spem3

1040 882 1070 910 01
1084 880 1166 919 quod
1183 879 1227 909 sic
1239 903 1246 917 ,
1265 879 1406 916 videtur,
1421 879 1498 918 quia
1512 878 1627 910 dicitur
1650 879 1689 910 de
1705 878 1808 910 Behe-

1041 934 1129 964 moth
1146 937 1153 953 ¹
1170 942 1177 963 z
1194 935 1274 964 Ecce
1295 941 1364 972 spes
1384 933 1451 972 ejus
1473 933 1684 971 frustrabitur
1701 943 1712 963 .·
1733 940 1811 971 ergo

1042 986 1137 1017 habet
1157 995 1255 1026 spem.
1280 986 1340 1016 Sed
1364 988 1473 1016 contra
1491 995 1498 1016 :
1515 985 1627 1016 Sciunt
1647 986 1813 1025 peccatum

1044 1048 1139 1070 suum
1156 1038 1386 1070 irremediabile
1405 1049 1411 1068 :
1430 1047 1508 1078 ergo
1529 1038 1696 1078 desperant
1712 1048 1719 1068 ε
1736 1045 1814 1077 ergo

1044 1101 1108 1123 non
1133 1091 1251 1122 habent
1273 1101 1372 1131 spem.
1391 1091 1429 1122 Et
1453 1091 1656 1131 Augustinus
1680 1090 1754 1121 dicit
1777 1090 1816 1121 de

1044 1145 1192 1176 diabolo²
1213 1156 1219 1176 :
1251 1156 1266 1174 «
1289 1145 1324 1176 Et
1347 1145 1384 1176 ad
1410 1145 1577 1176 cumulum
1605 1142 1817 1175 damnationis

1046 1207 1113 1230 suae
1128 1198 1316 1238 desperavit.
1334 1209 1349 1227 n

1086 1251 1178 1290 Resp.
1205 1250 1381 1281 Dicendum
1406 1250 1492 1290 quod
1515 1258 1585 1290 spes
1608 1257 1672 1279 non
1698 1248 1819 1279 tollitur

1048 1304 1108 1335 nisi
1123 1312 1179 1343 per
1203 1303 1399 1343 subsequens
1421 1302 1610 1343 praemium,
1626 1304 1658 1333 et
1676 1311 1732 1342 per
1747 1310 1820 1332 con-

1048 1356 1182 1387 trarium
1196 1355 1354 1386 habitum.
1372 1356 1409 1386 Et
1422 1356 1521 1386 sancti
1539 1355 1572 1385 in
1583 1355 1694 1392 limbo,
1711 1356 1742 1385 et
1756 1354 1821 1385 ani-

1051 1418 1112 1440 mae
1129 1409 1162 1439 in
1185 1408 1371 1448 purgatorio
1391 1416 1450 1439 nec
1470 1409 1560 1438 erant
1583 1407 1718 1438 assecuti
1737 1415 1818 1447 prae-

1051 1462 1171 1499 mium,
1187 1469 1246 1492 nec
1268 1461 1444 1492 inciderant
1463 1461 1497 1491 111
1519 1460 1714 1491 contrarium
1729 1459 1820 1490 habi-

1052 1517 1121 1546 tum
1131 1539 1138 1553 ,
1156 1514 1223 1546 sive
1237 1514 1271 1545 in
1284 1514 1440 1546 desectum
1457 1524 1465 1545 ι
1483 1513 1559 1544 111110
1574 1513 1719 1553 estquod
1733 1521 1822 1553 spem

1052 1569 1227 1607 habebant,
1242 1568 1322 1599 sicut
1348 1567 1423 1599 dicit
1448 1567 1532 1599 Beda
1546 1590 1556 1605 ‚
1579 1568 1610 1598 et
1632 1566 1767 1597 habetur
1791 1566 1826 1597 111

1053 1622 1134 1653 111110
1157 1623 1268 1662 quarto
1281 1622 1310 1660 ²,
1331 1620 1416 1661 quod
1443 1623 1548 1661 patres
1570 1620 1605 1651 in
1624 1619 1723 1651 limbo
1745 1619 1827 1650 felici

1055 1685 1110 1716 spe
1124 1675 1307 1715 ingressum
1318 1675 1430 1714 Januae
1444 1673 1580 1704 coelestis
1597 1672 1804 1713 expectabant
1818 1681 1826 1711 ;

1056 1732 1216 1763 daemones
1234 1738 1326 1767 vero,
1343 1731 1375 1759 et
1393 1728 1446 1759 alii
1466 1728 1624 1766 damnati,
1641 1727 1697 1767 qui
1712 1727 1830 1758 habent

1057 1783 1252 1815 contrarium
1275 1781 1424 1813 habitum
1446 1781 1512 1821 spei
1527 1805 1534 1818 ‚
1551 1781 1668 1811 scilicet
1686 1781 1830 1820 despera—

1058 1838 1187 1875 tionem,
1202 1844 1292 1875 spem
1303 1834 1422 1865 habere
1439 1843 1504 1864 non
1520 1835 1664 1874 possunt.
1681 1832 1831 1864 Similiter

1059 1889 1157 1920 sancti
1173 1890 1204 1920 et
1217 1887 1298 1918 beati
1322 1886 1456 1918 assecuti
1478 1888 1553 1917 sunt
1572 1886 1761 1927 praemium,
1776 1893 1833 1925 per

1060 1945 1145 1985 quod
1164 1953 1235 1984 spes
1251 1944 1436 1980 evacuatur,
1454 1942 1536 1974 sicut
1554 1942 1638 1973 infra
1654 1941 1833 1973 manifesta-

1060 1998 1156 2029 bitur.
1177 1998 1225 2029 Ad
1250 1996 1327 2027 illud
1351 2005 1426 2027 vero
1452 1995 1538 2035 quod
1562 1995 1713 2035 objicitur
1727 2018 1734 2030 ‚
1749 1993 1834 2033 quod

1062 2060 1132 2091 spes
1145 2050 1347 2081 commetitur
1361 2057 1395 2080 se
1417 2048 1512 2079 statui
1536 2048 1617 2086 viae,
1636 2049 1667 2078 et
1685 2047 1778 2077 datur
1795 2045 1835 2076 ad

1064 2103 1272 2140 merendum,
1296 2101 1464 2133 dicendum
1489 2100 1574 2140 quod
1602 2099 1701 2131 sancti
1729 2100 1834 2139 patres

1065 2157 1204 2197 quodam
1219 2155 1312 2186 modo
1324 2156 1414 2185 erant
1430 2155 1462 2184 in
1477 2154 1547 2191 via,
1562 2155 1592 2184 et
1611 2152 1756 2184 nondum
1770 2160 1838 2192 per-

1066 2210 1219 2240 venerant
1228 2208 1266 2238 ad
1276 2207 1414 2247 patriam
1425 2217 1432 2244 ;
1446 2207 1600 2246 praeterea
1612 2205 1764 2236 meritum
1775 2212 1838 2234 non

1067 2261 1192 2302 respicit
1205 2261 1306 2300 ipsam
1330 2268 1418 2299 spem
1443 2257 1686 2296 universaliter,
1710 2257 1763 2287 sed
1787 2264 1838 2286 se-

1067 2314 1208 2346 cundum
1233 2314 1365 2344 statum.
1390 2312 1438 2343 Ad
1462 2311 1538 2342 illud
1562 2311 1647 2351 quod
1669 2309 1836 2350 objicitur,

1067 2367 1153 2408 quod
1168 2366 1284 2398 animae
1298 2366 1332 2396 in
1348 2364 1536 2405 purgatorio
1551 2364 1647 2394 certae
1669 2363 1742 2393 sunt
1754 2361 1838 2401 quod

1068 2430 1133 2451 non
1156 2421 1286 2460 possunt
1300 2418 1443 2449 damnari
1457 2441 1465 2455 ,
1488 2415 1656 2448 dicendum
1678 2414 1764 2455 quod
1777 2414 1838 2445 hoc

1069 2483 1133 2505 non
1156 2475 1202 2504 est
1226 2474 1354 2512 propter
1377 2470 1606 2502 assecutionem
1630 2468 1759 2507 gloriae,
1785 2467 1839 2498 sed

1070 2528 1196 2568 propter
1210 2524 1483 2556 confirmationem
1498 2521 1586 2552 liberi
1604 2521 1739 2558 arbitrii,
1752 2520 1838 2560 quod

1070 2608 1107 2633 511,
1123 2607 1176 2629 l.l=rt
1193 2606 1222 2628 tle
1234 2603 1393 2628 Msrnhie'ibus
1404 2609 1465 2625 sacr.
1481 2602 1584 2630 Neripi„
1599 2601 1641 2623 lib.
1657 2601 1675 2629 1,
1691 2608 1714 2623 0.
1730 2605 1759 2628 11,
1773 2599 1839 2622 iuter

1070 2649 1146 2672 opera
1157 2638 1446 2671 §.Augustiui,appcml.
1460 2639 1520 2660 10111,
1531 2637 1600 2659 ltlfv
1614 2636 1624 2652 ³
1635 2635 1688 2660 Lib.
1701 2634 1807 2664 1V,dist.
1819 2639 1836 2658 1.
