1997 2986
33 632 64 653 u
75 639 127 661 opp.

677 227 774 260 mS'r.
799 229 822 260 l.
847 228 936 261 ΛΒΤ.
961 230 1000 262 11.
1024 231 1174 269 QUAEST.
1199 234 1236 266 11.
1729 243 1762 272 2¹

152 304 307 338 beneflcio
326 305 554 337 incarnationis
571 309 618 338 est
638 308 778 340 maxime
794 308 856 340 Deo
871 309 929 339 ob-

151 358 284 395 noxius,
301 358 427 390 videtui·
441 359 527 400 quod
546 361 571 391 si
594 361 660 402 ipse
677 371 742 393 non
762 365 843 394 esset
861 363 929 403 lap-

149 421 221 448 suS,
239 411 306 452 ipse
327 422 391 443 non
412 416 493 444 esset
514 414 717 453 incarnatus,
735 425 794 447 nec
815 416 930 456 hujus-

150 465 236 497 modi
254 465 445 498 lienellcium
461 471 542 499 esset
556 469 614 499 sibi
635 470 825 509 praestitum.
843 469 928 501 Prae-

149 518 245 559 cipua
266 528 346 560 ergo
365 521 446 551 ratio
468 521 694 553 incarnationis
713 523 841 554 videtui·
863 532 930 554 esse

150 572 326 613 redemptio
340 574 468 614 generis
483 574 628 606 humani.

190 624 251 657 Sed
274 629 386 658 contra
403 638 410 658 :
428 630 457 658 vl.
474 628 716 668 Augustinus¹,
738 628 777 661 de
798 629 930 670 Spiritu

150 682 179 712 et
193 680 314 712 Anima
327 691 338 710 .·
354 691 368 708 α
383 679 498 711 Totum
512 681 678 713 hominem
691 683 878 724 assumpsit,
895 686 932 714 ut

150 735 252 764 totuin
268 733 470 766 beatificaret.
485 746 500 763 ι»
513 735 572 767 Sed
589 736 687 767 homo
699 736 833 768 debebat
846 739 930 768 totus

149 785 323 818 beatificari
338 811 346 826 ‚
373 790 404 818 et
430 788 474 819 ita
500 788 592 829 plene
616 789 790 820 beatificari
814 790 840 820 si
865 799 930 821 non

149 842 228 871 esset
252 839 377 881 lapsus,
398 841 478 872 sicut
500 842 527 873 si
549 845 631 873 esset
653 842 762 883 lapsus
779 852 882 883 :ergo
903 843 930 874 si

149 893 246 925 homo
261 903 326 925 non
340 898 422 926 esset
441 895 564 936 lapsus,
583 896 665 928 Deus
679 900 761 929 esset
779 897 930 929 incarna-

148 949 200 979 tus
216 960 223 979 :
241 957 321 988 ergo
339 958 404 981 non
422 950 548 981 videtur
561 951 646 991 quod
666 952 830 992 praecipua
850 952 930 983 ratio

149 1000 377 1033 incarnationis
390 1003 431 1034 sit
446 1004 592 1036 liberatio
605 1005 736 1044 generis
749 1005 896 1036 humani.

189 1056 219 1086 2.
246 1054 323 1086 Item
348 1065 446 1097 super
469 1057 569 1088 illud'
585 1068 593 1088 :
611 1058 779 1099 Nusquam
799 1059 930 1100 anqelos

148 1108 372 1149 apprehendit,
385 1110 492 1142 Glossa
505 1121 512 1141 :
525 1123 539 1140 a
554 1110 625 1142 Non
637 1113 791 1151 angelicae
805 1115 930 1144 naturae

146 1160 220 1192 data
237 1164 285 1193 est
302 1162 372 1194 haec
392 1163 548 1203 dignitas,
566 1167 601 1194 ut
619 1165 648 1195 ei
668 1174 805 1205 persona
821 1166 930 1197 divina

149 1214 308 1247 uniretur.
326 1227 342 1244 n
358 1216 391 1248 Si
413 1226 494 1257 ergo
516 1217 586 1249 haec
608 1217 750 1258 dignitas
773 1219 847 1250 data
870 1219 929 1251 fuit

145 1267 299 1300 humanae
320 1272 460 1309 uaturae,
477 1273 510 1302 et
528 1271 684 1303 humanae
699 1275 825 1304 naturae
850 1273 929 1304 nihil

145 1320 256 1353 datum
279 1325 326 1354 est
348 1323 484 1362 frustra,
510 1334 590 1365 ergo
611 1325 638 1356 si
662 1335 728 1357 non
752 1329 926 1367 peccasset,

144 1375 215 1407 talis
239 1376 381 1416 dignitas
405 1387 470 1409 non
497 1382 676 1411 remaneret
701 1389 803 1412 vacua
822 1393 829 1412 :
848 1391 928 1421 ergo

144 1429 250 1461 adhuc
274 1430 424 1462 uniretur
447 1441 522 1463 cum
546 1432 655 1463 divina
679 1437 796 1465 natura
818 1446 824 1466 :
849 1445 929 1476 ergo

144 1482 290 1514 liberatio
306 1485 434 1524 generis
449 1484 585 1517 humani
600 1495 665 1518 non
683 1490 728 1518 est
745 1489 826 1520 ratio
842 1499 926 1530 prae-

144 1536 250 1578 cipua.

182 1593 212 1623 3.
225 1591 305 1623 Item
315 1593 358 1624 ita
368 1592 498 1624 decebat
506 1593 607 1625 Deum
620 1595 822 1627 manifestare
833 1606 927 1628 suam

144 1644 355 1685 infinitatem,
377 1650 409 1678 et
431 1647 679 1688 perfectionem,
702 1653 733 1680 et
755 1650 927 1682 liberalita-

144 1701 224 1737 tem,
239 1699 267 1730 si
281 1699 379 1731 homo
393 1700 547 1739 stetisset,
562 1701 645 1732 sicut
659 1702 686 1733 si
701 1703 808 1744 lapsus
823 1708 903 1736 esset
917 1716 924 1736 ε

143 1761 222 1793 ergo
236 1752 263 1784 si
276 1753 388 1784 omnia
402 1753 460 1785 ista
477 1754 552 1785 facit
570 1755 604 1786 in
618 1764 715 1796 opere
730 1757 923 1789 incarnatio-

142 1805 204 1845 nis,
220 1806 348 1838 videtur
360 1807 447 1848 quod
462 1808 640 1840 incarnatio
653 1809 780 1847 fuisset,
796 1811 924 1843 etiamsi

143 1859 242 1891 homo
265 1859 374 1900 lapsus
392 1869 457 1892 non
476 1861 604 1899 fuisset,
621 1865 653 1894 et
670 1863 715 1894 ita
736 1863 822 1896 idem
840 1866 925 1906 quod

142 1912 243 1953 prius.

183 1967 214 1997 ⁴.
231 1965 309 1998 Item
323 1969 421 1999 tantae
435 1968 630 2001 difficultatis
644 1972 676 2002 et
689 1971 864 2004 nobilitatis
879 1976 926 2005 est

143 2019 328 2059 vendicare,
343 2021 412 2052 sive
426 2022 593 2062 acquirere
607 2024 670 2055 sibi
685 2025 852 2057 infinitum
867 2027 925 2058 bo-

144 2081 224 2104 num
237 2097 246 2112 ,
261 2073 344 2105 sicut
357 2075 537 2108 satisfacere
555 2086 614 2117 pro
630 2078 769 2118 offensa,
785 2089 861 2120 quae
879 2085 926 2113 est

141 2129 252 2158 oontm
267 2127 390 2159 bonum
406 2129 569 2161 infinitum
588 2142 595 2162 :
612 2131 638 2162 si
653 2141 734 2172 ergo
747 2133 845 2166 homo
860 2144 925 2166 non

142 2183 265 2220 poterat
278 2182 457 2215 satisfacere
473 2193 529 2224 per
541 2194 575 2216 se
587 2185 626 2216 de
644 2186 781 2225 offensa,
797 2197 862 2228 qua
876 2189 925 2219 of-

141 2233 242 2266 fendit
262 2234 380 2272 Deum,
395 2236 440 2268 sic
461 2246 520 2269 nec
538 2247 595 2279 per
612 2248 646 2270 se
665 2242 788 2280 poterat
807 2242 923 2273 mereri

140 2287 259 2320 habere
279 2288 381 2321 Deum
398 2301 405 2322 ε
421 2300 501 2332 ergo
520 2293 602 2324 sicut
622 2297 844 2334 opportunum
864 2296 924 2327 suit

142 2340 260 2374 Filium
274 2342 327 2375 Dei
339 2344 499 2376 incarnari
512 2345 645 2378 homine
658 2347 800 2388 cadente,
815 2352 852 2380 ut
865 2359 923 2390 pro

140 2395 273 2429 homine
285 2398 489 2438 satisfaceret,
502 2399 631 2432 videtur
644 2402 732 2442 quod
745 2403 791 2434 sic
804 2412 922 2444 oppor-

139 2451 258 2482 tunum
286 2451 345 2482 suit
372 2451 490 2484 Filium
518 2452 572 2484 Dei
601 2453 763 2486 incarnari
791 2456 922 2489 homine

139 2504 256 2543 stante,
273 2506 310 2536 ut
324 2505 422 2538 homo
437 2515 494 2547 per
508 2515 585 2538 eum
600 2509 715 2540 mereri
730 2512 846 2550 posset.

171 2581 181 2599 ¹
196 2585 250 2610 lmo
260 2587 350 2611 auctor
362 2585 420 2611 libi-i
433 2586 462 2612 do
475 2587 575 2618 Spiritu
589 2590 613 2612 et
626 2583 734 2620 Anima,
750 2597 773 2615 c.
788 2596 815 2615 ix
827 2610 833 2619 ,
855 2590 922 2615 inter

141 2627 222 2653 open
235 2622 264 2645 S.
278 2622 343 2653 Aug.
359 2622 415 2654 lpse
428 2623 595 2654 Augustinus,
610 2623 641 2648 de
653 2625 730 2649 civit.
747 2625 807 2655 Dei,
822 2625 866 2650 lib.
883 2626 902 2650 x
912 2644 920 2656 ‚

141 2665 165 2681 e.
180 2662 254 2682 xxvu
264 2674 271 2687 ,
286 2655 342 2682 hae
360 2657 455 2683 hahet:
472 2666 486 2681 ι
499 2659 634 2684 hominum
650 2659 800 2692 multitudo,
814 2665 921 2693 propter

142 2701 208 2726 quos
218 2701 234 2719 a
243 2693 392 2720 daemonum
403 2695 538 2721 dominatu
549 2696 697 2723 liberandos
710 2698 827 2724 Christus
839 2699 919 2723 adve-

142 2730 222 2755 nit-,0
236 2730 375 2762 Propterea
388 2731 482 2762 quippe
501 2733 585 2757 totum
598 2733 732 2759 hominem
744 2734 799 2759 sine
814 2738 920 2766 peccato

1028 302 1057 330 5.
1086 300 1182 340 ltem,
1203 312 1277 343 quae
1299 304 1503 337 solummodo
1527 310 1655 347 propter
1677 316 1767 339 occa-

987 353 1110 385 sionem
1133 357 1248 394 peccati
1270 357 1449 389 introducta
1474 362 1568 395 sunt,
1585 361 1734 392 exierunt
1749 371 1768 392 a

990 406 1050 437 Deo
1077 417 1142 439 non
1169 410 1399 451 principaliter,
1427 412 1480 442 secl
1506 413 1745 445 occasionaliter
1759 426 1766 445 ε

987 468 1066 499 ergo
1094 461 1119 490 si
1151 462 1326 494 incarnatio
1358 465 1439 496 sacta
1467 468 1512 496 cst
1551 466 1768 507 principaliter

988 516 1117 553 propter
1137 516 1253 554 peccati
1274 517 1507 557 expiationem,
1526 519 1636 550 anima
1651 519 1767 552 Christi

988 566 1068 596 sacta
1084 569 1130 610 est
1144 576 1207 598 non
1226 569 1390 610 principali
1406 572 1582 604 intentione
1593 598 1600 609 ,
1616 573 1669 604 sed
1684 583 1766 615 qua-

987 619 1061 650 dam
1087 623 1251 654 occasione
1277 635 1284 655 z
1311 625 1336 655 si
1362 635 1442 665 ergo
1469 627 1698 659 inconveniens
1722 632 1769 660 est

989 673 1220 708 nobilissimam
1241 681 1420 710 creaturam
1443 680 1682 713 occasionaliter
1701 692 1768 714 esse

989 726 1219 767 introductam,
1234 741 1309 763 cum
1322 743 1423 773 agens
1438 735 1654 775 principaliter
1668 736 1769 768 inten-

987 781 1040 812 dat
1059 790 1156 822 opera
1178 785 1393 824 nobilissima,
1409 788 1537 819 videtur
1557 790 1641 829 quod
1662 789 1769 821 incon-

989 835 1118 866 veniens
1130 836 1169 868 sit
1184 837 1288 870 dicere
1304 840 1558 873 incarnationem
1572 843 1687 874 iactam
1701 853 1768 875 aese

987 891 1117 929 propter
1130 889 1272 923 hominis
1286 895 1532 934 reparationem.

1028 945 1057 973 G.
1081 942 1158 974 item
1175 945 1208 976 in
1225 945 1444 979 incarnafione
1464 948 1535 980 Filii
1556 949 1607 981 Dei
1626 950 1770 982 hnmana

988 999 1104 1029 natura
1119 998 1296 1038 plurimum
1311 1004 1358 1032 ost
1372 1003 1510 1034 exaltata
1529 1014 1534 1034 :
1552 1004 1577 1034 si
1592 1013 1672 1044 ergo
1689 1003 1771 1036 Deus

988 1051 1175 1082 incarnatur
1186 1063 1228 1084 ex
1239 1053 1300 1085 hoc
1311 1055 1396 1095 quod
1412 1056 1556 1088 humana
1570 1060 1686 1088 natura
1700 1068 1769 1098 pec-

987 1105 1088 1143 cavit,
1106 1106 1231 1137 videtur
1249 1108 1334 1147 quos}
1356 1108 1454 1140 homo
1471 1112 1611 1150 reportet
1627 1120 1770 1142 commo—

987 1158 1065 1189 dum
1084 1159 1123 1190 de
1139 1160 1280 1201 malitia:
1295 1171 1390 1201 ergo,
1413 1163 1438 1193 si
1458 1163 1520 1194 hoc
1536 1173 1602 1195 non
1616 1164 1706 1196 decet
1724 1165 1770 1196 di-

987 1211 1101 1243 vinum
1117 1214 1360 1251 retributorem,
1382 1218 1484 1256 patet,
1503 1219 1562 1248 etc.

1027 1268 1056 1295 7.
1083 1265 1160 1297 item
1184 1267 1326 1299 Christus
1347 1272 1394 1300 est
1417 1272 1513 1310 caput
1536 1269 1681 1302 Ecclesiae
1704 1281 1768 1303 non

985 1318 1090 1350 solum
1124 1322 1301 1353 secundum
1335 1323 1478 1355 divinam
1511 1327 1659 1355 naturam
1675 1350 1682 1363 ,
1714 1326 1767 1357 sed

985 1373 1082 1404 etiam
1099 1373 1294 1415 humanam,
1314 1377 1395 1408 sicut
1411 1378 1549 1409 ostendit
1565 1379 1768 1419 Augustinus

985 1435 1082 1467 super
1091 1428 1247 1461 Ioannem
1258 1433 1269 1449 ³
1280 1441 1291 1461 .·
1302 1431 1355 1462 sed
1369 1431 1396 1462 si
1408 1431 1506 1463 homo
1519 1441 1584 1463 non
1598 1436 1765 1473 peccasset,

984 1481 1090 1512 adhuc
1112 1486 1192 1514 ess-et
1215 1493 1331 1524 corpus
1353 1485 1500 1517 Ecclesiae
1517 1495 1620 1526 :ergo
1639 1486 1689 1517 vel
1712 1486 1765 1518 Dei

986 1534 1085 1566 Filius
1099 1537 1333 1577 incarnaretur,
1349 1541 1407 1569 aut
1419 1548 1536 1580 corpus
1551 1539 1699 1572 Ecclesiae
1714 1550 1764 1572 re-

986 1592 1127 1620 maneret
1150 1590 1341 1631 acephalum
1359 1603 1365 1622 :
1384 1601 1464 1632 ergo
1488 1593 1514 1623 si
1534 1593 1611 1624 illud
1635 1597 1682 1625 est
1704 1595 1765 1625 im-

984 1643 1145 1682 possibile,
1162 1647 1257 1675 restat
1276 1645 1361 1685 quod
1382 1645 1464 1677 Deus
1483 1647 1722 1686 incarnaretur,
1739 1649 1765 1679 si

985 1695 1082 1727 homo
1098 1706 1161 1727 non
1177 1702 1333 1738 peccaset
1347 1709 1447 1739 :ergo
1462 1700 1546 1731 idem
1561 1701 1646 1741 quod
1663 1702 1762 1742 prius.

1023 1752 1054 1781 8.
1079 1750 1173 1788 Item,
1193 1752 1218 1782 si
1240 1752 1336 1784 homo
1355 1753 1462 1794 lapsus
1480 1764 1544 1786 non
1567 1755 1691 1794 suisset,
1718 1759 1764 1787 ta-

983 1812 1058 1835 men
1087 1805 1195 1836 t'nisset
1221 1810 1459 1839 sacramentum
1487 1809 1686 1841 matrimonii
1709 1821 1716 1841 t
1738 1810 1764 1841 si

982 1868 1062 1899 ergo
1084 1864 1321 1892 sacramentum
1341 1862 1538 1893 matrimonii
1557 1863 1591 1894 in
1609 1865 1763 1903 conjunc-

982 1913 1067 1944 tione
1088 1923 1227 1946 sexuum
1249 1915 1325 1946 dicit
1346 1916 1412 1947 sive
1433 1917 1541 1957 signat
1561 1919 1764 1958 conjunctio-

981 1976 1055 1998 nem
1076 1967 1189 1999 Christi
1210 1972 1242 2000 et
1265 1969 1411 2002 Ecclesiae
1427 1974 1585 2011 quantum
1608 1971 1648 2003 ad
1668 1975 1761 2004 natu-

981 2030 1091 2052 rarum
1113 2023 1266 2054 unionem
1287 2027 1416 2065 propter
1437 2024 1760 2065 inseparabilitatem,

982 2077 1018 2106 ut
1031 2075 1148 2108 dicitur
1158 2077 1167 2092 ⁵
1182 2088 1189 2107 ε
1206 2077 1270 2110 Hoc
1284 2082 1519 2110 sacramentum
1535 2087 1688 2120 maynum
1702 2084 1760 2118 est,

980 2137 1035 2170 eqo
1056 2134 1162 2162 autem
1182 2131 1275 2170 dico,
1296 2133 1332 2164 in
1351 2133 1477 2165 Christo
1495 2137 1525 2165 et
1546 2134 1583 2165 in
1600 2134 1741 2166 Ecclesia
1748 2144 1762 2173 ;

979 2192 1058 2223 ergo
1071 2184 1096 2214 si
1110 2184 1207 2216 homo
1219 2186 1365 2224 stetisset,
1377 2189 1433 2217 aut
1445 2191 1681 2218 sacramentum
1696 2197 1762 2219 ma-

980 2237 1122 2268 trimonii
1137 2238 1252 2269 salsum
1267 2242 1348 2271 esset
1362 2241 1510 2280 signum,
1525 2243 1580 2272 aut
1594 2240 1648 2272 Dei
1661 2240 1760 2272 Filius

980 2291 1203 2324 incarnaretur
1219 2303 1227 2324 z
1244 2293 1298 2324 sed
1316 2294 1458 2335 primum
1473 2297 1521 2326 est
1535 2295 1731 2336 impossibile
1749 2303 1758 2324 :

978 2353 1057 2385 ergo
1072 2349 1167 2377 roetat
1177 2371 1185 2385 ‚
1201 2349 1261 2378 etc.

1017 2401 1049 2430 9.
1075 2399 1154 2431 ltem
1174 2401 1378 2442 quadruplex
1398 2404 1445 2433 est
1469 2401 1584 2433 modus
1601 2401 1757 2432 educendi

977 2451 1142 2485 hominem
1161 2455 1194 2485 iu
1213 2463 1280 2486 esse
1296 2464 1304 2485 :
1320 2455 1471 2486 convenit
1484 2455 1572 2486 enirn
1590 2455 1757 2486 hominem

976 2506 1068 2538 educi
1080 2508 1120 2539 de
1132 2508 1201 2540 viro
1213 2511 1245 2540 et
1257 2509 1406 2547 muliere;
1421 2509 1570 2540 convenit
1582 2508 1674 2540 educi
1687 2509 1756 2541 sine

977 2587 1017 2613 ille
1027 2588 1152 2620 suscepit,
1170 2591 1198 2613 ut
1215 2590 1296 2613 totum
1311 2597 1363 2621 qno
1376 2592 1476 2614 constat
1491 2589 1581 2620 homo,
1597 2595 1612 2613 a
1632 2591 1754 2621 peccato-

976 2631 1034 2649 rum
1048 2627 1119 2656 peste
1134 2628 1245 2649 sanaret.
1259 2634 1272 2648 n
1288 2639 1318 2643 —
1328 2627 1338 2642 ¹
1351 2626 1438 2656 fleam,
1454 2631 1483 2656 ιι,
1497 2627 1534 2650 16.
1545 2625 1714 2657 --2August
1729 2626 1754 2649 in

974 2661 1057 2690 loom,
1070 2663 1143 2685 tract,
1155 2667 1226 2692 uvi,
1241 2668 1267 2686 n.
1283 2661 1354 2692 2;de
1365 2662 1460 2686 catech.
1471 2661 1566 2691 rumh„
1577 2668 1602 2686 c.
1616 2667 1647 2686 iii
1663 2664 1687 2686 et
1698 2667 1754 2693 xix,

975 2703 1001 2721 n.
1013 2698 1029 2721 6
1039 2698 1065 2721 et
1079 2698 1108 2721 :13
1118 2704 1125 2726 ;
1136 2696 1166 2721 de
1185 2697 1341 2728 Trvn1·t.,tib.
1355 2700 1374 2726 t,
1388 2704 1410 2722 c.
1422 2703 1479 2728 xiii,
1491 2705 1517 2721 n.
1539 2699 1578 2722 30.
1588 2710 1613 2715 —-
1630 2697 1641 2714 ⁸
1651 2696 1754 2728 prn„

977 2738 1010 2763 ν,
1028 2734 1067 2757 32.
