2017 2960
226 217 283 247 528

223 283 308 314 ditur
324 283 420 314 homo
437 283 474 313 ad
492 283 710 313 executionem
727 280 828 311 divini
847 280 998 318 mandati,

223 340 253 367 et
269 337 477 367 imitationem
497 337 547 366 Dei
571 347 577 366 z
603 335 655 365 sed
672 335 767 365 homo
783 334 874 364 debet
889 334 998 364 remit-

223 393 289 422 tere
313 393 343 421 et
365 391 541 421 condonare
561 389 612 419 alii
638 389 763 428 culpam
786 390 816 418 et
841 397 967 427 poenam
990 399 996 418 :

224 453 312 483 ergo,
331 444 354 473 si
372 444 451 473 Dens
466 442 588 472 homini
603 441 711 471 debuit
724 441 799 471 dare
814 441 996 480 exemplum

225 498 441 539 perfectionis,
457 497 584 527 videtur
597 497 681 536 quod
702 497 807 536 magis
822 496 921 527 Deum
945 496 1000 527 de-

226 552 289 582 cuit
315 559 460 590 reparare
489 559 592 589 genus
618 550 799 580 humanum
821 551 923 580 totum
948 559 997 580 re-

225 603 371 641 laxando,
389 612 486 642 quam
505 603 747 633 satisfactionem
770 603 910 642 aliquam
932 602 997 632 exi-

226 656 340 695 gendo.

266 712 295 739 6.
314 709 390 740 Item
410 709 461 740 ille
476 710 590 740 modus
604 709 771 749 reparandi
795 709 900 747 magis
915 708 1002 738 decet

227 762 343 799 Deum,
360 762 413 802 qui
437 765 482 793 est
498 772 516 793 a
535 762 594 793 Deo
617 763 816 799 immediate,
834 771 931 801 quam
947 761 1000 801 qui

228 818 271 847 est
297 825 315 846 a
342 815 419 852 Deo,
448 816 605 846 mediante
636 815 794 855 adjutorio
825 817 1000 852 creaturae;

228 871 391 910 quoniam,
406 870 487 900 sicut
502 870 607 900 decuit
622 869 720 899 Deum
736 869 840 908 magis
854 877 910 909 per
924 868 1003 908 seip-

228 932 299 953 sum
323 932 444 959 creare,
462 923 505 953 sic
526 922 630 962 magis
653 922 779 953 videtur
801 931 867 952 esse
890 922 1004 952 decens

228 985 283 1016 per
299 976 437 1016 seipsum
454 985 595 1006 Γροτεᾶτυ
613 987 618 1006 :
636 975 689 1006 sed
707 975 865 1015 reparatio
882 984 936 1014 per
951 984 1000 1005 sa-

227 1029 434 1060 tisfactionem
463 1031 507 1060 est
534 1029 689 1060 mediante
713 1030 857 1059 creatura
880 1028 1005 1058 satisfa-

226 1082 327 1113 ciente
346 1094 352 1113 :
371 1092 449 1122 ergo
473 1083 600 1114 videtur
623 1082 707 1123 quod
732 1082 837 1121 magis
863 1081 1003 1112 decuerit

227 1135 326 1166 Deum
361 1145 507 1176 reparare
535 1145 639 1175 genus
666 1136 848 1166 humanum
883 1134 1003 1174 absque

227 1189 314 1219 omni
334 1190 544 1220 satisfactione
564 1199 619 1230 per
642 1189 798 1229 scipsum,
815 1197 913 1228 quam
938 1197 1006 1218 me-

226 1244 332 1275 diante
363 1245 572 1276 satisfactione
608 1254 663 1285 per
703 1246 857 1275 creaturae
885 1244 1005 1283 adjiito-

227 1308 323 1330 rium.

510 1385 736 1417 CONCLUSIO.

227 1470 319 1498 Modus
334 1469 480 1504 reparandi
500 1471 627 1495 naturam
648 1469 792 1495 humanam
812 1476 860 1503 per
879 1468 1006 1501 satisfac-

263 1517 358 1542 tionem
387 1516 443 1547 fait
464 1514 713 1547 conqrueutissimas
737 1521 769 1539 σα]
790 1515 868 1547 parte
890 1513 955 1544 Dei,
978 1514 1007 1538 ut

260 1561 359 1587 scilicet
375 1561 404 1586 in
420 1561 476 1594 ipso
492 1561 635 1594 appareret
657 1558 841 1585 misericordia
854 1560 878 1584 et
893 1559 1008 1587 veritas.-

261 1613 294 1631 θα·
306 1607 386 1639 parte
401 1606 508 1634 nostra,
523 1606 635 1638 propter
652 1606 771 1630 nostram
787 1603 1008 1636 glorificationem

261 1652 285 1676 et
296 1651 414 1676 nostram
427 1649 660 1683 justificationem.

266 1728 358 1769 Resp.
377 1729 415 1759 ad
431 1737 500 1768 arg.
518 1728 690 1759 Dicendum
706 1727 790 1767 quod
811 1728 929 1767 absque
944 1727 1003 1758 du-

228 1782 278 1813 bio
295 1782 398 1821 magis
419 1789 601 1820 congruum
623 1781 681 1810 fuit
699 1789 803 1819 genus
825 1780 1005 1810 humanum

229 1835 369 1875 reparari
386 1843 441 1874 per
456 1833 710 1871 satisfactionem,
725 1843 822 1873 quam
839 1843 895 1873 per
912 1833 1006 1863 aliam

227 1891 325 1927 viam,
349 1889 524 1921 secundum
546 1889 631 1929 quod
654 1889 729 1919 dicit.
752 1888 922 1919 Anselmus
934 1888 956 1926 ⁷,
980 1891 1010 1919 et

229 1944 450 1983 Augustinus²
473 1954 480 1974 ε
504 1945 533 1973 et
556 1942 635 1973 ratio
658 1942 757 1981 hujus
783 1944 829 1972 est
855 1951 895 1972 ex
920 1943 1008 1981 parte

230 1998 302 2036 Dei,
327 1999 410 2028 etex
428 1997 515 2036 parte
539 1997 657 2026 nostra.
676 1994 722 2025 Ex
737 1997 840 2034 parte,
859 1994 1006 2034 inquam,

230 2050 295 2087 Dei,
319 2050 414 2090 quia³
430 2050 587 2080 universoe
603 2049 664 2080 vice
683 2049 812 2080 Domini
829 2049 1009 2080 misericor-

231 2104 289 2136 clia
310 2107 337 2135 et
359 2103 490 2139 veritas,
508 2112 581 2132 cum
604 2102 670 2142 ipse
698 2102 737 2131 sit
757 2111 882 2132 summe
904 2103 1010 2141 justus

231 2161 261 2190 et
276 2157 464 2188 misericors.
483 2156 520 2186 Et
536 2155 605 2186 ideo
621 2155 651 2185 in
669 2155 865 2195 reparatione
881 2155 1010 2194 generis

230 2211 386 2246 humani,
416 2219 488 2249 quae
520 2211 565 2239 est
594 2208 857 2239 excellentissima
883 2208 1008 2238 viarum

232 2264 302 2302 Dei,
319 2272 501 2303 congruum
522 2263 567 2292 est
586 2264 621 2292 ut
636 2262 731 2292 simul
754 2262 860 2291 currat
885 2261 1010 2291 miseri-

232 2317 339 2348 cordia
355 2326 428 2347 cum
441 2315 565 2356 justitia
583 2326 589 2345 :
609 2317 639 2345 et
660 2315 729 2345 ideo
746 2314 858 2345 decens
879 2314 957 2351 fuit,
975 2317 1010 2345 ut

233 2371 314 2402 Deus
329 2370 368 2400 ab
382 2369 511 2400 homine
527 2367 771 2398 satisfactionem
791 2367 933 2407 exigeret
952 2377 1009 2407 pro

233 2423 351 2464 injuria
370 2422 429 2453 sibi
456 2422 556 2459 facta,
583 2424 613 2451 et
636 2421 661 2451 si
686 2421 782 2451 homo
807 2429 870 2451 non
894 2423 1008 2461 posset,

231 2479 307 2508 tunc
324 2474 542 2506 misericordia
561 2474 668 2504 divina
684 2473 884 2511 subveniret,
907 2474 1009 2505 dando

232 2531 290 2562 sibi
314 2530 535 2566 Mediatorem,
554 2528 609 2568 qui
625 2537 683 2567 pro
703 2537 739 2558 eo
754 2527 954 2558 satisfaceret.
975 2527 1011 2558 Et

235 2586 290 2615 iste
326 2585 441 2615 modus
477 2583 580 2622 magis
615 2582 674 2613 suit
699 2591 861 2620 congruus
874 2606 881 2619 ,
911 2591 1008 2622 quam

271 2666 413 2696 ⁸Anseim„
430 2666 480 2689 θυι-
495 2665 558 2688 Deus
574 2664 659 2692 homo,
676 2663 719 2687 lib.
739 2663 756 2693 l,
773 2670 794 2686 c.
809 2669 862 2686 mx.
878 2663 920 2680 —2
936 2663 1008 2693 Aug„

236 2700 264 2723 dp
284 2701 380 2731 Trvn't..
394 2701 437 2725 lib.
454 2700 519 2729 thl,
535 2707 557 2723 c.
572 2705 598 2728 x,
615 2706 639 2722 n.
661 2699 696 2722 Π.
710 2698 758 2716 -θ
770 2698 834 2722 ΡςαΙ.
852 2703 922 2727 xxw,
939 2698 973 2721 lss.

791 213 983 245 SENTENTI
992 212 1106 244 ARUM
1132 213 1205 244 LIB.
1230 214 1282 244 111.

1056 280 1138 311 alins
1153 289 1160 310 :
1176 289 1251 311 nam
1273 281 1298 310 si
1321 280 1402 312 Deus
1416 281 1540 322 culpam
1561 291 1625 313 non
1645 282 1823 323 dimisisset,

1056 334 1109 364 sed
1124 334 1296 364 vindictam
1312 335 1479 374 exegisset,
1493 345 1557 366 non
1573 336 1827 367 manifestaretur

1056 387 1125 426 ejus
1141 386 1375 424 misericordia3
1397 388 1424 417 si
1445 397 1520 419 vero
1540 389 1669 419 omnino
1691 389 1827 420 dimisis-

1057 442 1113 477 set,
1136 449 1194 470 nec
1214 441 1457 472 satisfactionem
1483 443 1649 481 exegisset,
1671 452 1733 472 non
1759 452 1828 473 ma-

1057 493 1259 524 nifestaretur
1274 495 1343 533 ejus
1363 495 1485 534 justitia
1502 505 1508 525 :
1525 494 1551 524 si
1570 504 1647 534 ergo
1667 495 1734 526 istas
1755 496 1827 526 duae

1057 547 1250 578 conditiones
1285 550 1360 578 sunt
1394 548 1427 578 in
1462 548 1514 578 Dei
1544 557 1638 587 opere
1665 549 1827 580 servanda?

1058 600 1240 640 praecipuae,
1258 601 1360 640 magis
1375 602 1571 641 congruebat
1586 601 1762 632 humanam
1777 612 1829 633 na-

1058 656 1164 684 turam
1192 655 1331 694 rcparari
1360 664 1416 694 per
1442 655 1686 685 satisfactionem
1698 679 1705 692 ,
1734 664 1829 695 quam

1059 716 1114 746 per
1129 707 1223 738 aliam
1238 708 1323 738 viam
1340 717 1379 738 ex
1394 710 1481 747 parte
1497 708 1550 738 Dei
1565 708 1751 747 reparantis.
1769 708 1832 739 Ma-

1059 761 1109 799 gis
1132 761 1226 790 etiam
1250 761 1446 800 congruebat
1467 770 1506 791 ex
1533 763 1619 800 parte
1644 761 1757 797 nostri,
1774 771 1831 801 pro

1060 823 1096 844 eo
1112 813 1196 853 quod
1212 814 1369 853 reparatio
1384 816 1490 844 nostra
1505 814 1543 844 ad
1560 814 1620 844 hoc
1634 817 1711 852 erat,
1726 817 1762 845 ut
1776 824 1833 846 nos

1059 867 1223 899 reduceret
1237 877 1255 897 a
1272 868 1364 908 culpa
1379 868 1417 897 ad
1430 868 1603 907 jiistitiam,
1621 878 1639 898 a
1653 859 1780 899 miseria
1794 869 1832 900 ad

1061 921 1208 959 gloriam.
1232 920 1317 952 Sicut
1340 930 1418 960 ergo
1437 931 1510 952 cum
1527 931 1630 961 genus
1651 922 1832 954 humanum

1061 973 1171 1004 cecidit
1195 984 1249 1013 per
1273 974 1411 1014 culpam,
1430 975 1527 1005 Deum
1550 976 1753 1006 inhonoravit
1779 986 1834 1016 per

1062 1027 1355 1067 praevaricationem
1373 1030 1402 1058 et
1422 1028 1637 1059 inordinatam
1657 1029 1835 1060 delectatio-

1062 1090 1156 1117 nem3
1174 1081 1227 1119 sic,
1254 1090 1328 1111 cum
1345 1082 1426 1112 redit
1446 1091 1464 1112 a
1488 1082 1581 1122 culpa
1606 1082 1644 1112 ad
1664 1083 1833 1122 justitiam,

1063 1133 1177 1164 decens
1196 1136 1241 1164 est
1256 1137 1291 1165 ut
1306 1134 1405 1165 Deum
1420 1135 1554 1166 honoret
1569 1135 1753 1166 sustinendo
1769 1145 1836 1176 poe-

1063 1196 1150 1224 nam,
1167 1190 1198 1217 et
1212 1188 1244 1218 in
1259 1189 1318 1219 hoc
1335 1189 1441 1228 magis
1456 1191 1621 1228 reparatur
1635 1189 1674 1219 ad
1688 1198 1835 1220 normam

1060 1241 1204 1279 jiistitiae.
1223 1241 1359 1279 Rursus,
1376 1242 1457 1273 sicut
1471 1242 1641 1282 gloriosius
1659 1244 1705 1273 est
1723 1243 1836 1283 acqui-

1063 1304 1133 1325 rere
1148 1295 1246 1325 vitam
1262 1298 1414 1327 aeternam
1430 1305 1486 1336 per
1502 1296 1628 1333 merita,
1647 1305 1744 1336 quam
1767 1297 1836 1328 sine

1065 1348 1184 1378 meritis
1199 1358 1269 1379 eam
1284 1350 1463 1389 acquirere,
1480 1350 1524 1380 sic
1538 1349 1707 1389 gloriosius
1721 1352 1767 1381 est
1784 1359 1836 1380 re-

1064 1402 1223 1432 conciliari
1258 1401 1320 1433 Deo
1355 1412 1411 1442 per
1440 1402 1682 1433 satisfactionem
1693 1426 1701 1440 ,
1738 1412 1836 1442 quam

1064 1454 1143 1485 sine.
1162 1454 1272 1485 Modus
1286 1465 1365 1494 ergo
1386 1455 1551 1495 reparandi
1575 1465 1631 1494 per
1652 1454 1834 1487 satisfactio-

1065 1517 1139 1538 nem
1161 1509 1231 1547 plus
1256 1509 1402 1539 convenit
1429 1511 1544 1539 nostrae
1563 1508 1784 1548 justificationi
1806 1510 1836 1539 et

1066 1563 1181 1591 nostrae
1196 1562 1429 1600 glorificationi.
1446 1562 1478 1592 Si
1494 1571 1571 1601 ergo
1584 1562 1654 1592 haec
1670 1561 1733 1592 duo
1748 1562 1835 1601 prin-

1065 1615 1206 1654 cipaliter
1220 1615 1459 1646 considerantur
1475 1615 1508 1645 in
1526 1615 1722 1655 reparatione
1738 1624 1837 1654 gene-

1065 1668 1108 1699 ris
1123 1669 1274 1706 humani,
1291 1669 1422 1708 planum
1438 1670 1483 1699 est
1498 1668 1583 1709 quod
1595 1668 1647 1698 hic
1661 1668 1774 1698 modus
1788 1677 1839 1699 re-

1065 1722 1198 1762 parandi
1216 1723 1318 1761 magis
1332 1722 1524 1753 conveniens
1540 1724 1596 1759 est,
1614 1724 1679 1752 tam
1694 1731 1734 1752 ex
1752 1723 1840 1761 parte

1067 1775 1119 1805 Dei
1141 1775 1334 1814 reparantis,
1350 1784 1447 1814 quam
1463 1783 1503 1805 cx
1522 1776 1609 1814 parte
1633 1774 1768 1804 humani
1783 1783 1839 1813 ge-

1065 1828 1150 1859 neris
1165 1828 1313 1868 reparati.
1342 1827 1428 1858 Unde
1449 1827 1597 1865 rationes,
1622 1836 1694 1867 quae
1713 1827 1773 1858 hoc
1789 1836 1841 1858 os-

1065 1883 1208 1920 tendunt,
1226 1882 1433 1912 concedendae
1449 1883 1534 1912 sunt.

1111 1940 1134 1966 1.
1152 1936 1197 1966 Ad
1215 1936 1293 1966 illud
1309 1945 1385 1966 vero
1406 1935 1491 1975 quod
1514 1935 1662 1974 objicitur
1680 1934 1717 1964 de
1739 1935 1840 1965 mani-

1066 1989 1229 2020 festatione
1250 1989 1454 2028 benignitatis
1480 1990 1509 2018 et
1533 1987 1769 2026 misericordiae,
1794 1987 1843 2018 di-

1066 2043 1201 2074 cendum
1219 2042 1302 2082 quod
1318 2051 1445 2072 summa
1462 2041 1642 2080 benignitas
1664 2042 1695 2071 et
1719 2041 1844 2071 miseri-

1066 2098 1173 2128 cordia
1194 2097 1227 2127 in
1252 2097 1314 2127 Deo
1338 2105 1403 2127 non
1424 2095 1599 2126 excludunt
1615 2094 1770 2135 iustitiam
1788 2105 1795 2126 :
1813 2096 1844 2125 et

1066 2152 1136 2182 ideo
1151 2161 1214 2181 non
1237 2151 1281 2181 sic
1302 2150 1411 2181 debuit
1425 2148 1618 2180 manifestari
1639 2148 1671 2178 in
1687 2156 1780 2189 opere
1796 2156 1843 2178 re-

1067 2205 1249 2246 parationis,
1262 2203 1346 2243 quod
1358 2202 1482 2243 justitia
1495 2211 1560 2232 non
1576 2201 1707 2232 haberet
1719 2200 1839 2237 locum;

1068 2259 1121 2290 sed
1137 2259 1179 2289 ita
1196 2258 1305 2289 debuit
1323 2256 1516 2287 manifestari
1536 2255 1644 2286 divina
1663 2253 1840 2284 misericor-

1067 2313 1129 2351 dia,
1148 2311 1231 2352 quod
1252 2311 1347 2341 simul
1371 2319 1444 2340 cum
1468 2309 1529 2339 hoc
1552 2307 1767 2339 ostenderetur
1792 2305 1838 2335 di-

1068 2366 1143 2397 vina
1155 2364 1288 2405 justitia.
1307 2363 1345 2395 Et
1363 2363 1424 2394 hoc
1449 2362 1532 2393 idem
1555 2361 1673 2390 factum
1688 2360 1750 2397 est,
1767 2367 1839 2389 cum

1068 2420 1148 2451 Deus
1174 2417 1332 2458 reparavit
1354 2424 1457 2455 genus
1479 2414 1657 2444 humanum
1681 2421 1737 2452 per
1758 2421 1841 2442 mor-

1067 2476 1132 2504 tem
1152 2471 1223 2502 Filii
1245 2471 1311 2508 sui,
1327 2470 1382 2500 ubi
1406 2468 1464 2499 fuit
1490 2466 1630 2497 maxima
1652 2465 1784 2505 aequitas
1807 2465 1841 2496 in

1068 2526 1225 2565 exigendo
1258 2526 1354 2555 tantae
1381 2520 1600 2552 satisfactionis
1630 2519 1786 2559 pretium,
1811 2521 1841 2549 et

1069 2579 1211 2610 maxima
1225 2576 1407 2616 benignitas
1419 2575 1450 2605 in
1465 2573 1617 2604 tradendo
1631 2572 1839 2612 unigenitum

1069 2633 1185 2665 Filium
1202 2640 1309 2662 suum.

1112 2690 1137 2717 2.
1167 2685 1212 2716 Ad
1237 2683 1312 2714 illud
1338 2681 1420 2722 quod
1446 2680 1604 2720 objicitur,
1631 2678 1713 2718 quod
1738 2677 1841 2716 magis
