2017 2960
58 1576 162 1599 Fundam.

675 206 771 238 nts'r.
794 206 816 237 Ι.
841 205 929 237 An'r.
955 204 992 236 ll.
1017 201 1165 242 QUAEST.
1191 202 1242 233 ΙΙΙ.

166 281 272 322 magis
284 279 444 320 competat
457 284 601 318 personae
620 274 721 307 Patris
730 298 739 313 ‚
755 282 854 315 quam
869 281 939 314 per-

167 343 254 368 sonae
278 333 359 366 Filii.

205 387 294 427 Quod
304 388 414 418 autem
429 385 532 424 magis
541 383 699 424 competat
714 388 857 422 personzn
870 379 942 420 Spi-

168 442 250 475 ritus
263 440 374 477 sancti.
393 437 571 470 ostenditur
587 445 596 467 :
612 436 687 476 quia
701 434 786 475 quod
803 433 942 464 maxime

169 495 263 528 habet
292 494 447 525 rationem
472 490 584 531 gratiae
595 512 603 526 ,
628 488 768 519 maxime
793 485 941 525 competit

169 547 313 581 missioni
344 546 481 587 Spiritus
508 542 608 574 sancti
635 553 641 572 :
667 540 720 570 sed
749 539 834 580 quod
862 538 943 570 Deus

170 604 269 634 sactus
283 603 329 632 est
341 600 455 636 homo,
472 598 541 628 haec
556 598 603 627 est
617 603 745 625 summu
757 593 879 633 gratia,
901 593 941 623 si-

169 659 223 688 cut
247 655 315 687 vult
334 652 536 692 Augustinus
548 674 555 688 ‚
573 649 611 681 de.
630 648 809 680 Tr1‘m'811te'
834 657 841 678 ε
865 655 944 686 ergo

170 709 298 742 videtur
314 706 399 747 quod
415 705 482 736 baee
500 703 603 743 magis
617 701 725 733 debuit
739 709 806 731 esse
822 700 855 731 in
871 708 942 740 per-

169 770 248 794 sona
262 760 400 802 Spiritus
415 758 532 793 saneti,
548 764 646 796 quam
663 755 694 785 in
709 761 844 795 persona
860 751 942 784 Filii.

210 816 241 847 4.
262 813 340 846 Item
359 811 496 853 Spiritus
508 809 628 842 amoris
642 808 713 839 tacit
727 816 784 838 nos
797 806 877 837 illios
894 805 944 837 Dei

170 868 346 909 adoptivos,
363 865 540 898 secundum
556 863 653 895 illud¹
667 874 674 894 :
693 862 763 894 Non
775 861 946 900 accepistis

171 922 325 963 spiritum
347 920 515 953 servitutis
543 919 659 950 ilerum
680 917 716 949 in
739 917 871 953 linior-e,
891 914 947 946 sed

172 976 342 1017 spiritum,
357 977 416 1005 etc.
436 972 521 1012 Ergo
542 972 567 1002 si
585 970 759 1002 incarnatio
773 972 819 999 est
834 971 869 999 ut
890 970 948 999 tla-

174 1038 248 1061 mus
267 1028 323 1060 sslii
342 1027 394 1059 Dei
412 1026 573 1067 adoptivi,
597 1024 722 1055 videtur
741 1022 826 1063 quod
845 1022 948 1053 incar-

174 1082 261 1115 natio
282 1081 421 1112 maxime
435 1079 577 1110 debuerit
592 1087 659 1109 esse
680 1077 712 1108 in
728 1085 864 1117 persona
882 1075 949 1115 Spi-

173 1136 254 1168 ritus
267 1134 379 1166 saneti.

214 1191 244 1222 5.
272 1188 351 1220 item
382 1188 471 1220 mitti
498 1185 572 1217 dicit
600 1184 882 1216 subauctoritatem
918 1182 949 1213 in

175 1242 291 1275 misso:
308 1250 387 1282 ergo
401 1241 430 1272 ei
448 1241 551 1280 magis
564 1238 713 1270 convenit
726 1237 822 1274 mitti,
840 1237 872 1267 in
885 1245 950 1276 quo

175 1296 279 1337 magis
306 1295 465 1337 reperitur
490 1294 569 1325 ratio
592 1291 874 1323 subauctoritatis:
897 1288 950 1320 sed

174 1350 255 1383 ratio
265 1348 522 1382 subauctoritatis
538 1347 642 1387 magis
657 1346 814 1386 reperitur
832 1345 865 1376 in
880 1354 950 1385 per-

174 1413 253 1436 sona
270 1402 407 1444 Spiritus
420 1402 532 1438 sancti,
549 1409 648 1441 quam
666 1399 757 1430 Filii:
773 1408 852 1438 ergo
866 1399 891 1429 si
908 1398 952 1429 in-

176 1457 318 1489 carnatio
332 1459 378 1488 est
393 1456 427 1487 in
439 1464 567 1487 carnem
583 1454 704 1491 missio,
725 1453 852 1483 videtur
867 1452 952 1492 quod

177 1511 282 1551 magis
291 1510 460 1543 conveniat
472 1508 605 1549 Spiritui
616 1510 735 1544 sancto,
747 1515 845 1546 quam
860 1505 951 1536 Filio.

209 1564 299 1604 Quod
307 1567 415 1595 autem
426 1563 530 1602 magis
540 1563 697 1601 competat
709 1559 799 1597 Filio,
809 1559 951 1590 videtur:

179 1619 284 1659 magis
296 1618 383 1650 decet
398 1626 564 1658 personam
581 1615 718 1646 mediam
734 1617 841 1645 tenere
856 1614 954 1644 ratio·

178 1682 252 1705 nem
267 1672 468 1709 mediatoris,
484 1679 581 1711 quam
599 1669 714 1700 aliam:
733 1667 786 1698 sed
809 1668 954 1698 incarna-

179 1727 224 1759 tio
236 1729 284 1758 oet
295 1726 441 1758 ordinata
455 1725 494 1755 ad
507 1724 655 1756 effectum
672 1721 874 1753 mediatoris:
890 1730 955 1761 per-

177 1789 256 1812 sona
269 1781 379 1811 autem
402 1778 505 1810 media
527 1778 561 1808 in
582 1777 606 1807 T
609 1776 736 1808 riuitate
757 1777 803 1806 est
822 1782 955 1814 persona

178 1833 272 1866 Verbi
286 1844 293 1865 ε
311 1841 402 1874 ergo,
419 1835 479 1864 etc.

220 1888 298 1920 ltem
322 1887 428 1927 magis
441 1886 528 1917 decet
549 1884 670 1916 Filium
695 1882 747 1914 Dei
770 1891 836 1913 esse
852 1882 954 1912 tilium

179 1941 336 1980 hominis,
359 1940 411 1972 vel
437 1939 593 1979 virginis,
617 1946 715 1978 quam
731 1936 826 1967 aliam
846 1944 956 1975 perso-

180 2003 276 2027 nam:
292 1994 346 2026 sed
361 2003 418 2034 per
432 1992 684 2024 incarnationem
705 1989 757 2020 ille
774 1989 829 2029 qni
851 1989 957 2019 incar-

181 2051 291 2088 natur,
307 2048 444 2080 efficitur
458 2047 542 2078 nlius
560 2045 718 2085 virginis:
735 2052 815 2083 ergo
832 2043 958 2073 videtur

179 2102 264 2144 quod
286 2111 454 2143 personam
479 2100 547 2131 Filii
564 2097 723 2130 incarnari
740 2098 780 2136 (a)
798 2097 837 2127 sit
853 2096 959 2136 magis

179 2156 293 2188 decens
307 2158 338 2187 et
349 2163 542 2195 congruum.

221 2212 299 2244 ltem
323 2210 567 2243 convenientius
586 2213 632 2240 est
656 2208 758 2239 titium
781 2207 958 2248 supplicare

180 2266 272 2307 patri,
286 2274 384 2306 quam
399 2264 495 2295 aliam
508 2272 693 2304 personam:
713 2261 766 2293 sed
781 2261 958 2292 incarnatio

179 2320 219 2352 ad
234 2320 294 2352 hoc
315 2319 499 2356 ordinatur,
526 2320 560 2349 ut
583 2317 624 2347 sit
647 2316 764 2356 aliquis
786 2315 957 2353 mediator,

179 2374 236 2416 qui
265 2383 323 2415 pro
346 2372 534 2405 hominibus
561 2369 735 2402 intercedat
762 2369 800 2400 ad
830 2368 929 2399 Deum
949 2379 955 2398 :

180 2436 260 2468 ergo
270 2452 279 2467 ‚
293 2428 354 2459 etc.

216 2511 223 2528 ¹
239 2511 316 2542 Aug„
324 2509 354 2534 de
373 2509 474 2540 Tri'm't.‚
488 2508 531 2533 lib.
548 2508 619 2539 xm,
630 2515 653 2532 c.
669 2512 722 2535 111,
736 2513 761 2530 n.
775 2505 863 2530 2⁴.—¹
879 2505 959 2535 Rom„

182 2550 296 2610 νιιιύίδ.
308 2548 360 2567 -ῑ
377 2548 429 2573 lmo
445 2547 570 2580 fulgent..
585 2546 618 2571 cte
630 2546 687 2571 Fid.
703 2545 738 2569 ad
753 2545 833 2575 Petr.,
855 2551 913 2575 cup.
925 2549 941 2568 n
952 2561 958 2570 .

183 2591 209 2609 n.
255 2603 261 2609 .

214 2624 250 2654 (α)
265 2624 333 2649 saie.
356 2625 412 2650 Ven.
429 2624 562 2650 incarnati.
583 2637 608 2642 -
625 2623 660 2654 (b)
681 2623 741 2647 Coet.
764 2622 824 2646 edu.
845 2620 916 2644 deest
933 2620 958 2644 in

183 2662 254 2685 textu
268 2661 298 2684 de
313 2660 382 2685 Fide.

1732 201 1769 230 27

1268 332 1494 365 (lONCLtYSlo.

1002 427 1060 453 Etsi
1089 432 1252 459 nrruquoequc
1274 423 1430 450 divinarum
1453 430 1626 457 personarum
1655 422 1774 456 potuerit

1036 471 1191 500 fricat-nari,
1209 470 1396 501 ronuruentius
1413 471 1500 494 truncti
1515 468 1571 500 fui!
1588 469 1616 493 nt
1632 466 1718 493 Filius
1733 467 1776 491 in-

1035 519 1203 543 carnareenr.

1042 596 1133 636 Resp.
1156 596 1196 626 ad
1221 596 1299 634 Arg.
1336 595 1508 626 Dicendum
1530 594 1613 635 quod
1644 602 1778 634 persona

1001 650 1095 682 Verbi
1111 649 1149 680 ad
1166 648 1416 680 incarnationem
1433 648 1516 678 inter
1527 650 1658 678 ‹mter-as
1671 654 1778 687 [ηπεο-

1002 712 1058 734 nas
1073 703 1131 733 t‘nit
1145 702 1248 742 magis
1262 702 1385 739 idonea,
1400 702 1467 732 sive
1479 701 1650 741 loquamur
1661 699 1699 731 de
1712 699 1779 740 ipsa

1003 757 1219 788 incarnatione
1235 757 1267 787 in
1279 765 1323 794 se,
1337 756 1405 786 sive
1418 758 1511 795 prout
1523 754 1669 786 ordinata
1679 754 1727 784 est
1739 752 1778 784 ad

1003 811 1137 842 hnmani
1154 810 1283 849 generis
1298 808 1563 849 redemptionem.
1581 807 1613 839 Si
1628 806 1715 838 euim
1732 806 1780 837 lo-

1003 873 1142 905 quamur
1163 863 1202 894 de
1226 863 1292 903 ipsa
1315 862 1531 893 incarnatione
1553 861 1584 891 in
1598 869 1651 899 se,
1678 859 1782 899 magis

1003 926 1186 956 congruum
1202 916 1262 947 t'uit
1281 925 1447 956 personant
1465 914 1533 946 Filii
1554 913 1735 950 incarnari,
1750 915 1781 944 et

1005 972 1038 1002 in
1053 973 1211 1011 quantum
1233 973 1279 1000 est
1303 970 1432 1009 imago,
1458 972 1489 1001 et
1509 970 1541 1000 in
1556 971 1714 1009 quantum
1736 969 1782 999 est

1006 1024 1140 1055 verbnm
1152 1048 1160 1061 ‚
1177 1026 1207 1054 et
1222 1024 1252 1053 in
1275 1025 1434 1063 quantuni
1455 1025 1501 1053 est
1518 1022 1612 1053 nlius.
1634 1021 1666 1051 ln
1681 1029 1783 1060 qnan-

1007 1079 1075 1109 tum
1087 1080 1132 1107 est
1148 1077 1268 1116 imago,
1282 1077 1358 1116 quia
1369 1076 1466 1107 homo
1479 1074 1708 1115 assumptibilis
1717 1076 1784 1104 erat

1006 1131 1127 1162 ratione
1150 1130 1316 1169 dignitatis
1337 1129 1488 1169 imaginis
1507 1139 1514 1160 t
1539 1131 1570 1159 et
1593 1127 1669 1168 quia
1686 1126 1785 1158 Filius

1006 1188 1051 1217 est
1063 1185 1172 1223 imago
1189 1184 1300 1222 Patris,
1315 1183 1384 1214 ideo
1401 1182 1504 1222 magis
1515 1181 1709 1213 conveniens
1718 1183 1785 1212 erat

1008 1239 1076 1271 Filii
1100 1247 1268 1279 personam
1290 1245 1452 1268 assumere
1475 1244 1619 1266 earnem.
1644 1234 1783 1273 Rursus,

1007 1293 1082 1333 quia
1101 1292 1202 1323 Filius
1219 1291 1273 1322 Dei
1297 1291 1432 1322 verbum
1447 1292 1493 1321 est
1510 1288 1610 1320 Patris
1621 1313 1630 1327 ‚
1653 1288 1697 1319 sic
1712 1296 1786 1328 pro—

1007 1347 1087 1378 cedit
1102 1346 1142 1376 ab
1157 1346 1224 1386 ipso
1235 1369 1243 1383 ‚
1262 1347 1298 1376 ut
1314 1344 1405 1376 Pater
1419 1354 1452 1374 se
1467 1343 1649 1374 manifestet
1666 1351 1720 1382 per
1735 1342 1786 1382 ip-

1008 1410 1080 1431 sum
1094 1409 1102 1431 :
1119 1402 1151 1431 et
1168 1400 1237 1431 ideo
1254 1399 1337 1430 sicut
1351 1398 1389 1428 ad
1405 1396 1590 1429 intentionis
1606 1395 1787 1426 manifesta-

1009 1455 1129 1485 tionem
1150 1453 1286 1485 verbum
1302 1450 1513 1482 intellectuale
1531 1449 1698 1491 copulatur
1717 1448 1788 1479 voci

1009 1508 1147 1538 sensibili
1162 1531 1170 1545 ,
1205 1507 1249 1537 sie.
1283 1507 1322 1537 ad
1351 1505 1527 1536 divinitatis
1560 1503 1789 1535 revelationem

983 1572 985 1575 ·
1010 1561 1150 1592 verbum
1177 1560 1276 1592 Patris
1298 1567 1482 1599 congruum
1499 1557 1558 1588 ruit
1580 1557 1666 1588 uniri
1687 1556 1787 1588 carni.

1013 1615 1193 1653 Postremo,
1217 1614 1292 1655 quia
1307 1613 1406 1645 Filius
1425 1616 1472 1643 est
1486 1612 1583 1643 semel
1605 1611 1735 1651 genitus
1749 1610 1789 1642 ab

1010 1672 1142 1705 aeterno,
1154 1669 1237 1699 etsie
1253 1668 1450 1708 congruebat
1466 1676 1540 1697 eum
1556 1675 1686 1697 carnem
1696 1674 1789 1696 assu-

1012 1733 1109 1759 mere,
1126 1725 1160 1753 ut
1175 1725 1255 1753 esset
1269 1722 1306 1752 de
1318 1730 1436 1761 genere
1447 1720 1630 1756 hominum,
1639 1722 1670 1750 et
1679 1719 1721 1750 ita
1733 1719 1790 1750 ho-

1011 1777 1106 1808 minis
1117 1777 1218 1807 tilium
1231 1785 1239 1807 :
1255 1778 1284 1806 et
1297 1776 1368 1806 ideo
1380 1774 1623 1814 decebatipsum
1635 1773 1738 1812 magis
1749 1773 1792 1803 in-

1011 1831 1147 1867 carnari,
1159 1839 1258 1870 quam
1275 1829 1401 1860 Patrem
1416 1831 1445 1859 et
1461 1827 1618 1868 Spiritum
1632 1829 1789 1857 sanctum.

1013 1884 1050 1916 Et
1065 1884 1126 1915 hoc
1139 1886 1187 1915 est
1201 1883 1287 1924 quod
1305 1883 1379 1914 dicit
1396 1881 1644 1921 Augutinus³in
1659 1880 1739 1911 libro
1755 1880 1793 1912 de

1015 1939 1094 1971 Fide
1115 1939 1165 1979 (b),
1182 1942 1213 1970 et
1227 1938 1378 1978 Magister
1396 1937 1428 1967 in
1445 1937 1560 1974 littera,
1571 1934 1657 1975 quod
1671 1934 1724 1966 Dei
1741 1934 1784 1966 Fi-

1012 1993 1076 2024 lius
1086 2001 1149 2024 non
1161 1992 1313 2033 quaesivit
1328 1991 1387 2022 nisi
1405 1992 1540 2021 matrem
1556 1989 1587 2019 in
1602 1987 1704 2025 terris,
1717 1987 1794 2028 quia

1009 2048 1077 2088 Jam
1098 2046 1235 2078 habebat
1260 2047 1382 2086 patrem
1412 2044 1445 2074 in
1469 2043 1567 2074 coelis.
1588 2041 1691 2082 Magis
1715 2049 1794 2081 ergo

1013 2100 1127 2131 decens
1151 2100 1210 2131 t'uit
1240 2099 1356 2131 Filium
1381 2097 1539 2129 incarnari
1552 2121 1559 2135 ,
1576 2104 1675 2137 quam
1698 2095 1793 2126 aliam

1013 2163 1194 2195 personam,
1210 2153 1236 2185 si
1252 2154 1424 2194 loquamur
1438 2151 1476 2182 de
1496 2151 1564 2191 ipsa
1580 2148 1795 2181 incarnatione

1013 2208 1190 2240 secundum
1200 2218 1244 2239 se.
1258 2207 1331 2239 Fuit
1342 2207 1437 2238 etiam
1450 2205 1553 2245 magis
1562 2211 1758 2244 congruum,
1769 2202 1794 2232 si

1013 2263 1186 2304 loquamur
1208 2263 1247 2294 de
1279 2262 1345 2303 ipsa
1374 2260 1591 2292 incarnatione
1617 2257 1794 2289 secundum

1014 2317 1284 2358 comparationem
1300 2316 1339 2347 ad
1357 2315 1486 2355 generis
1500 2312 1635 2345 humani
1650 2311 1793 2350 redemp-

1014 2370 1132 2402 tionem
1150 2372 1201 2402 :et
1211 2370 1271 2402 hoc
1283 2370 1431 2410 apparet,
1447 2368 1471 2398 si
1486 2365 1723 2398 consideremus
1737 2364 1795 2395 ho·

1015 2424 1111 2455 minis
1123 2424 1260 2464 lapsum,
1274 2426 1305 2455 et
1321 2421 1488 2463 reparandi
1503 2419 1648 2457 modum,
1663 2419 1695 2449 et
1709 2426 1797 2458 repa-

1014 2477 1146 2509 rationis
1168 2478 1320 2509 t'ructum.
1342 2475 1374 2508 Si
1395 2474 1635 2506 consideremus
1658 2470 1797 2502 hominis

1015 2534 1151 2574 lapsum,
1159 2533 1338 2566 videbimus
1348 2531 1432 2572 quod
1442 2531 1547 2570 lapsus
1555 2528 1613 2559 t'uit
1620 2525 1797 2568 appetendo

1014 2588 1125 2619 salsam
1138 2588 1190 2620 Dei
1203 2587 1447 2620 similitudinem
1463 2586 1494 2615 et
1506 2581 1720 2623 aequalitatem
1740 2591 1747 2612 :
1765 2582 1797 2612 et

1014 2641 1090 2681 quia
1106 2641 1184 2673 Filio
1199 2641 1304 2682 primo
1318 2638 1505 2671 attribuitur
1520 2635 1686 2677 aequantas
1696 2658 1705 2672 ,
1721 2633 1796 2665 hinc

1015 2699 1061 2726 est
1075 2695 1159 2736 quod
1175 2695 1265 2735 quasi
1280 2703 1319 2725 ex
1341 2695 1408 2734 ipso
1424 2691 1562 2733 sumpsit
1578 2691 1674 2721 homo
1689 2689 1796 2728 lapsus
