2017 2960
123 2346 201 2375 Opinio

117 2373 214 2396 aliorum.

713 166 811 199 DIST.
834 165 939 197 XXIV.
964 163 1055 196 ART.
1078 163 1116 196 11.
1140 160 1289 201 QUAEST.
1314 161 1366 194 ΙΙΙ.

281 237 309 266 3.
336 235 414 266 110111
438 235 566 266 0111111115
580 236 685 266 noster
699 234 787 265 nullo
802 233 897 265 modo
913 235 1012 272 potest

239 288 403 319 dissentire
417 288 457 318 ab
471 297 507 319 00
522 289 607 328 quod
627 288 717 319 novit
730 287 844 319 habitu
858 286 1010 323 scientiae,

238 349 302 372 non
323 341 408 371 enim
430 344 530 381 potest
551 351 615 373 non
630 342 756 372 credere
769 340 853 381 quod
870 339 1014 378 triangu-

237 393 287 424 lus
302 403 366 425 non
379 395 493 426 habeat
507 398 571 426 tres
587 395 724 434 angulos
737 394 876 434 aequales
887 393 1012 423 duobus

236 447 344 485 rectis,
375 448 400 478 si
425 449 481 479 scit
504 449 581 479 illud
602 449 818 479 demonstrare
839 458 845 477 :
863 446 917 477 sed
939 454 1012 485 qua?

237 500 297 531 tide
313 501 496 540 creduntur,
512 502 693 533 voluntarie
713 501 904 537 creduntur;
923 502 954 529 et
968 499 1010 529 si-

236 556 289 584 cut
312 557 443 594 possunt
467 555 570 591 credi,
596 555 640 586 ita
661 557 692 586 et
711 556 843 594 possunt
853 552 985 583 discredi
1002 562 1008 580 ε

235 616 314 646 ergo
328 607 453 639 videtur
472 609 556 648 quod
572 608 701 639 scientia
715 606 836 638 notitiae
852 615 915 636 11011
935 614 1011 645 pos-

235 660 274 691 sit
289 661 386 692 simul
401 664 483 693 stare
498 662 580 693 circa
594 662 678 693 idem
693 671 767 693 cum
780 661 849 701 ipsa
862 660 935 691 fide.

274 717 304 745 4.
323 715 399 746 Item
415 724 488 755 quae
507 715 636 746 scientia
658 716 918 754 cognoscuntur,
935 713 1011 743 sub—

231 768 338 807 Jacent
348 768 463 799 rationi
477 778 484 799 :
501 768 555 799 sed
570 777 643 808 quae
658 768 720 799 fide
735 767 919 803 ereduntur,
934 768 1011 797 511111

234 830 332 860 supra
354 821 527 858 rationem,
544 821 695 862 quoniam
722 821 799 852 fides
820 822 867 851 est
889 820 1010 851 illumi-

234 875 321 906 natio
336 875 494 906 rationem
518 875 647 907 elevans
671 884 768 915 supra
795 884 828 905 50
849 886 855 905 :
881 883 959 914 ergo
983 874 1010 903 si

235 928 320 959 idem
333 937 399 959 non
417 930 519 968 potest
534 937 600 959 esse
614 928 697 959 infra
716 928 889 966 rationem,
910 930 940 958 et
955 937 1011 958 511-

234 989 292 1021 pra
304 982 472 1020 rationem,
484 991 550 1013 non
564 981 691 1013 videtur
703 981 787 1021 quod
803 982 899 1021 possit
913 981 1010 1011 simul

234 1035 384 1074 cognosci
397 1044 454 1075 per
468 1035 645 1073 scientiam,
662 1037 693 1066 et
709 1035 816 1066 tidem.

488 1155 750 1188 CONCLUSIO.

231 1243 326 1275 Fides,
349 1245 376 1270 et
396 1244 510 1270 scientia
535 1252 593 1279 quoe
615 1252 667 1271 non
687 1246 724 1271 sit
751 1244 1008 1279 comprehensionis,

266 1288 311 1315 sed
321 1296 372 1323 per
384 1288 621 1316 manuductionem
634 1289 778 1316 ratiocinii
786 1310 793 1319 ‚
800 1291 914 1323 possunt
927 1289 1008 1315 simul

265 1336 352 1368 stare,
365 1334 427 1361 licet
440 1341 494 1361 non
506 1335 542 1361 sit
553 1334 696 1362 secundum
712 1333 782 1361 idem
793 1333 873 1368 fich,
891 1336 915 1361 et
927 1335 1010 1361 scien-

268 1380 318 1405 tia.

271 1456 365 1498 Resp.
383 1458 422 1489 ad
437 1467 507 1498 arg.
519 1459 567 1490 Ad
580 1459 808 1499 praedictorum
824 1458 1009 1498 intelligen-

230 1512 308 1543 tiam
324 1514 370 1543 est
385 1512 579 1550 notandum,
596 1513 683 1552 quod
698 1513 818 1553 duplex
832 1514 878 1543 est
894 1513 1006 1552 cogni-

230 1566 276 1597 tio
298 1566 466 1597 scientialis
487 1567 526 1599 de
548 1566 610 1597 Deo
622 1589 630 1603 ‚
648 1566 765 1597 scilicet
781 1575 801 1597 a
816 1569 904 1606 parte
918 1575 1008 1597 com-

230 1620 460 1660 prehensionis,
469 1623 499 1652 et
510 1630 528 1651 a
537 1621 573 1661 (a)
582 1620 831 1652 manuductione
838 1620 1009 1651 ratiocina—

230 1673 336 1706 tionis.
354 1674 387 1705 Si
401 1674 572 1715 loquamur
592 1674 629 1705 de
646 1673 776 1704 scientia
791 1683 809 1704 a
825 1676 912 1713 parte
925 1683 1009 1705 com-

230 1728 460 1768 prehensionis‚
475 1737 540 1768 quo
553 1728 649 1758 modo
662 1728 865 1767 cognoscitur
880 1727 964 1759 Deus
972 1728 1007 1759 in

230 1781 342 1821 patria,
359 1782 404 1812 510
417 1790 482 1812 11011
497 1781 689 1821 compatitur
703 1790 812 1813 50011111
833 1781 930 1812 fidem
944 1805 951 1819 ‚
969 1783 1007 1812 ut

230 1835 327 1865 simul
341 1835 425 1866 idem
446 1834 486 1865 sit
504 1835 619 1866 scitum
631 1857 639 1872 ,
655 1835 686 1864 et
704 1833 861 1865 creditum
872 1858 880 1872 ,
897 1843 954 1874 pro
970 1843 1007 1865 οο

230 1889 314 1928 quod
326 1889 396 1919 talis
410 1889 551 1928 cognitio
563 1888 747 1928 simpliciter
755 1888 894 1920 excludit
905 1889 1006 1928 aenig-

231 1950 284 1972 ma
298 1953 305 1972 ε
332 1945 362 1972 01
383 1942 442 1972 1100
467 1942 582 1973 melius
606 1942 770 1982 apparebit
794 1943 877 1973 infra
890 1944 910 1981 ¹,
931 1952 1004 1974 cum

228 1998 344 2035 agetur
358 1996 397 2027 de
415 1997 621 2028 evacuatione
636 1996 812 2034 virtutum,
830 2005 930 2036 quare
952 1998 1005 2028 vi-

228 2049 357 2088 delicet,
374 2052 405 2081 01
419 2050 555 2090 qualiter
569 2049 643 2080 fidei
665 2052 753 2080 001115
771 2059 827 2089 per
846 2050 1004 2082 visionem

227 2103 414 2134 excludatur
426 2105 458 2134 et
471 2105 645 2134 evacuetur
659 2103 708 2143 (b).
725 2102 764 2134 Et
775 2103 814 2134 de
828 2104 888 2134 1100
902 2104 1005 2135 scien—

227 2156 272 2187 tia
294 2159 476 2188 sanctorum
498 2158 700 2188 auctoritates
722 2157 847 2196 dicunt,
864 2161 895 2189 et
913 2167 1002 2190 com-

230 2210 336 2242 munis
359 2210 466 2251 opinio
487 2211 718 2250 magistrorum
739 2213 825 2243 tenet
847 2212 909 2243 hoc
937 2221 1004 2244 esse

231 2272 344 2295 verum
356 2288 364 2302 ,
379 2264 465 2305 quod
480 2265 565 2296 idem
578 2264 673 2295 simul
686 2274 752 2296 non
767 2267 814 2296 est
831 2266 958 2304 scitum,
975 2268 1004 2297 et

229 2317 396 2349 creditum.
423 2318 455 2349 Si
484 2321 592 2350 autem
616 2318 787 2359 loquamur
810 2320 848 2350 de
872 2320 1004 2351 scientia

230 2379 302 2411 quae
319 2373 366 2402 051
379 2381 398 2402 0
412 2371 662 2402 manuductione
676 2372 924 2404 ratiocinationis
936 2397 944 2409 ,
960 2374 1005 2404 510

233 2424 343 2456 volunt
361 2425 493 2465 quidam
516 2425 620 2457 dicere
643 2425 749 2457 adhuc
773 2434 840 2457 esse
865 2435 981 2458 verum
995 2450 1003 2464 ,

230 2477 316 2516 quod
328 2487 394 2509 11011
410 2481 512 2518 potest
525 2478 619 2510 simul
637 2481 720 2510 stare
733 2488 809 2510 cum
823 2479 885 2511 fide
902 2488 910 2511 ε
930 2480 1005 2520 quia

261 2576 422 2608 ¹Dist.xx11,
434 2580 478 2603 art.
489 2581 513 2602 Ξ.
522 2580 570 2596 ——2
582 2580 657 2609 Aug..
668 2579 697 2603 de
708 2580 808 2609 Trinit„
820 2580 864 2604 lib.
877 2581 973 2609 xmo.
985 2587 1004 2611 1,

229 2619 253 2636 n.
269 2614 292 2636 3.
302 2613 353 2632 -3
369 2614 375 2637 1
391 2613 458 2645 Cora,
470 2620 517 2645 111,
529 2616 551 2640 8.
565 2629 596 2632 -
607 2616 638 2646 (α)
655 2616 723 2641 Edit.
741 2616 873 2640 Ven.deest
885 2625 908 2641 a*
928 2631 951 2634 ν
969 2617 1002 2646 (ὁ)

229 2651 376 2673 evacuatur.
389 2662 420 2667 —
432 2650 462 2680 (c)
476 2649 543 2674 deest
554 2657 595 2675 ex.

1784 161 1841 192 531

1070 241 1126 272 per
1140 231 1236 262 talem
1251 229 1415 261 scientiam
1436 227 1566 259 assentit
1588 228 1768 260 intellectus
1784 228 1844 268 ipsi

1071 285 1116 316 rei
1133 285 1271 324 cognitae
1286 284 1415 324 propter
1430 282 1532 322 ipsam
1554 281 1709 312 rationem
1725 282 1844 321 princi-

1070 338 1203 378 paliter,
1220 337 1349 368 assentit
1374 336 1470 368 etiam
1494 335 1691 372 necessari03
1715 334 1844 365 assentit

1069 391 1164 421 etiam
1180 391 1260 421 sicut
1273 390 1320 421 rei
1335 399 1408 430 quae
1423 392 1470 420 est
1488 389 1570 419 intra
1585 397 1617 419 50
1635 398 1641 419 ;
1660 389 1754 428 cujus
1769 396 1845 418 con-

1069 444 1204 474 trarium
1221 444 1380 483 reperitur
1395 443 1429 473 in
1445 442 1524 480 fide,
1541 450 1614 482 quae
1636 441 1765 471 assentit
1779 440 1843 481 pri-

1069 505 1132 527 mae
1147 497 1272 527 veritati
1294 499 1423 536 propter
1444 506 1476 526 se
1486 520 1495 534 ¹,
1513 499 1543 526 et
1563 494 1759 533 voluntarie,
1783 494 1845 525 ele-

1069 550 1174 580 vando
1197 550 1353 580 rationem
1373 558 1469 589 super
1493 558 1536 579 50.
1554 548 1591 578 Ε1
1607 548 1676 579 ideo
1695 547 1845 578 dixerunt

1068 603 1216 634 habitum
1239 603 1327 641 fidei,
1344 606 1374 633 et
1393 603 1531 633 scientiae
1544 626 1552 640 ,
1569 605 1683 633 mutuo
1701 611 1768 632 5050
1787 610 1843 632 ex-

1069 658 1207 696 cludere,
1220 657 1397 688 secundum
1408 657 1493 696 quod
1508 657 1645 687 charitas
1655 656 1746 686 illum
1758 665 1844 687 amo-

1069 721 1137 743 rem
1150 711 1305 749 excludit,
1323 720 1388 751 quo
1403 710 1474 750 quis
1497 712 1583 740 amat
1597 709 1698 740 Deum
1716 711 1843 749 propter

1068 765 1255 806 temporalia
1279 763 1507 804 principaliter.
1526 762 1671 793 Aliorum
1695 771 1771 793 vero
1786 771 1842 802 po·
1859 762 1966 789 09521'08·

1069 819 1139 849 sitio
1154 821 1210 856 est,
1224 818 1309 857 quod
1326 817 1363 847 de
1380 826 1445 848 uno
1462 819 1493 847 et
1508 816 1620 847 eodem
1635 815 1732 846 simul
1744 817 1844 854 potest

1068 870 1178 902 haberi
1190 871 1322 902 scicntia
1332 869 1580 901 manuductione
1594 868 1845 900 ratiocinationis

1069 934 1143 956 011111
1162 924 1274 955 habitu
1297 924 1386 960 fidei,
1400 924 1495 963 juxta
1517 922 1600 962 quod
1624 922 1695 953 dicit
1710 922 1844 961 Augus-

1068 977 1156 1008 tinus
1167 980 1177 996 ²
1188 976 1256 1007 XIV
1266 976 1305 1008 de
1321 976 1492 1013 Trinitate,
1505 984 1666 1015 exponens
1676 974 1754 1005 illud
1763 975 1845 1014 Apo-

1068 1031 1158 1062 stolis
1178 1042 1185 1060 :
1204 1029 1273 1062 Alte*
1289 1029 1386 1062 datm·
1403 1037 1461 1069 per
1482 1029 1648 1068 Spiritum
1666 1036 1767 1059 sermo
1790 1036 1842 1059 sa-

1066 1085 1219 1124 pientiae,
1237 1083 1299 1116 alii
1313 1091 1413 1115 sermo
1429 1083 1592 1114 scientiae:
1615 1093 1629 1109 «
1646 1081 1727 1112 Huic
1738 1081 1844 1112 scien-

1067 1137 1120 1168 tiae
1138 1137 1244 1168 tribuo
1257 1137 1347 1174 illud,
1361 1146 1425 1176 quo
1438 1135 1517 1166 fides
1533 1134 1755 1173 saluberrima,
1769 1143 1843 1174 quae

1067 1190 1107 1221 ad
1121 1199 1232 1221 veram
1246 1189 1475 1220 beatitudinem
1492 1188 1588 1225 ducit,
1607 1188 1767 1227 gignitur,
1784 1197 1843 1219 nu-

1066 1244 1161 1274 tritur
1173 1267 1181 1281 ,
1199 1244 1397 1279 defenditur,
1413 1243 1585 1274 roboratur
1602 1254 1609 1272 :
1626 1252 1690 1282 qua
1711 1243 1842 1274 scientia

1066 1306 1131 1329 non
1155 1297 1274 1337 pollent
1299 1297 1431 1337 plurimi
1454 1296 1560 1327 fideles
1576 1320 1584 1332 ,
1607 1296 1679 1327 licet
1703 1296 1843 1327 habeant

1065 1351 1173 1382 fidem.
1199 1362 1213 1379 ›)
1239 1350 1277 1382 Et
1302 1350 1479 1381 Richardus
1504 1350 1542 1381 de
1565 1349 1596 1381 S.
1619 1350 1745 1381 Victore
1769 1349 1844 1381 dicit

1065 1404 1150 1444 quod
1165 1404 1200 1435 ad
1219 1413 1255 1435 ea
1270 1411 1342 1444 qur-,e
1357 1403 1430 1434 fidei
1446 1406 1537 1440 511111,
1554 1412 1619 1434 11011
1633 1405 1759 1434 tantum
1772 1411 1844 1444 pos-

1065 1460 1141 1489 sunt
1156 1457 1268 1488 haberi
1289 1458 1427 1489 rationes
1451 1457 1648 1497 probabiles,
1670 1457 1724 1488 sed
1745 1457 1842 1488 etiam

1065 1512 1251 1543 necessariae
1262 1536 1270 1550 ,
1302 1511 1374 1542 licet
1405 1520 1457 1542 eas
1485 1511 1646 1542 interdum
1677 1511 1843 1552 contingat

1064 1577 1123 1599 nos
1136 1568 1245 1599 latere.
1265 1567 1354 1599 Unde
1378 1567 1492 1607 aliquis
1511 1567 1642 1599 credens
1656 1567 1758 1598 Deum
1773 1577 1842 1599 0550

1065 1630 1169 1652 unum
1188 1621 1367 1662 Creatorem
1386 1621 1549 1659 omnium,
1567 1621 1594 1651 si
1608 1629 1649 1651 ex
1663 1620 1841 1652 rationibus

1063 1675 1248 1706 necessariis
1271 1674 1400 1715 incipiat
1423 1675 1529 1714 ipsum
1548 1674 1632 1705 idem
1647 1683 1740 1706 nosse
1752 1699 1760 1713 ,
1775 1684 1840 1706 non

1063 1731 1191 1768 propter
1200 1729 1262 1760 hoc
1271 1728 1386 1760 desinit
1396 1728 1493 1760 fidem
1503 1728 1632 1760 habere.
1640 1727 1696 1760 Vel
1706 1729 1733 1759 si
1743 1729 1840 1760 etiam

1063 1782 1152 1822 prius
1163 1782 1280 1820 noscit,
1292 1782 1370 1813 tides
1381 1782 1610 1822 superveniens
1620 1782 1716 1813 talem
1731 1783 1840 1822 cogni-

1062 1834 1183 1866 tionem
1198 1844 1262 1866 non
1277 1835 1421 1876 expellit,
1438 1835 1519 1867 sicut
1537 1844 1595 1875 per
1609 1835 1839 1875 experientiam

1062 1891 1157 1929 patet.
1174 1889 1264 1920 Ratio
1279 1891 1385 1920 autem
1403 1897 1502 1928 quare
1516 1889 1587 1919 talis
1602 1888 1732 1920 scientia
1742 1888 1840 1920 simul

1061 1944 1163 1983 potest
1169 1952 1236 1974 esse
1244 1943 1396 1975 deeodem
1404 1951 1478 1973 cum
1486 1942 1632 1982 ipsafide,
1642 1944 1672 1974 et
1679 1943 1766 1983 quod
1775 1952 1838 1974 una

1062 1997 1201 2036 cognitio
1216 1997 1349 2028 alteram
1364 2006 1430 2027 non
1441 1996 1580 2036 expellit,
1592 1998 1638 2028 est
1649 1996 1723 2037 quia
1735 1997 1839 2028 501011-

1061 2050 1105 2081 tia
1120 2060 1160 2081 ex
1174 2051 1207 2089 (c)
1221 2050 1470 2081 manuductione
1490 2050 1749 2089 ratiocinationis,
1766 2050 1839 2082 licet

1061 2104 1201 2144 aliquam
1221 2104 1443 2135 certitudinem
1471 2104 1563 2135 faciat
1587 2106 1617 2134 et
1643 2103 1837 2135 evidentiam

1061 2157 1144 2189 circa
1156 2157 1265 2189 divina
1274 2181 1283 2194 ,
1298 2157 1353 2188 illa
1366 2159 1472 2188 tamen
1487 2157 1642 2188 certitudo
1661 2159 1692 2188 et
1706 2157 1835 2189 eviden-

1061 2211 1104 2242 tia
1117 2220 1183 2242 non
1199 2213 1246 2241 est
1259 2210 1391 2241 omnino
1402 2210 1498 2248 clara,
1510 2210 1665 2250 quamdiu
1680 2219 1793 2241 sumus
1803 2210 1837 2241 in

1062 2266 1124 2297 via.
1144 2264 1297 2302 Quamvis
1311 2265 1398 2295 enim
1417 2264 1532 2305 aliquis
1548 2265 1644 2305 possit
1659 2264 1837 2295 rationibus

1060 2318 1245 2350 necessariis
1260 2318 1394 2358 probare
1404 2317 1506 2349 Deum
1517 2327 1595 2355 0550,
1612 2320 1643 2348 01
1657 2326 1723 2348 0550
1733 2317 1836 2349 Deum

1061 2381 1182 2411 unum;
1198 2374 1307 2404 tamen
1321 2382 1452 2404 cernere
1466 2372 1572 2412 ipsum
1588 2371 1738 2404 divinum
1752 2381 1834 2412 esse,

1061 2429 1092 2457 et
1105 2427 1208 2467 ipsam
1219 2427 1274 2458 Dei
1287 2427 1442 2457 unitatem
1453 2449 1461 2463 ,
1473 2428 1503 2456 et
1515 2425 1651 2466 qualiter
1664 2425 1718 2456 illa
1732 2425 1836 2457 unitas

1060 2489 1126 2511 non
1143 2479 1291 2512 excludat
1304 2488 1514 2521 personarum
1530 2479 1756 2520 pluralitatem,
1771 2489 1836 2512 non

1061 2535 1184 2574 potest,
1209 2533 1270 2564 nisi
1286 2542 1344 2574 per
1354 2533 1513 2574 ,iustitiam
1536 2533 1611 2565 fidei
1630 2534 1834 2566 emundetur.

1061 2587 1149 2619 Unde
1162 2587 1357 2618 illuminatio
1379 2589 1410 2618 01
1433 2587 1590 2618 certitudo
1605 2587 1677 2618 talis
1696 2587 1836 2620 scientiae

1061 2653 1125 2676 non
1148 2646 1194 2675 est
1215 2645 1301 2674 tanta
1317 2668 1325 2681 ‚
1348 2643 1431 2683 quod
1457 2642 1565 2674 habita
1585 2643 1639 2675 illa
1661 2643 1838 2684 superfluat
