2017 2960
98 246 160 271 Opin.
175 247 192 265 Ι.

106 941 200 967 1111ρ1-01»,

217 176 276 205 298

217 241 352 278 Quidam
374 242 460 272 enim
482 241 653 272 voluerunt
675 240 790 276 dis-ere,
814 237 899 278 quod
922 245 986 267 non

215 295 319 326 solum
340 295 372 325 in
387 295 523 332 Christo,
541 302 653 325 verum
669 293 764 323 etiam
784 292 817 321 in
837 290 987 321 omnibus

216 348 290 379 aliis
331 348 452 385 beatis,
477 347 651 386 sapientia,
688 355 753 385 qua
786 345 989 383 cognoscunt

216 402 327 438 Deum,
344 404 389 432 est
404 400 555 440 sapientia
571 402 701 429 fflterna.
716 399 752 429 Et
767 398 811 428 illi
825 398 920 428 etiam
936 406 987 436 po-

216 457 298 486 nunt
316 455 400 494 quod
421 453 544 484 dilectio
565 453 633 490 illa,
649 462 713 492 qua
729 452 828 482 Deum
848 451 988 490 diligunt

216 509 320 539 Sancti
343 510 374 538 et
394 507 495 544 1101111,
521 507 560 537 sit
585 507 650 546 ipse
671 506 807 545 Spiritus
829 506 957 535 sanctus
978 512 985 533 :

215 572 272 602 pro
300 561 532 591 inconvenienti
556 561 641 590 enim
668 560 800 597 habent,
826 558 911 598 qnod
935 558 988 587 illa

215 614 382 654 sapientia,
404 613 455 644 vel
477 613 618 651 dilectio,
636 613 675 642 sit
695 613 852 648 accidens,
876 614 905 642 et
922 620 987 641 non

215 667 407 705 substantia,
432 676 505 697 cum
535 667 573 697 sit
602 666 738 696 nobilior
762 666 879 696 anima.
910 665 987 695 Item

216 731 273 761 pro
288 720 523 751 inconvenienti
542 720 673 757 liabent,
690 720 772 758 quod
789 719 843 748 illa
862 719 986 758 sapien-

215 775 257 805 tia
278 777 306 804 et
327 774 449 804 dilectio
474 773 564 803 saciat
584 773 724 803 animam
747 781 938 811 cognoscere
958 774 988 802 01

216 836 338 865 amare,
354 830 385 858 et
404 828 470 866 ipsa
490 836 552 857 11011
569 828 739 865 cognoscat
754 828 785 856 et
798 828 896 864 amet,
913 835 987 856 cnm

216 881 351 911 nobilior
361 881 399 910 sit
415 890 464 910 res
477 889 672 919 cognoscens
685 889 750 910 non
765 882 985 918 cognoscente.

220 932 276 961 l'ro
292 932 530 962 inconvenienti
547 931 641 961 etiam
657 931 789 967 habent,
807 931 890 970 quod
910 931 988 961 bea-

217 984 316 1015 titudo
337 987 456 1022 nostra,
480 994 553 1024 quae
577 987 622 1015 est
644 985 765 1015 bonum
787 994 985 1024 supremum,

214 1038 363 1068 consistat
378 1038 410 1067 in
425 1038 651 1068 accidentibus.
668 1038 728 1068 Sed
744 1038 783 1068 ad
796 1038 865 1068 haec
880 1038 988 1068 omnia

213 1092 326 1130 supra¹
353 1100 542 1130 responsum
568 1094 635 1128 est;
660 1091 729 1121 haec
754 1091 849 1121 etiam
874 1091 987 1130 positio

212 1144 390 1183 improbata
411 1147 457 1174 est
479 1155 484 1174 :
514 1145 598 1175 unde
623 1147 654 1174 et
677 1144 856 1174 communis
879 1145 987 1184 opinio

214 1200 297 1227 ter-:et
312 1198 519 1227 contrarium.
533 1198 685 1228 Ponimus
697 1198 782 1228 enim
798 1197 987 1237 sapientiam

214 1254 370 1289 creatam,
395 1260 467 1291 quae
492 1254 538 1282 est
562 1251 707 1288 habitus,
735 1253 765 1281 et
788 1250 986 1281 dilectionem

214 1306 367 1342 creatam,
384 1307 414 1334 et
430 1305 567 1343 gratiam
587 1306 723 1334 creatam
735 1327 742 1340 ‚
759 1306 789 1334 et
805 1304 899 1334 etiam
925 1313 985 1334 000-

215 1361 297 1388 teras
315 1358 465 1395 virtutes,
492 1357 581 1388 valde
600 1357 685 1387 enim
707 1357 882 1387 absurdum
907 1360 987 1388 esset

214 1410 331 1446 (licere,
349 1410 434 1449 quod
449 1410 526 1440 fides
541 1412 622 1440 esset
640 1410 734 1447 Deus,
751 1412 780 1439 et
795 1419 882 1449 speS‚
899 1413 929 1440 et
943 1411 987 1440 510

214 1463 251 1493 110
266 1463 336 1492 aliis
351 1463 539 1499 virtutibus,
565 1463 626 1492 nisi
642 1463 702 1493 hoc
719 1463 887 1493 causaliter
901 1463 987 1493 (1100-

214 1518 301 1545 retur
318 1528 324 1544 z
341 1516 410 1546 ideo
431 1516 500 1545 haec
515 1516 627 1555 positio
647 1516 729 1546 inter
744 1517 914 1555 positiones
931 1526 987 1547 ex-

216 1571 337 1598 traneas
352 1569 550 1599 numeranda
562 1571 618 1606 est,
631 1578 687 1608 pro
697 1578 734 1599 eo
750 1570 835 1608 quod
850 1570 987 1600 nimium

132 1635 150 1653 11
170 1638 188 1654 ,κ
215 1622 331 1652 recedit
354 1631 371 1651 a
392 1622 444 1652 via
464 1622 639 1652 communi,
661 1622 697 1652 Et
719 1622 788 1652 ideo
811 1622 907 1662 aliqui
930 1632 987 1653 vo-

215 1675 344 1705 luerunt
364 1676 482 1713 dicere,
501 1676 585 1715 quod
607 1676 755 1715 quamvis
775 1676 826 1706 alii
844 1676 987 1706 homines

216 1731 407 1767 cognoscant
441 1729 581 1759 Verbum
616 1729 792 1759 increatum
828 1729 987 1759 mediante

215 1782 326 1812 habitu
339 1782 530 1820 cognitionis
542 1784 665 1818 creatae,
677 1784 707 1811 et
723 1782 875 1819 Christus,
891 1792 989 1821 quan-

214 1837 282 1864 tum
311 1835 349 1865 ad
374 1835 537 1865 scientiam
563 1835 873 1874 comprehensionis,
899 1845 985 1866 com-

214 1888 355 1917 municat
371 1897 444 1917 cum
459 1888 528 1917 aliis
544 1888 746 1925 hominibus;
764 1890 870 1918 tamen
889 1898 985 1927 quan-

214 1942 283 1969 tum
303 1940 341 1970 ad
364 1940 529 1970 scientiam
551 1940 695 1978 unionis,
713 1950 785 1970 cum
803 1941 916 1971 habeat
937 1942 988 1981 ip-

214 2002 287 2023 sum
306 1992 444 2023 Verbum
461 1993 518 2023 sibi
541 1993 652 2023 intime
667 1994 809 2031 unitum,
825 1994 988 2032 cognoscit

215 2047 333 2085 absque
349 2047 434 2077 omni
452 2047 512 2077 alio
530 2047 641 2077 habitu
656 2047 759 2077 medio
771 2050 791 2076 ¹.
808 2047 885 2077 Cum
901 2047 987 2077 enim

215 2099 327 2130 habeat
350 2101 537 2139 sapentiam
561 2101 732 2131 increatam
758 2101 817 2130 sibi
844 2101 985 2137 unitam,

215 2163 277 2183 non
293 2162 348 2192 per
364 2153 503 2183 medium
514 2178 521 2190 ,
538 2154 591 2184 sed
615 2163 670 2193 per
689 2154 825 2193 seipsam
849 2163 989 2193 cognos-

215 2216 284 2238 cere
306 2209 406 2246 potest
426 2207 537 2246 scipsa.
566 2207 603 2237 Et
624 2208 684 2237 1100
707 2210 753 2237 051
779 2208 877 2238 5011115
904 2208 989 2238 1111115

215 2261 330 2290 animae
346 2260 522 2299 proprium,
540 2269 612 2299 quae
630 2270 648 2290 a
664 2260 766 2290 Verbo
781 2263 827 2290 est
841 2270 988 2300 assump-

214 2316 246 2344 ta
264 2325 269 2343 :
287 2313 353 2344 sola
371 2313 458 2343 enim
474 2313 559 2343 1111110
582 2313 712 2343 modum
729 2314 920 2352 cognitionis
936 2314 990 2344 ha-

218 2367 287 2404 het,
313 2367 394 2396 sicut
418 2366 452 2396 in
477 2375 513 2396 ea
537 2367 602 2396 sola
625 2367 781 2406 reperitur
805 2366 990 2397 excellentia

215 2420 284 2450 talis
298 2419 438 2449 unionis.
456 2419 515 2450 Sed
532 2419 601 2450 licet
623 2420 699 2449 illud
724 2420 869 2450 videatur
886 2420 990 2459 magis

215 2472 391 2511 probabile,
415 2481 513 2512 quam
538 2472 746 2512 praedictum3
764 2475 871 2503 tamen
894 2473 954 2503 hoc
972 2482 990 2503 a

215 2525 346 2556 veritate
370 2526 489 2563 deviat,
507 2526 533 2556 si
556 2526 627 2566 quis
651 2526 822 2556 intueatur.
848 2526 989 2557 Verbum

252 2605 322 2628 ¹Lib.
337 2605 359 2634 1,
377 2605 433 2628 dist.
450 2611 513 2634 xvu,
533 2608 557 2629 ct
576 2605 621 2628 lib.
639 2606 673 2634 ll,
696 2605 753 2628 dist.
770 2611 839 2629 11111.
852 2619 882 2623 -
897 2607 907 2622 ⁵
921 2607 990 2630 {lanc

217 2641 366 2671 opinionem
379 2642 491 2672 sequitur
506 2642 598 2666 Scotus
612 2641 667 2672 hie,
683 2641 740 2665 dist.
757 2647 816 2671 x1v,
831 2643 854 2672 9,
870 2642 903 2665 ihi
923 2650 928 2666 ε
950 2643 990 2666 Ad

779 168 1091 204 SENTENTIARUM
1110 169 1183 200 LlB.
1208 169 1261 199 111.

1043 237 1129 267 enim
1144 246 1209 266 11011
1224 236 1334 266 unitur
1348 236 1464 267 animae
1480 237 1593 268 Christi
1608 238 1641 269 in
1657 239 1710 270 illa
1725 241 1817 274 beata

1043 290 1175 328 unione,
1197 289 1279 319 sicut
1301 290 1510 327 cognoscibile
1529 295 1749 333 cognoscenti,
1766 295 1816 326 vel

1043 344 1124 373 sicut
1135 343 1260 373 habitus
1276 343 1433 382 potentiae,
1450 344 1501 374 vel
1513 346 1660 384 perfectio
1674 348 1816 386 perfecti-

1043 396 1116 434 bili3
1134 396 1188 427 sed
1207 398 1252 426 est
1271 395 1347 426 111110
1369 396 1402 426 in
1425 397 1546 428 unitate
1568 408 1728 438 personae,
1744 410 1817 440 quae

1043 452 1144 489 potest
1158 459 1224 480 esse
1240 450 1360 489 absque
1375 449 1572 490 cognitione,
1589 452 1669 483 sicut
1684 455 1769 492 patet
1782 454 1816 484 in

1043 514 1137 535 carne
1157 504 1281 541 Christi,
1307 511 1379 543 quae
1404 503 1493 534 unita
1516 506 1562 534 est
1585 504 1702 544 Verbo,
1719 509 1750 537 et
1771 510 1817 538 ta-

1044 567 1117 588 men
1136 558 1242 598 ipsnm
1258 566 1322 588 non
1338 557 1509 596 cognoscit.
1528 557 1636 589 Alium
1652 568 1729 598 ergo
1746 570 1817 592 mo-

1043 612 1121 642 dum
1142 611 1272 642 unionis
1287 619 1413 641 necesse
1436 612 1482 640 est
1503 619 1570 641 0550
1586 611 1624 641 ad
1640 611 1716 651 hoc,
1733 614 1818 652 quod

1043 666 1151 695 anima
1179 666 1347 704 cognoscat
1371 663 1513 695 Verbum
1547 665 1605 695 sibi
1630 666 1758 696 unitum
1785 667 1819 697 in

1044 719 1163 749 unitate
1179 726 1322 758 personae
1340 727 1347 747 :
1364 717 1424 747 hoc
1440 719 1547 748 autem
1561 720 1607 748 est
1624 728 1679 758 per
1694 720 1820 750 assimi-

1044 771 1194 801 lationem
1213 770 1431 809 cognoscentis
1452 770 1491 800 ad
1514 771 1680 809 cognitum
1700 783 1706 802 ;
1728 774 1758 803 01
1776 773 1820 803 ita

1043 833 1100 863 per
1125 824 1265 863 aliquam
1286 823 1502 861 influentiam,
1527 833 1601 863 quae
1623 824 1724 864 ipsam
1747 826 1820 856 ani-

1044 886 1129 907 mam
1151 878 1395 915 cognoscentem
1414 876 1506 906 faciat
1531 876 1591 907 Deo
1615 878 1767 916 similem,
1784 888 1820 909 ac

1043 930 1228 960 deiformem
1251 940 1257 960 t
1280 931 1310 960 et
1324 929 1367 959 ita
1382 938 1437 968 per
1453 929 1592 969 aliquem
1608 930 1753 961 habitum
1768 931 1819 971 ip-

1043 993 1111 1014 sam
1127 983 1267 1013 animam
1284 983 1526 1019 informantem,
1542 982 1598 1021 qui
1614 983 1744 1022 quidem
1759 983 1820 1015 ha-

1043 1036 1126 1066 bitus
1148 1045 1214 1065 non
1230 1037 1331 1074 potest
1354 1043 1420 1064 esse
1434 1034 1494 1064 nisi
1514 1035 1632 1074 aliquid
1652 1038 1793 1068 creatum
1810 1048 1817 1068 :

1043 1098 1117 1119 nam
1133 1089 1208 1128 quid
1228 1089 1403 1118 increatum
1426 1096 1491 1118 non
1511 1090 1613 1127 potest
1632 1098 1698 1119 esse
1717 1090 1820 1121 forma

1043 1142 1142 1181 ipsius
1167 1142 1294 1172 animae.
1319 1141 1357 1171 Et
1379 1142 1546 1180 propterea
1571 1141 1673 1172 dicere
1698 1144 1820 1182 oportet
1836 1152 1931 1180 Opima.

1042 1195 1134 1225 tertio
1161 1195 1271 1232 modo,
1293 1194 1378 1233 quod
1401 1194 1509 1224 anima
1533 1193 1665 1232 Christi,
1690 1195 1773 1226 sicut
1788 1199 1820 1226 et

1043 1248 1158 1278 animae
1174 1247 1310 1277 aliorum
1327 1246 1528 1285 Sanctorum,
1545 1246 1684 1277 Verbum
1698 1248 1818 1279 increa-

1042 1303 1113 1330 tum
1127 1300 1289 1339 cognoscit
1303 1309 1357 1339 per
1373 1300 1560 1339 sapientiam
1576 1302 1731 1338 creatam,
1745 1311 1819 1341 quae

1042 1353 1181 1392 disponit
1202 1354 1346 1392 ipsarum
1365 1353 1548 1383 animarum
1570 1354 1724 1392 potentias
1742 1363 1820 1393 cog-

1042 1407 1171 1443 nitivas,
1190 1409 1220 1437 et
1236 1407 1413 1436 conformes
1428 1406 1541 1444 reddit,
1561 1408 1597 1436 ut
1618 1406 1694 1437 illud
1710 1407 1820 1438 lumen

1043 1462 1199 1490 {eternum
1220 1461 1413 1501 cognoscant
1424 1459 1444 1489 ³.
1464 1458 1527 1489 Nec
1545 1459 1635 1490 aliter
1649 1462 1750 1500 potest
1771 1461 1820 1491 in-

1043 1513 1152 1552 telligi.
1173 1513 1339 1550 Quomodo
1355 1513 1442 1542 enim
1463 1515 1564 1552 potest
1587 1513 1694 1543 anima
1709 1513 1820 1544 lumen

1043 1569 1200 1597 aeternum
1228 1574 1436 1604 cognoscere,
1464 1567 1495 1595 et
1523 1565 1699 1596 claritatem
1728 1575 1820 1597 sum-

1044 1629 1129 1650 mam
1152 1619 1286 1656 intueri,
1311 1619 1390 1657 quin
1411 1619 1478 1658 ipsa
1503 1618 1658 1649 efficiatur
1682 1619 1765 1650 clara
1791 1621 1822 1650 01

1042 1673 1225 1703 luminosa?
1239 1672 1355 1702 Anima
1373 1674 1480 1702 autem
1498 1671 1627 1710 Christi,
1645 1672 1723 1711 quia
1742 1675 1788 1703 est
1802 1682 1821 1703 a

1042 1725 1145 1756 Verbo
1165 1727 1340 1764 assumpta,
1356 1726 1512 1763 maiorem
1535 1725 1630 1755 habet
1654 1725 1820 1756 deiformi-

1042 1781 1155 1815 tatem,
1179 1788 1215 1808 ac
1232 1788 1288 1818 per
1301 1778 1361 1808 hoc
1376 1778 1595 1818 perfectiorem
1618 1780 1651 1808 et
1673 1779 1818 1809 eminen-

1043 1832 1155 1862 tiorem
1180 1831 1414 1870 cognitionem,
1444 1841 1542 1870 quam
1570 1831 1678 1871 aliqua
1712 1832 1819 1863 anima

1042 1886 1133 1916 beata
1148 1895 1203 1925 per
1218 1885 1364 1924 gloriam.
1386 1884 1472 1915 Unde
1491 1894 1557 1915 non
1576 1887 1623 1915 est
1636 1885 1820 1924 intelligen—

1043 1939 1131 1976 dum,
1157 1938 1242 1978 quod
1260 1938 1390 1968 scientia
1412 1938 1541 1968 unionis
1565 1938 1781 1977 distinguatur
1801 1949 1820 1969 a

1043 1992 1172 2022 scientia
1186 1991 1477 2030 comprehensionis
1489 2015 1496 2028 ‚
1514 1991 1604 2031 quasi
1621 2001 1686 2022 nou
1701 1992 1741 2022 sit
1763 2001 1820 2031 per

1043 2045 1182 2085 aliquem
1198 2044 1342 2075 habitum
1363 2044 1523 2081 medium,
1540 2044 1593 2075 sed
1617 2045 1692 2084 quia
1715 2045 1820 2076 excel—

1043 2098 1158 2128 lentior
1175 2100 1205 2127 et
1217 2106 1267 2127 am
1274 2097 1351 2136 plior
1365 2097 1558 2128 deiformitas
1571 2099 1602 2127 et
1617 2097 1742 2128 claritas
1755 2098 1819 2129 col-

1044 2152 1105 2182 lata
1126 2153 1172 2181 est
1193 2151 1309 2181 animae
1330 2150 1443 2180 Christi
1464 2159 1504 2180 ex
1527 2150 1587 2180 1100
1610 2151 1694 2190 quod
1717 2151 1820 2182 Verbo

1045 2206 1135 2236 unita
1149 2207 1209 2243 est,
1231 2213 1329 2244 quam
1345 2214 1385 2234 ex
1399 2204 1459 2235 hoc
1475 2205 1561 2243 quod
1576 2205 1760 2244 simpliciter
1774 2207 1821 2236 est

1044 2259 1144 2289 beata.
1163 2258 1248 2297 Ergo
1272 2258 1479 2288 concedendae
1497 2259 1573 2288 sunt
1592 2259 1730 2288 rationes
1747 2267 1820 2298 pro-

1044 2314 1170 2351 bantes,
1188 2312 1273 2352 quod
1295 2312 1403 2342 anima
1424 2311 1536 2342 Christi
1553 2314 1721 2351 cognoscat
1742 2311 1820 2343 Ver—

1045 2367 1086 2397 hu
1093 2376 1122 2397 m
1137 2366 1320 2405 cognitione
1341 2365 1447 2404 aliqua
1462 2365 1645 2403 formaliter,
1663 2373 1752 2404 quae,
1768 2365 1820 2396 in-

1046 2428 1154 2460 quam,
1179 2428 1243 2449 non
1264 2420 1309 2448 051
1333 2418 1438 2457 ipsum
1462 2417 1612 2454 Verbum,
1640 2418 1693 2448 sed
1718 2419 1820 2457 gratia

1045 2474 1175 2504 effectus
1188 2471 1294 2509 Verbi,
1311 2479 1409 2510 quam
1418 2469 1560 2501 Verbum
1574 2470 1647 2501 facit
1664 2471 1698 2501 in
1712 2471 1820 2502 anima

1046 2526 1158 2557 Christi
1172 2523 1365 2555 beatissima.

1046 2606 1129 2629 coelnm
1142 2624 1146 2634 ,
1161 2604 1204 2628 secl
1215 2604 1244 2627 cle
1262 2602 1392 2633 possibili,
1407 2608 1453 2625 non
1474 2602 1502 2625 tle
1517 2603 1591 2631 facto.
1608 2615 1636 2621 —
1652 2602 1662 2619 ⁸
1676 2602 1818 2627 Concordat

1046 2644 1072 2667 S.
1089 2641 1217 2670 Thomas,
1234 2638 1276 2669 111,
1288 2643 1362 2669 (1.11,
1376 2639 1423 2662 art.
1438 2638 1460 2661 2.
