1997 2986
757 366 1104 403 ANIMADVERSIO

324 492 361 513 ΙΝ
394 492 489 514 ntsT.
522 491 569 513 111
605 490 724 513 HUJUS
755 491 863 513 Ltnnl
896 491 1050 519 TERTII,
1082 491 1170 512 PART.
1203 490 1230 519 Ι,
1262 491 1346 512 AnT.
1380 492 1407 520 1,
1439 492 1469 518 Q.
1499 492 1542 513 1:

499 607 533 626 AN
551 607 618 627 CARO
637 607 754 627 vmcile
773 607 964 627 SANCTlFlCATA
984 608 1079 628 1²¹:ssan
1095 609 1165 628 ANTE
1183 608 1378 628 ΛΝῙΜΛΤΙΟΝΕΙΙ.

751 680 758 710 (
776 679 814 704 Ex
828 679 925 711 eodem,
938 679 984 705 col.
999 681 1028 705 ³4
1038 698 1048 713 ,
1062 681 1102 705 ³5.
1116 681 1124 711 )

177 808 192 825 α
208 796 287 830 Illud
302 798 453 838 peculiari
468 798 624 829 memoria
638 798 778 838 dignum
792 798 874 830 mihi
886 799 1026 839 videtur,
1043 799 1129 840 quod
1142 799 1270 840 jussum
1289 801 1336 830 est
1351 799 1395 839 (in
1419 799 1560 831 Comitiis
1577 800 1742 840 generali-

131 861 192 894 bus
205 860 324 892 ordinis
339 859 372 892 S.
392 859 551 891 Francisci
567 860 648 892 Pisis
669 860 787 891 habitis
800 869 886 893 anno
903 863 982 893 1263
1000 861 1032 892 in
1049 861 1130 893 sesto
1156 860 1378 902 pentecostes),
1397 864 1432 893 ut
1447 864 1562 902 praeter
1576 862 1638 894 alia
1658 872 1743 895 nova

131 924 220 963 festa,
234 932 308 964 quae
329 932 393 955 non
408 926 499 955 vacat
517 933 786 963 commemorare,
801 932 886 957 nova
902 925 1065 964 festivitas
1080 924 1305 958 admitteretur
1319 925 1354 956 in
1373 924 1494 957 Ordine
1515 925 1742 965 conceptionis·

133 987 232 1020 beatoe
250 988 400 1028 Virqz'nt's
414 987 542 1020 Μανία).
562 987 643 1020 Hinc
657 988 744 1020 enim
759 987 836 1019 illud
852 992 899 1019 est
914 988 1163 1027 consectarium,
1182 988 1214 1019 in
1232 988 1292 1019 boc
1314 987 1457 1029 Capitulo
1482 988 1741 1020 Bonaventuram

133 1053 292 1089 nostrum,
309 1054 417 1091 utpote
431 1052 508 1092 quia
529 1051 588 1091 ipsi
609 1051 710 1082 serius
731 1053 771 1089 (α)
787 1052 925 1082 innotuit
949 1051 1000 1092 piu
1024 1051 1175 1082 Romanae
1199 1052 1297 1082 curiae
1320 1052 1517 1082 consuetudo
1542 1052 1603 1082 tale
1627 1053 1742 1083 festum

133 1113 313 1145 celebrandi
326 1117 348 1152 ¹,
364 1122 422 1154 pro
439 1123 497 1144 sua
515 1113 614 1144 animi
630 1113 797 1152 docilitate,
814 1123 850 1145 ac
866 1114 981 1153 pietate
995 1123 1074 1153 erga
1089 1113 1321 1144 sanctissimam
1336 1113 1504 1153 Virginem
1520 1114 1573 1145 Dei
1590 1113 1740 1153 Matrem,

133 1178 274 1208 mutasse
287 1177 496 1215 sententiam,
512 1180 543 1209 et
563 1180 748 1209 retractasse
772 1186 845 1217 quae
869 1186 887 1208 e
911 1177 1068 1208 subselliis
1093 1177 1324 1209 Parisiensibus
1340 1179 1434 1209 antea
1447 1177 1587 1216 dixerat,
1613 1178 1744 1218 suisque

134 1238 375 1271 Commentariis
389 1241 423 1272 iu
436 1241 555 1272 librum
570 1241 700 1272 tertium
716 1240 952 1272 Sententiarum
969 1240 1156 1271 inseruerat.

173 1313 188 1331 n
206 1303 294 1334 Adeo
309 1305 418 1335 autem
432 1306 561 1335 sanctus
581 1303 694 1335 Doctor
711 1303 759 1336 vel
782 1303 816 1334 iu
834 1305 1034 1335 antecessum
1060 1303 1173 1344 procul
1198 1303 1257 1334 suit
1279 1313 1299 1334 a
1322 1303 1542 1344 vituperandis
1565 1304 1742 1336 cultoribus

135 1365 353 1407 Conceptionis
373 1366 475 1398 beatae
497 1366 605 1398 Mariae
628 1366 789 1407 Virginis,
812 1370 848 1399 ut
873 1367 1090 1399 disertissimis
1113 1367 1221 1398 verbis
1243 1367 1378 1406 dixerit,
1401 1370 1497 1408 atque
1520 1367 1710 1399 concluserit
1735 1379 1741 1398 :

139 1441 153 1458 u
168 1429 376 1470 Quacumque
395 1439 474 1469 ergo
488 1429 579 1468 hora,
602 1439 808 1471 quacumque
822 1431 874 1462 die
891 1431 1006 1471 aliquis
1020 1430 1162 1462 fidelium
1178 1439 1253 1461 cum
1267 1431 1342 1462 totis
1363 1430 1547 1471 praecordiis
1561 1434 1657 1471 atque
1678 1431 1744 1462 vis-

135 1492 260 1523 ceribus
274 1492 412 1524 honorat
427 1492 610 1532 Virginem,
627 1493 841 1534 increpandus
856 1503 922 1525 non
943 1496 990 1525 est
1013 1493 1216 1534 pertinaciter
1227 1518 1236 1533 ,
1252 1503 1293 1525 ne
1318 1495 1418 1535 ipsius
1436 1494 1576 1534 Virginis
1601 1494 1744 1526 animad-

135 1554 241 1586 versio
255 1555 451 1593 incurratur,
467 1564 541 1596 quae
560 1556 745 1587 auxiliatrix
761 1559 791 1587 et
810 1556 948 1587 amatrix
969 1558 1017 1587 est
1033 1556 1181 1587 omnium
1197 1565 1332 1588 suorum
1356 1557 1499 1587 fidelium
1523 1556 1743 1595 laudatorum,

135 1617 219 1649 sicut
233 1618 277 1649 illi
300 1619 356 1658 qui
374 1618 451 1650 tales
463 1621 559 1657 sunt,
577 1619 796 1659 experimento
810 1619 976 1659 multiplici
992 1621 1225 1659 cognoverunt.
1242 1630 1256 1648 n
1275 1618 1379 1656 Quare
1401 1619 1586 1650 mirandum
1601 1628 1666 1651 non
1686 1621 1743 1658 est,

135 1681 161 1712 si
174 1681 359 1713 Parisiensis
372 1691 503 1723 quoque
519 1682 725 1722 Universitas‚
741 1683 904 1714 decretum
923 1683 1008 1723 quod
1023 1685 1133 1714 contra
1148 1683 1389 1714 immaculatam
1403 1682 1545 1722 Deiparae
1561 1681 1745 1722 conceptio-

135 1753 210 1776 nem
234 1748 356 1785 egerat,
382 1746 598 1784 revocaverit,
621 1746 885 1786 contrariumque
909 1746 1021 1777 docere
1045 1747 1193 1778 vetuerit.
1218 1758 1232 1775 »
1262 1745 1426 1778 Prodi-om.
1452 1746 1496 1778 ad
1517 1753 1612 1786 opera
1635 1747 1746 1777 omnia

137 1807 170 1840 S.
187 1806 429 1848 Ronaventurae,
445 1818 485 1840 ex
502 1811 631 1849 typogr.
648 1809 791 1847 Bassan„
809 1811 898 1848 1767,
915 1819 946 1850 p.
964 1811 1073 1841 34-35.

170 1921 178 1937 ¹
193 1923 229 1948 De
246 1922 288 1947 illa
303 1922 489 1947 consuetudine
502 1924 628 1947 testantur
643 1923 694 1947 duo
709 1923 789 1948 coaevi
803 1923 956 1955 scriptores,
972 1924 1014 1948 Fr.
1032 1924 1237 1948 Bartholomaeus
1248 1923 1280 1947 de
1296 1923 1461 1954 Tridentino,
1476 1923 1574 1947 ordinis
1590 1923 1746 1947 Praedicato-

138 1969 209 1993 rum,
230 1962 256 1987 in
272 1962 353 1987 tribus
368 1963 428 1987 Mss.
449 1963 580 1988 codicibus
600 1964 807 1995 sangeorgiuno,
826 1964 967 1989 Burberino
981 1967 1007 1989 ct
1020 1964 1226 1994 Trombelliauo,
1240 1971 1269 1988 ac
1283 1963 1488 1988 Bartholomaeus
1503 1963 1645 1988 Brixiensis
1661 1963 1686 1986 in
1698 1968 1746 1986 suo

138 2003 280 2035 nepenon‘o
292 2003 361 2034 apud
378 2003 563 2028 Bernardinum
575 2004 606 2028 de
623 2004 714 2029 Bustis.

171 2044 201 2077 (α)
219 2045 247 2068 In
261 2045 313 2075 ipso
328 2043 476 2075 Prodromo,
495 2044 557 2068 edit.
571 2044 687 2075 Bassam,
703 2044 797 2077 [θρίων
808 2046 935 2071 securius.
