2017 2960
65 563 97 583 Ad
115 570 167 588 opp.

182 173 242 202 286

180 247 277 277 quam
304 238 474 269 attenditur
496 239 683 269 universitas
706 247 858 268 sensuum
883 248 889 267 z
917 237 950 267 in

182 290 303 321 Christo
315 292 412 328 enim,
430 292 511 321 sicut
528 292 560 321 in
581 292 692 330 capite,
715 299 825 320 omnes
840 298 951 319 sensus

180 344 392 383 reperiuntur.
424 345 483 374 Sed
512 344 615 381 gratia
647 343 822 373 secundum
852 351 949 381 quani

181 397 353 427 attenditur
370 397 532 427 diversitas
546 405 709 432 sensuum,
726 397 755 425 et
774 395 949 425 secundum

181 458 277 487 quam
308 450 502 487 colliguntur
532 450 565 478 in
593 449 715 479 Christo
733 472 740 485 ,
777 450 822 478 est
848 447 951 485 gratia

182 506 284 533 creata
302 514 308 532 :
325 512 412 541 crgo,
429 505 487 531 etc.

222 556 334 586 Contra
353 566 359 585 2
379 558 406 585 1.
423 554 506 585 Nihil
531 557 671 584 creatum
699 553 806 584 influit
828 555 951 583 motum

181 612 209 638 et
230 617 357 639 sensum
378 608 491 645 gratiae
513 608 544 637 in
570 608 715 637 membra
738 618 744 636 :
769 607 822 636 sed
850 606 952 644 gratia

181 662 289 701 capitis
313 664 377 698 est,
400 661 575 691 secundum
599 670 695 700 quam
720 662 766 690 est
786 659 952 689 influentia

182 718 286 745 motus
309 717 339 744 vt
365 723 475 744 sensus
494 714 523 743 in
544 714 687 744 membra
707 713 819 743 Christi
844 724 849 742 :
874 721 952 749 ergo

182 768 284 805 gratia
301 768 410 806 capitis
427 777 488 797 non
504 769 603 805 potest
619 776 685 796 esse
707 766 782 805 quid
798 768 949 795 creatum.

223 823 251 850 Ξ.
272 821 348 850 ltem
375 821 451 850 nihil
472 828 498 858 :u
532 822 673 849 creatum
693 828 795 849 unum
819 828 953 849 numero

183 876 227 903 est
239 873 369 903 0111111110
384 872 693 911 incircumscriptum
710 882 716 901 :
734 872 786 901 sed
798 872 951 908 Christus,

183 926 214 955 in
229 928 384 964 quantum
400 927 444 955 est
460 928 565 964 caput,
592 928 637 955 est
654 934 672 954 a
692 924 833 964 quolibet
852 933 954 954 mem-

184 979 314 1008 brorum
330 987 463 1008 suorum
479 978 634 1008 indivisus
651 987 658 1007 :
675 986 754 1016 ergo
768 987 831 1007 non
854 979 955 1017 potest

183 1040 248 1061 csse
275 1033 368 1070 caput
384 1031 560 1061 secundum
581 1030 698 1069 aliquid
722 1033 863 1061 creatum
894 1039 901 1059 z
929 1029 954 1059 si

183 1094 259 1123 ergo
279 1086 372 1124 caput
390 1087 437 1114 est
452 1084 627 1114 secundum
649 1084 788 1123 aliquam
804 1084 952 1123 gratiam,

183 1138 308 1168 videtur
321 1138 402 1177 quod
425 1137 476 1167 illa
488 1137 591 1175 gratia
606 1138 645 1166 sit
661 1138 807 1167 increata.

224 1194 252 1221 3.
271 1191 346 1221 lten]
363 1193 456 1230 caput
471 1193 516 1220 est
531 1190 748 1220 membrorum
763 1190 954 1228 principium

185 1246 215 1273 et
227 1243 318 1281 origo
336 1254 342 1273 2
362 1243 413 1273 sed
439 1242 579 1272 Christus
593 1251 657 1271 non
680 1244 781 1281 potest
805 1251 870 1272 esse
885 1242 956 1271 ani-

185 1304 312 1325 marum
324 1295 526 1333 principium,
543 1294 603 1324 nisi
618 1295 793 1324 secundum
814 1294 954 1324 divinam

185 1353 333 1380 naturam
357 1359 364 1379 z
384 1359 462 1388 ergo
477 1352 522 1379 est
535 1352 629 1388 caput
647 1349 822 1379 secundum
839 1349 923 1379 illam
947 1359 953 1378 :

185 1413 272 1441 ergo,
291 1403 317 1433 si
332 1405 426 1441 caput
440 1402 513 1432 dicit
533 1402 607 1440 quid
627 1402 815 1437 increatum,
830 1402 956 1432 videtur

184 1456 328 1486 similiter
341 1456 424 1495 quod
439 1455 543 1494 gratia
557 1455 666 1494 capitis
680 1455 758 1494 quid
777 1455 955 1485 increatum

184 1509 223 1539 sit
237 1509 410 1540 secundum
428 1517 518 1539 suam
536 1509 715 1538 essentiam.

224 1564 253 1591 4.
278 1562 371 1599 ltem,
394 1564 488 1601 caput
508 1563 553 1591 est
580 1562 675 1591 simul
699 1569 773 1591 cum
793 1560 954 1598 membris,

186 1615 233 1644 vel
254 1615 407 1645 antecedit
426 1615 569 1645 membra
589 1625 595 1645 t
617 1623 695 1653 ergo
720 1614 824 1653 gratia
845 1614 956 1653 capitis

185 1668 319 1705 gratiam
336 1667 555 1698 membrorum
573 1668 624 1697 vel
638 1667 798 1706 praecedit,
815 1667 865 1697 vel
881 1676 956 1697 con-

185 1721 352 1751 comitatur
366 1731 374 1751 :
391 1721 443 1751 sed
459 1721 562 1759 gratia
578 1721 690 1751 Christi
701 1723 805 1750 creata
820 1729 884 1750 11011
899 1729 955 1749 an-

186 1774 305 1803 tecessit
326 1774 461 1812 gratiam
477 1773 712 1809 membrorum;
734 1774 848 1802 natura
869 1772 955 1802 enim

185 1826 327 1857 humana
350 1827 383 1856 in
408 1826 530 1856 Christo
556 1835 618 1856 non
652 1826 741 1864 prius
763 1825 833 1862 fuit,
859 1833 956 1864 quam

186 1882 265 1909 esset
281 1879 313 1908 in
328 1879 436 1909 multis
449 1879 576 1916 sanctis,
592 1879 646 1908 sed
662 1879 757 1917 longe
767 1880 836 1917 post
853 1887 860 1908 ε
878 1886 956 1916 ergo

186 1931 288 1969 gratia
303 1931 413 1970 capitis
433 1941 497 1961 non
512 1933 612 1970 potest
633 1940 699 1961 esse
716 1931 821 1969 gratia
840 1933 954 1961 creata.

451 2027 677 2059 CONCLUSIO.

188 2099 283 2125 Gratia
297 2101 411 2133 capitis,
433 2108 491 2133 quoe
504 2100 560 2131 fuit
580 2101 608 2125 in
629 2100 747 2131 Christo,
770 2101 876 2126 ratione
894 2106 956 2125 con-

222 2144 372 2175 formitatis
392 2146 508 2174 παίωνα»,
529 2146 554 2169 et
569 2146 686 2177 instemus
704 2151 754 2178 per
767 2144 871 2170 modum
884 2151 956 2177 proe-

219 2188 346 2220 parantis
361 2190 408 2213 ant
424 2189 560 2220 merentis,
581 2188 647 2221 quid
665 2190 781 2214 creatum
803 2188 884 2219 dicim
911 2189 956 2213 in-

222 2233 337 2257 creatum
353 2238 413 2257 vero
437 2233 541 2257 mesonc
558 2233 693 2266 principii
699 2253 707 2266 ‚
729 2234 753 2258 et
773 2233 890 2265 infimus
908 2238 958 2265 per

220 2275 325 2301 modum
341 2276 538 2309 impartientes,
555 2283 597 2301 sen
612 2277 757 2308 efficientis.

228 2353 318 2392 Resp.
333 2353 371 2383 ad
387 2363 456 2391 arg.
472 2354 520 2383 Ad
540 2354 762 2392 praedictorum
778 2353 957 2392 intelligen-

189 2407 264 2436 tiam
279 2410 324 2437 est
343 2406 529 2442 notandum,
546 2407 630 2445 quod
645 2409 740 2445 caput
758 2407 791 2436 in
806 2406 958 2445 spiritua-

190 2459 270 2489 libus
292 2459 523 2498 transumptive
544 2459 658 2489 dicitur
678 2468 697 2488 a
718 2459 817 2498 capite
836 2459 868 2488 in
889 2466 957 2488 cor-

189 2513 349 2550 poralibus
387 2523 394 2542 ε
425 2521 536 2542 omnes
577 2514 683 2541 autem
715 2511 956 2548 transferentes,

189 2564 363 2594 seeundum
393 2564 531 2603 aliquam
559 2563 800 2594 similitudinem
823 2563 958 2593 transfe-

223 2628 256 2654 (u,
267 2626 334 2649 Edu.
353 2626 408 2649 Vera.
424 2632 502 2649 uuum
517 2627 631 2649 creatum
649 2632 709 2648 uno.

729 170 1037 202 SENTENTlARUM
1060 171 1134 202 LIB.
1159 172 1212 202 111.

1007 240 1083 267 runt
1099 249 1105 268 :
1126 240 1156 268 et
1176 238 1246 267 ideo
1266 239 1361 276 caput
1378 238 1410 268 in
1431 238 1647 277 spiritualibus
1666 239 1780 270 dicitur

1006 291 1181 321 secundum
1197 291 1471 321 concomitantiam
1486 292 1524 322 ad
1540 293 1680 332 aliquam
1702 302 1778 332 pro-

1006 344 1169 382 prietatem
1185 344 1295 383 capitis
1309 344 1488 374 materialis.
1506 345 1541 375 In
1556 346 1655 385 capite
1670 348 1775 376 autem
1792 344 1898 402 ῗὲθῖζῗὲ

1006 396 1160 425 materiali
1177 396 1247 426 haec
1262 396 1322 426 tria
1337 396 1551 435 reperiuntur,
1566 398 1681 429 scilicet
1693 398 1777 438 quod
1793 406 1897 427 materiali

1006 452 1051 478 est
1080 450 1232 480 membris
1260 450 1422 480 conforme
1437 474 1444 488 ,
1481 453 1528 481 est
1561 453 1778 483 membrorum

1007 502 1218 542 principium,
1248 505 1294 533 est
1325 503 1421 533 etiam
1450 503 1644 535 influxivum
1669 514 1780 535 sensus

1007 557 1036 584 et
1052 557 1156 585 motus
1170 566 1176 585 ι
1193 557 1223 585 et
1239 557 1405 594 propterea
1419 556 1451 585 in
1462 556 1562 596 capite
1577 557 1780 596 reperiuntur

1007 617 1116 638 omnes
1145 618 1256 639 sensus
1282 609 1457 648 perfectiori
1486 610 1594 646 modo,
1622 619 1719 649 quam
1746 610 1781 641 in

1007 660 1075 690 aliis
1086 661 1248 691 memhris.
1261 661 1376 692 Omnes
1387 664 1495 693 autem
1508 662 1565 692 has
1576 662 1782 702 proprietates

1008 715 1053 743 est
1070 713 1101 743 in
1116 713 1237 744 Christo
1252 715 1390 753 reperire
1403 718 1547 755 respectu
1558 716 1726 746 honorum.
1744 714 1783 745 Et

1009 766 1077 796 ideo
1087 767 1178 797 valde
1194 768 1422 798 rationabiliter
1434 771 1541 799 sancta
1552 768 1716 808 Scriptura
1730 767 1782 798 di-

1008 818 1059 855 cit,
1072 818 1230 849 Christum
1242 829 1307 850 esse
1320 823 1417 859 caput
1432 821 1591 855 Ecclesioe,
1604 820 1664 851 Sed
1678 820 1783 860 prima

1009 872 1194 910 proprietas,
1210 873 1326 903 scilicet
1340 874 1554 911 conformitas,
1581 873 1728 913 competit
1753 873 1781 903 ei

1009 924 1131 954 ratione
1145 925 1296 956 humanae
1310 927 1445 957 naturae.
1463 925 1551 956 Unde
1568 925 1781 964 Augustinus,

1009 984 1104 1015 super
1117 978 1284 1009 Joannem¹
1295 989 1307 1009 .·
1326 989 1339 1006 a
1354 977 1454 1008 Unius
1469 980 1592 1009 naturae
1607 979 1683 1009 sunt
1697 977 1781 1015 vitis,

1009 1032 1040 1059 et
1056 1030 1210 1069 palmites.
1228 1030 1359 1070 Propter
1372 1031 1458 1070 quod
1470 1055 1478 1068 ,
1503 1040 1577 1061 cum
1592 1031 1674 1061 Deus
1690 1032 1781 1068 esset,

1010 1084 1059 1122 cuj
1066 1093 1102 1113 us
1116 1086 1239 1114 naturae
1257 1093 1321 1114 non
1337 1093 1465 1123 sumus,
1486 1084 1588 1115 factus
1606 1086 1652 1114 est
1673 1084 1782 1120 homo,

1010 1139 1046 1167 ut
1059 1137 1091 1166 in
1105 1138 1158 1168 illo
1175 1140 1254 1168 esset
1264 1138 1339 1168 vitis
1354 1138 1496 1168 humana
1510 1139 1635 1175 natura,
1648 1138 1740 1176 cujus
1753 1137 1784 1167 et

1010 1198 1068 1219 nos
1082 1190 1228 1220 homines
1244 1191 1388 1229 palmites
1399 1199 1464 1221 esse
1478 1198 1653 1230 possemus.
1670 1200 1684 1217 1)
1705 1188 1782 1220 0111-

1010 1242 1086 1271 nino
1102 1242 1187 1272 enim
1206 1243 1289 1273 idem
1305 1246 1350 1273 est
1366 1244 1403 1273 de
1419 1243 1528 1283 capite,
1553 1243 1638 1280 quod
1663 1242 1702 1272 de
1720 1241 1784 1273 vite

1010 1295 1261 1333 intelligendum.
1287 1296 1432 1326 Secunda
1463 1297 1571 1326 autem
1596 1295 1782 1335 proprietas,

1011 1347 1127 1378 scilicet
1140 1349 1361 1387 principiandi,
1376 1348 1525 1388 competit
1535 1348 1655 1378 ratione
1666 1347 1784 1379 divinae

1011 1402 1145 1439 naturae,
1159 1402 1333 1432 secundum
1346 1402 1431 1441 quod
1447 1403 1494 1431 est
1507 1401 1653 1432 omnium
1670 1400 1786 1440 princi-

1010 1453 1112 1492 pium.
1138 1453 1226 1484 Unde
1249 1458 1259 1473 ²
1276 1464 1283 1485 :
1304 1455 1374 1494 Ipse
1397 1457 1493 1494 caput
1514 1455 1654 1494 corporis
1675 1453 1784 1485 Eccle-

1009 1507 1077 1544 εἶα),
1091 1508 1149 1546 qui
1163 1510 1208 1538 est
1220 1509 1432 1546 principium,
1449 1510 1527 1545 etc.;
1544 1508 1651 1538 Glossa
1667 1517 1674 1538 ε
1693 1518 1708 1536 «
1722 1506 1783 1544 Qui

1011 1561 1057 1589 est
1070 1560 1263 1599 principium
1278 1561 1454 1591 secundum
1468 1561 1678 1599 divinitatem,
1695 1561 1727 1592 id
1739 1561 1786 1591 est

1010 1613 1159 1643 fundator
1172 1613 1317 1644 Ecclesiae
1330 1625 1337 1645 ε
1352 1614 1427 1653 quia
1441 1623 1552 1644 omnes
1564 1614 1655 1653 Justi‚
1672 1613 1729 1653 qui
1744 1613 1783 1644 ab

1010 1665 1088 1695 Abel
1101 1674 1201 1704 usque
1215 1666 1253 1695 ad
1268 1666 1419 1696 ultimum
1433 1667 1557 1705 justum
1574 1667 1781 1705 generantur,

1011 1717 1127 1747 virtute
1160 1718 1332 1748 divinitatis
1367 1719 1601 1749 illuminantur.
1633 1729 1647 1747 n
1680 1718 1784 1749 Tertia

1011 1779 1087 1800 vero
1102 1771 1288 1810 proprietas,
1305 1771 1422 1801 scilicet
1439 1771 1592 1802 inssuendi
1614 1774 1738 1802 motum
1753 1773 1785 1802 et

1011 1832 1152 1861 sensum,
1177 1824 1326 1863 competit
1349 1824 1377 1853 ei
1400 1824 1522 1855 ratione
1554 1824 1727 1856 divinitatis
1754 1827 1784 1856 et

1011 1876 1228 1906 humanitatis.
1254 1875 1424 1916 Dupliciter
1443 1877 1527 1907 enim
1549 1877 1698 1909 convenit
1712 1886 1783 1908 sen-

1011 1937 1083 1958 sum
1105 1930 1136 1959 et
1159 1931 1282 1959 motum
1311 1929 1425 1968 gratiae
1450 1929 1584 1960 influere
1611 1941 1618 1961 ε
1645 1932 1701 1961 aut
1728 1939 1785 1970 per

1012 1982 1143 2012 modum
1159 1983 1378 2022 praeparantis,
1404 1985 1460 2013 aut
1482 1992 1538 2022 per
1560 1983 1692 2014 modum
1719 1983 1783 2014 im-

1011 2036 1184 2075 partientis.
1209 2035 1243 2066 Si
1269 2045 1324 2075 per
1341 2036 1473 2067 modum
1496 2036 1715 2076 praeparantis,
1739 2036 1785 2066 510

1012 2091 1057 2118 est
1070 2089 1169 2128 ipsius
1192 2089 1305 2120 Christi
1330 2089 1451 2119 ratione
1472 2088 1624 2120 humanae
1649 2091 1783 2126 naturae,

1012 2141 1045 2170 in
1058 2150 1121 2180 qua
1136 2150 1245 2181 passus
1257 2143 1303 2171 est
1316 2144 1445 2181 propter
1457 2150 1526 2179 1105,
1540 2143 1569 2172 et
1580 2141 1727 2181 patiendo
1738 2150 1786 2172 sa-

1012 2194 1135 2230 tisfecit,
1160 2196 1190 2224 et
1209 2194 1345 2224 removit
1367 2194 1561 2231 inimicitias,
1578 2197 1609 2224 et
1630 2193 1786 2234 disposuit

1012 2246 1051 2276 ad
1068 2246 1299 2285 suscipiendam
1315 2246 1454 2285 gratiam
1472 2246 1655 2286 perfectam.
1679 2245 1711 2276 Si
1728 2254 1786 2285 per

1014 2299 1144 2330 modum
1160 2299 1369 2338 impartientis
1393 2301 1423 2329 et
1448 2299 1636 2330 conferentis
1643 2321 1653 2336 ,
1676 2298 1720 2329 sic
1739 2300 1786 2329 est

1013 2352 1113 2391 ipsius
1132 2351 1245 2381 Christi
1268 2351 1389 2381 ratione
1413 2351 1530 2382 divinae
1552 2352 1687 2388 naturae,
1709 2350 1785 2390 quia

1013 2405 1099 2435 solus
1127 2404 1208 2434 Deus
1232 2405 1278 2434 est
1302 2404 1356 2443 qui
1380 2403 1541 2434 illuminat
1559 2403 1625 2443 pias
1648 2406 1781 2442 mentes,

1013 2458 1098 2488 solus
1113 2459 1159 2487 est
1173 2456 1228 2496 qui
1248 2457 1384 2496 baptizat
1406 2456 1549 2494 interius,
1565 2464 1623 2495 pro
1645 2465 1682 2487 eo
1697 2457 1783 2496 quod

1014 2520 1104 2540 mens
1118 2512 1225 2540 nostra
1238 2509 1420 2539 immediate
1434 2509 1473 2538 ab
1488 2509 1556 2548 ipsa
1571 2509 1702 2540 veritate
1716 2510 1783 2540 for-

1014 2566 1131 2601 matur,
1146 2562 1227 2593 sicut
1248 2570 1332 2601 saepe
1354 2561 1427 2592 dicit
1447 2561 1670 2600 Augustinus:
1695 2563 1727 2593 et
1739 2562 1784 2592 ita

1045 2626 1134 2655 1Αι1ς.,
1149 2624 1175 2647 in
1189 2624 1272 2652 Joan„
1284 2624 1436 2648 traet.1.xxx
1448 2641 1456 2653 ,
1468 2629 1494 2647 n.
1512 2625 1533 2646 1.
1545 2624 1587 2641 -Ξ
1598 2623 1701 2654 Coloss.,
1711 2629 1730 2654 1,
1744 2624 1780 2662 18¹
