2017 2960
624 210 722 242 DIST.
745 209 865 242 XXVII.
889 209 979 243 ART.
1003 211 1027 245 l.
1051 211 1200 250 QUAEST.
1226 211 1277 243 IV.

31 283 137 310 opimos,
154 277 184 307 in
200 277 389 317 praeeedenti
410 277 604 317 problemate.
619 278 679 308 fuit
700 280 872 308 ostensum.
888 278 925 309 Et

153 331 221 361 ideo
236 334 283 362 est
296 331 398 361 adhuc
413 331 525 361 tertius
541 331 655 362 modus
667 331 818 362 reddendi
835 331 926 362 ratio-

152 392 243 416 nem,
260 392 360 422 quare
375 384 511 414 charitas
533 394 597 414 non
619 386 720 424 potest
740 394 805 415 esse
827 384 926 415 infor-

152 436 228 472 mis,
246 436 328 467 sicut
343 436 413 467 aliae
426 437 559 468 virtutes
576 447 583 468 :
601 437 662 468 hoc
676 438 762 467 enim
778 439 835 474 est,
851 438 927 477 quia

152 489 288 520 charitas
309 499 374 521 non
397 491 501 522 solum
525 491 557 521 in
582 492 739 530 quantum
766 491 925 530 gratuita,

152 543 206 574 sed
225 543 319 574 etiam
343 544 376 574 in
399 546 556 584 quantum
580 544 705 576 affectio
728 547 833 582 recta,
860 545 927 576 sive

153 599 310 636 quantum
325 597 363 628 ad
378 597 525 628 habitum
542 597 752 635 substratum,
767 598 928 637 repugnat

153 650 240 680 omni
258 653 402 689 peccato,
419 651 500 681 sicut
518 650 597 681 fides
611 651 788 690 specialiter
806 659 927 690 repug-

153 703 209 730 nat
231 704 358 740 peccato
384 701 443 732 sibi
467 702 623 741 opposito.
648 700 735 732 Unde
754 701 837 731 sicut
850 700 929 731 fides

154 757 338 797 simpliciter
360 758 481 788 tollitur
501 767 558 797 per
579 766 720 788 errorem
746 760 777 788 et
792 757 929 788 infideli-

155 812 250 842 tatem
261 834 269 850 ,
286 814 316 841 et
331 821 401 851 spes
416 820 471 851 per
486 811 738 851 desperationem
752 835 760 849 ‚
780 811 824 842 ita
844 811 927 851 quod

154 876 219 897 non
236 869 379 897 remanet
399 867 535 907 qualitas
546 890 553 904 ,
572 876 631 897 1100
644 867 748 897 virtus
762 866 907 897 informis
920 877 927 903 ;

154 919 198 949 sic
221 918 351 949 habitus
375 918 538 949 charitatis
561 928 618 958 per
642 927 773 950 omnem
802 918 930 958 culpam

154 975 250 1006 habet
270 975 356 1013 tolli,
383 977 414 1006 et
434 975 506 1006 idea
527 983 695 1014 nunquam
714 975 859 1004 remanet
881 974 931 1003 in-

155 1028 276 1059 formis.
295 1028 384 1065 Quod
406 1031 513 1059 autem
538 1036 633 1059 omne
648 1030 812 1067 peccatum
831 1036 932 1067 oppo-

155 1082 304 1113 sitionem
325 1083 440 1113 haheat
461 1092 534 1113 cum
549 1081 720 1119 charitate,
737 1082 859 1112 ratione
874 1082 931 1112 ha-

155 1135 241 1166 bitus
257 1135 405 1166 substrati
422 1135 626 1166 manifestum
649 1137 696 1165 est
713 1146 719 1165 z
744 1135 824 1165 sicut
845 1134 932 1165 enim

156 1188 285 1219 habitus
299 1189 400 1229 ipsius
415 1189 488 1219 fidei
505 1189 649 1219 habilitat
662 1188 803 1219 animam
820 1188 859 1218 ad
869 1197 933 1218 cre-

155 1243 296 1274 dendum
318 1244 427 1274 onmia
451 1244 625 1280 credenda,
642 1246 673 1274 et
695 1244 734 1274 ad
756 1243 931 1274 assentien-

158 1295 235 1326 dum
250 1296 363 1336 primae
380 1297 506 1327 veritati
521 1298 650 1337 propter
665 1305 698 1326 se
713 1298 743 1327 et
758 1305 853 1336 super
868 1304 934 1326 om-

157 1350 231 1388 nia;
249 1350 292 1380 sic
308 1350 405 1381 etiam
421 1350 564 1380 habilitat
578 1350 706 1380 habitus
721 1348 882 1380 charitatis
895 1348 934 1379 ad

158 1403 334 1434 amandum
357 1403 466 1434 omnia
487 1403 640 1440 amanda,
658 1404 688 1433 et
702 1402 935 1434 adhaerendum

159 1457 272 1496 primae
286 1457 419 1487 bonitati
442 1458 571 1496 propter
593 1465 626 1486 se
640 1457 671 1486 et
684 1465 780 1496 super
802 1455 910 1486 omnia
927 1466 933 1485 :

159 1513 190 1542 et
204 1510 290 1548 ideo,
307 1510 388 1541 sicut
402 1519 491 1541 error
507 1510 589 1540 circa
605 1518 844 1549 quemcumque
859 1509 936 1539 arti-

159 1565 269 1595 culum
279 1564 512 1604 oppositionem
523 1563 618 1593 habet
634 1572 710 1593 cum
724 1563 797 1593 fidei
811 1563 934 1600 habitu,

159 1618 203 1648 sic
223 1627 313 1648 amor
328 1617 517 1648 libidinosus
535 1617 617 1647 circa
641 1626 688 1653 ea,
705 1625 779 1656 quae
801 1616 937 1647 amanda

160 1674 253 1709 sunt,
271 1670 503 1711 oppositionem
526 1670 621 1701 habet
647 1679 722 1700 cum
742 1670 809 1709 ipsa
831 1669 935 1700 chari-

159 1726 222 1755 tate
235 1724 357 1755 ratione
371 1724 499 1755 habitus
514 1724 662 1754 substrati
677 1723 763 1753 boni.
779 1722 937 1760 Quoniam

96 1799 101 1802 -
160 1787 238 1817 ergo
252 1786 346 1808 omne
361 1779 525 1817 peccatum
542 1776 684 1807 consistit
698 1776 733 1806 111
753 1775 938 1807 deordinata

160 1831 327 1862 dilectione
342 1831 435 1871 alicuj
443 1840 478 1861 us
487 1830 563 1861 110111
579 1830 687 1867 creati,
698 1831 729 1860 et
747 1829 781 1859 in
796 1829 935 1869 quadam

159 1885 302 1923 libidine,
317 1893 392 1924 quae
404 1884 637 1924 oppositionem
651 1883 748 1914 habet
762 1892 836 1913 cum
852 1884 938 1913 recto

161 1946 288 1976 amore,
312 1937 393 1968 sicut
414 1946 502 1968 error
527 1946 600 1967 cum
630 1945 707 1967 vera
735 1935 934 1973 credulitate;

161 1993 238 2024 hinc
259 1994 305 2023 est
332 1992 418 2032 quod
440 1999 534 2022 omne
562 1992 728 2030 peccatum
756 1989 939 2028 simpliciter

162 2046 302 2078 excludit
318 2045 515 2076 charitatem.
533 2043 571 2074 Et
591 2044 677 2081 ideo,
693 2042 775 2073 sicut
788 2042 866 2073 fides
886 2041 938 2071 in-

161 2101 274 2133 formis
291 2110 358 2132 non
381 2102 484 2141 potest
505 2098 639 2139 reperiri
660 2099 693 2129 in
708 2097 889 2128 infidelibus
909 2098 940 2127 et

162 2155 338 2192 haereticis;
363 2154 406 2185 sic
428 2153 565 2184 charitas
587 2151 731 2182 informis
752 2159 817 2181 non
838 2151 940 2190 potest

162 2209 295 2249 reperiri
318 2209 352 2239 in
375 2207 538 2247 aliquibus
565 2206 642 2237 viris
670 2204 888 2245 peccatoribus
909 2205 939 2233 et

163 2263 283 2303 iniquis
300 2274 306 2293 :
323 2264 354 2293 et
368 2262 402 2292 111
417 2261 491 2292 50115
505 2261 566 2291 11115
580 2259 677 2290 habet
690 2257 823 2298 reperiri
835 2257 939 2287 virtus

161 2316 307 2347 informis
320 2327 326 2346 :
342 2315 416 2346 hinc
429 2317 476 2345 est
489 2313 575 2354 quod
590 2312 726 2343 charitas
739 2311 829 2342 nullo
845 2310 940 2341 modo

164 2373 264 2412 potest
285 2380 352 2402 esse
375 2369 538 2407 informis,
556 2367 632 2408 quia
654 2366 831 2398 secundum
847 2375 879 2396 se
892 2368 941 2396 to-

163 2427 230 2456 tam
245 2425 417 2465 opponitur
431 2423 533 2463 culpae
548 2421 756 2461 generaliter:
773 2419 858 2460 quod
874 2429 940 2450 non

163 2481 210 2509 est
226 2478 359 2518 reperiri
379 2478 411 2508 in
434 2477 541 2516 aliqua
561 2475 623 2506 alia
643 2475 772 2506 virtute.
795 2473 834 2504 Et
856 2472 882 2503 si
904 2475 940 2503 111

163 2541 290 2572 quaeras
309 2531 465 2562 rationem
489 2530 608 2570 hujuS,
625 2527 829 2567 Augustinus
849 2527 940 2558 docet

163 2586 197 2617 in
210 2586 293 2616 libro
310 2584 378 2616 XIV
391 2585 436 2616 De
452 2584 590 2616 civitate
606 2583 665 2614 Dei
675 2605 684 2619 ,
700 2583 731 2612 et
745 2581 836 2619 dicit,
853 2579 938 2620 quod

163 2639 269 2671 omnis
293 2637 417 2669 affectio
439 2636 541 2668 oritur
561 2645 603 2667 ex
623 2644 733 2666 amore
749 2645 756 2666 ε
772 2634 844 2665 11100
858 2633 939 2664 1111111

195 2702 228 2731 (τι)
241 2701 309 2726 Edit.
329 2700 386 2724 Ven-
400 2701 473 2728 1753,
487 2698 573 2722 habet.

1693 217 1747 246 611

982 283 1084 320 potest
1098 280 1263 320 obliquare
1284 279 1405 318 aliquas
1419 279 1599 310 affectiones
1614 281 1732 312 animae
1742 306 1750 320 ‚

981 335 1059 374 quin
1080 334 1186 374 aliquo
1202 333 1311 371 modo,
1329 333 1379 364 vel
1394 333 1629 373 principaliter,
1647 335 1698 365 vel
1713 345 1753 366 ex

981 387 1186 427 consequenti
1203 410 1211 423 ‚
1236 386 1418 426 oppositum
1439 387 1478 417 sit
1499 387 1558 426 ipsi
1584 388 1704 424 amori,
1725 391 1755 418 et

981 440 1105 471 habitui
1129 440 1280 471 affectum
1302 439 1392 470 illum
1416 440 1611 472 rectificanti.
1638 441 1753 472 Conce-

982 493 1093 524 dendae
1114 496 1189 524 sunt
1205 503 1283 532 ergo
1305 494 1460 531 rationes,
1475 503 1547 534 quae
1567 494 1628 525 1100
1647 497 1757 526 osten-

982 546 1073 584 dunt,
1083 547 1167 586 quod
1179 547 1313 577 charitas
1326 555 1390 577 non
1404 550 1505 586 potest
1519 557 1585 578 esse
1599 547 1754 578 informis.

1024 603 1052 631 1.
1076 600 1123 630 Ad
1146 600 1224 630 illud
1248 609 1324 631 vero
1349 601 1434 640 quod
1459 601 1563 640 primo
1587 601 1756 640 objicitur,

983 654 1068 693 quod
1092 654 1124 684 in
1144 655 1306 693 peccatore
1322 656 1465 684 remanet
1484 654 1652 685 credulitas
1666 657 1697 685 et
1710 654 1759 685 di-

984 706 1073 737 lectio
1089 716 1167 746 erga
1182 707 1281 738 Deum
1294 731 1301 743 ‚
1318 707 1488 738 dicendum
1503 707 1587 747 quod
1609 708 1759 747 quamvis

984 762 1118 800 utraque
1133 762 1296 791 remaneat
1307 784 1314 798 ,
1333 770 1398 791 non
1412 763 1520 791 tamen
1544 761 1756 799 uniformiter,

985 814 1059 853 quia
1075 814 1241 845 credulitas
1262 814 1358 845 habet
1374 814 1530 845 rationem
1548 814 1692 850 virtutis,
1709 814 1759 844 di-

985 868 1077 898 lectio
1091 877 1167 899 vero
1188 877 1264 898 non.
1283 868 1319 899 Et
1338 868 1419 898 ratio
1434 868 1531 907 huius
1547 870 1608 906 est,
1632 868 1708 907 quia
1722 867 1761 898 ad

986 923 1045 953 hoc
1060 922 1143 962 quod
1159 922 1275 962 aliquis
1290 922 1418 952 1131111115
1436 922 1585 952 sortiatur
1599 930 1717 952 nomen
1732 923 1763 952 et

986 976 1143 1006 rationem
1172 975 1300 1005 virtutis
1311 999 1318 1013 ,
1348 984 1476 1005 necesse
1504 977 1550 1006 est
1583 975 1669 1014 quod
1702 974 1764 1005 ha-

987 1030 1058 1060 beat
1075 1029 1113 1068 (a)
1134 1029 1274 1069 aliquam
1301 1029 1536 1068 perfectionem,
1562 1031 1592 1059 et
1617 1029 1764 1067 vigorem

987 1083 1159 1122 quemdam
1174 1085 1319 1123 respectu
1334 1084 1422 1112 actus
1438 1084 1467 1113 et
1483 1082 1596 1122 objecti
1611 1093 1617 1111 :
1637 1081 1697 1112 1100
1712 1090 1766 1112 au-

987 1138 1052 1167 tem
1066 1136 1161 1167 habet
1176 1136 1343 1166 credulitas
1355 1136 1388 1166 in
1402 1145 1479 1166 vero
1494 1137 1667 1175 peccatore.
1684 1134 1764 1165 Nam

988 1191 1053 1230 ipse
1068 1192 1212 1230 peccator
1225 1190 1355 1220 assentit
1369 1190 1482 1229 primae
1497 1189 1623 1220 veritati
1638 1190 1766 1228 propter

988 1253 1020 1274 se
1036 1246 1066 1274 et
1081 1253 1176 1283 super
1186 1243 1308 1280 omnia3
1324 1245 1354 1273 et
1365 1243 1462 1273 credit
1475 1242 1583 1273 omnia
1597 1241 1764 1279 credenda,

989 1298 1166 1329 secundum
1191 1296 1274 1336 quod
1296 1295 1451 1326 credenda
1471 1297 1555 1326 sunt.
1575 1294 1689 1325 Nullus
1708 1303 1764 1325 311-

989 1354 1053 1383 10111
1079 1353 1220 1392 peccator
1235 1352 1298 1389 est,
1316 1350 1370 1390 qui
1390 1350 1494 1390 diligit
1514 1350 1615 1380 Deum
1639 1350 1766 1389 propter

990 1415 1023 1436 se
1039 1408 1069 1435 et
1083 1414 1179 1445 super
1194 1404 1319 1441 omnia,
1336 1406 1367 1434 et.
1382 1404 1437 1443 qui
1452 1403 1556 1442 diligit
1571 1403 1679 1433 omnia
1692 1402 1767 1433 dili-

991 1459 1096 1499 genda
1117 1458 1291 1489 secundnm
1313 1457 1398 1498 quod
1420 1457 1583 1496 diligenda
1607 1458 1682 1487 sunt
1706 1466 1713 1486 ε
1739 1458 1770 1486 et

991 1512 1061 1543 ideo
1075 1512 1199 1542 dilectio
1214 1511 1283 1549 illa,
1300 1519 1372 1550 quae
1394 1512 1442 1541 est
1456 1511 1488 1541 in
1505 1511 1678 1550 peccatore,
1704 1517 1769 1538 non

992 1566 1034 1595 ita
1049 1565 1142 1596 habet
1158 1564 1314 1595 rationem
1330 1564 1474 1602 virtutis,
1491 1572 1550 1594 nec
1564 1562 1696 1593 sortitur
1710 1570 1767 1592 no-

992 1628 1066 1649 men
1075 1618 1246 1656 charitatis,
1256 1618 1432 1648 secundum
1442 1617 1526 1657 quod
1540 1616 1707 1647 credulitas
1718 1615 1772 1645 ha-

992 1673 1045 1703 bet
1057 1673 1213 1703 rationem
1225 1672 1366 1708 virtutis,
1375 1673 1406 1701 et
1417 1680 1534 1701 nornen
1544 1669 1617 1701 fidei
1628 1668 1769 1699 sortitur.

1033 1729 1063 1757 2.
1080 1725 1128 1756 Ad
1143 1725 1221 1756 illud
1237 1724 1321 1765 quod
1336 1724 1495 1764 objicitur,
1513 1723 1600 1763 quod
1615 1722 1773 1761 contingit

994 1779 1127 1819 diligere
1146 1779 1336 1816 informiter,
1354 1777 1524 1808 dicendum
1549 1776 1634 1816 quod
1657 1784 1772 1806 verum

994 1835 1040 1863 est
1063 1842 1070 1862 :
1093 1833 1148 1863 sed
1174 1832 1255 1862 sicut
1280 1831 1407 1862 credere
1434 1830 1574 1870 aliquem
1602 1828 1771 1859 articulum

994 1886 1183 1922 informiter,
1206 1885 1334 1925 quando
1359 1884 1412 1914 alii
1438 1883 1562 1914 articuli
1587 1881 1773 1913 discredun-

994 1942 1058 1976 tur,
1079 1939 1254 1970 secundum
1269 1938 1355 1978 quod
1371 1937 1491 1968 faciunt
1505 1935 1604 1976 aliqui
1618 1934 1770 1971 haeretici,

994 2003 1059 2023 non
1082 1995 1128 2023 est
1153 1994 1243 2023 actus
1265 1991 1394 2022 virtutis
1413 1989 1571 2027 inthrmis,
1597 1988 1673 2028 quia
1696 1987 1774 2018 fides

994 2055 1060 2076 non
1075 2048 1122 2076 est
1142 2046 1175 2075 in
1198 2045 1242 2075 eis
1259 2045 1383 2082 virtus;
1399 2044 1444 2074 sic
1468 2043 1602 2082 diligere
1622 2042 1723 2073 Deum
1739 2041 1772 2072 in

995 2101 1157 2139 peccatore
1173 2107 1238 2128 non
1253 2100 1298 2128 est
1313 2100 1401 2128 actus
1414 2097 1543 2128 virtutis
1558 2107 1565 2134 3
1584 2096 1670 2126 deest
1687 2094 1772 2125 enim

995 2153 1039 2182 ibi
1062 2152 1211 2192 perfectio
1237 2151 1373 2189 virtutis,
1395 2151 1471 2190 quia
1494 2150 1564 2180 talis
1584 2158 1649 2179 non
1668 2148 1774 2186 diligit

995 2205 1103 2236 omnia
1118 2205 1288 2244 diligenda.
1307 2204 1397 2235 Deest
1412 2204 1509 2234 etiam
1522 2205 1552 2234 et
1565 2203 1661 2241 vigor
1671 2226 1679 2239 ,
1697 2201 1774 2241 quia

995 2268 1052 2299 per
1074 2259 1166 2289 illum
1186 2260 1294 2289 actum
1310 2266 1375 2288 non
1400 2258 1528 2297 superat
1552 2265 1611 2286 nec
1634 2254 1774 2285 excludit

995 2321 1138 2343 amorem
1159 2311 1364 2342 libidinosum
1387 2310 1447 2341 sibi
1468 2309 1668 2350 oppositum3
1690 2307 1773 2338 sicut

996 2368 1042 2397 est
1059 2366 1097 2396 de
1111 2365 1177 2402 illo,
1193 2364 1250 2404 qui
1265 2364 1363 2395 credit
1383 2373 1487 2395 unum
1510 2362 1680 2393 articulum
1705 2360 1772 2390 sine

996 2418 1068 2457 alio,
1085 2420 1141 2458 qui
1156 2427 1212 2458 per
1226 2418 1314 2449 illam
1330 2417 1547 2448 credulitatem
1562 2424 1621 2446 nec
1637 2413 1772 2454 perfecte

996 2472 1104 2508 credit,
1122 2471 1196 2511 quia
1209 2480 1273 2502 non
1291 2471 1399 2502 omnia
1418 2469 1533 2507 credit,
1549 2477 1607 2499 nec
1620 2467 1772 2506 vigorose

996 2526 1105 2563 credit,
1121 2526 1196 2566 quia
1210 2534 1350 2556 errorem
1365 2533 1430 2555 non
1447 2522 1618 2554 convincit.

1037 2581 1065 2610 3.
1091 2579 1140 2610 Ad
1163 2579 1242 2610 illud
1263 2577 1349 2618 quod
1371 2577 1531 2616 objicitur,
1548 2574 1634 2615 quod
1649 2583 1690 2606 ex
1708 2574 1772 2605 fide

995 2632 1124 2663 informi
1145 2632 1257 2663 debeat
1278 2630 1426 2670 generari
1444 2638 1535 2660 amor
1554 2627 1714 2665 informis,
1728 2627 1771 2657 si-

995 2688 1048 2717 cut
1062 2688 1092 2717 et
1106 2686 1213 2722 timor,
1231 2684 1401 2716 dicendum
1416 2682 1501 2722 quod
1517 2689 1581 2712 non
1595 2682 1642 2712 est
1656 2680 1772 2719 simile,
