2017 2960
643 181 741 213 DIST.
764 180 816 212 Xl.
840 179 931 211 ART.
956 179 979 210 l.
1004 177 1153 217 QUAEST.
1176 178 1228 210 111.

162 245 285 286 factiva,
299 246 493 287 dispositiva,
503 249 532 276 et
548 245 728 276 excitativa.
739 243 838 275 Omne
847 243 934 273 enim

161 302 246 342 quod
266 301 370 339 efficit,
387 299 436 331 vel
458 299 607 339 disponit,
624 299 674 329 vel
693 298 808 329 excitat
827 297 934 336 dispo-

163 358 300 392 nentem,
317 354 367 385 vel
382 354 582 391 efficientem,
599 354 706 393 aliquo
724 352 817 383 modo
833 352 933 392 pot-st

161 409 220 440 dici
235 409 367 446 efficere,
384 408 435 438 vel
450 418 591 438 causare.
617 408 649 438 Si
664 416 742 446 ergo
762 407 933 447 loquamur

160 462 198 492 de
219 470 313 492 causa
329 460 473 492 effectiva
488 461 627 501 proprie,
639 461 682 491 sic
698 459 933 500 praedestinatio

159 515 271 546 Christi
300 515 422 546 ratione
454 515 614 545 connotati
645 523 709 544 non
738 515 839 561 potest
867 521 934 543 esse

157 577 252 599 causa
264 570 372 599 nostra
391 568 560 608 :quoniam
573 568 704 599 effectus
721 569 837 598 nostrae
853 575 932 606 prae-

158 622 374 653 destinationis
385 632 403 653 a
414 622 480 653 solo
496 622 558 653 Deo
574 624 630 659 est,
646 624 801 661 tanquam
814 630 833 651 a
848 621 934 660 prin—

158 677 238 716 cipio
254 676 398 707 effectivo
418 678 426 693 ¹
445 688 452 707 z
477 677 617 716 qratiam
638 676 724 706 enim
746 679 773 707 et
797 675 933 715 gloriam

157 730 249 762 dabit
260 731 425 762 Dominus.
439 730 470 761 Si
484 739 558 761 vero
569 730 740 769 loquamur
754 729 932 759 secundum

157 783 234 814 alios
248 783 328 814 duos
342 783 463 822 modos,
479 783 595 814 scilicet
622 783 659 813 de
681 791 776 813 causa
803 781 933 821 disposi-

157 837 223 867 tiva
246 846 302 877 per
315 838 470 868 rationem
495 837 616 874 meriti,
642 839 672 867 et
686 837 855 867 excitativa
880 845 931 866 se-

157 891 299 921 cundum
321 890 494 921 efficaciam
518 890 672 930 exempli,
699 889 932 930 praedestinatio

157 943 270 974 Christi
293 946 451 984 quantum
475 944 514 974 ad
537 946 743 974 connotatum
767 945 813 974 est
838 952 933 973 causa

157 999 273 1028 nostrae
290 1007 297 1028 :
315 997 456 1027 Christus
482 997 568 1027 enim
591 1006 646 1037 per
673 1006 764 1027 suam
794 996 932 1035 gratiam

156 1052 274 1082 meruit
292 1052 384 1082 nobis
406 1052 544 1092 gratiam
568 1054 598 1082 et
623 1051 770 1090 gloriam.
792 1051 933 1081 Christus

156 1105 251 1136 etiam
265 1115 321 1145 per
335 1114 403 1136 suae
419 1106 532 1145 gratiae
551 1108 581 1136 et
594 1105 705 1145 gloriae
725 1104 932 1135 eminentiam

156 1159 355 1190 manifestam
370 1160 519 1190 excitavit
539 1169 597 1190 nos
620 1160 658 1190 ad
679 1158 874 1189 currendum
893 1158 932 1188 ad

155 1213 291 1252 patriam
318 1222 507 1252 supernam,
536 1213 575 1243 ad
603 1222 701 1252 quam
727 1211 932 1252 praeordinati

155 1274 267 1295 sumus
286 1265 463 1296 secundum
489 1265 675 1296 electionem
700 1267 864 1295 aeternam.
894 1264 933 1294 Et

154 1319 214 1349 1136
228 1320 281 1350 via
301 1319 477 1359 procedunt
495 1319 648 1356 rationes,
669 1327 742 1358 quae
761 1318 933 1348 ostendunt

156 1371 268 1403 Christi
294 1372 605 1412 praedestinationem
630 1374 746 1402 nostrae
768 1372 932 1411 praedesti-

155 1425 292 1456 nationis
314 1435 381 1456 esse
402 1434 553 1456 causam:
577 1427 607 1456 et
630 1426 699 1456 ideo
723 1425 931 1457 concedendae

155 1480 240 1509 sunt.

195 1539 224 1568 1.
240 1536 288 1568 Ad
302 1537 381 1569 illud
401 1538 487 1578 quod
510 1539 614 1578 primo
633 1538 784 1577 objicitur
808 1538 842 1567 in
857 1546 932 1568 con-

155 1590 302 1629 trarium,
333 1591 417 1630 quod
440 1591 673 1631 praedestinatio
689 1592 797 1620 nostra
817 1592 864 1620 est
887 1599 932 1620 33-

156 1647 256 1683 terna,
273 1653 365 1684 crgo,
380 1647 438 1675 etc.
451 1669 458 1683 ‚
475 1645 645 1675 dicendum
660 1644 745 1684 quod
757 1653 872 1675 verum
886 1646 932 1674 est

154 1698 276 1729 ratione
292 1698 477 1738 principalis
489 1699 673 1738 significati,
689 1708 754 1728 non
766 1701 871 1729 tamen
885 1708 933 1728 ra-

154 1752 239 1782 tione
257 1752 427 1783 connotati.
444 1752 483 1783 Et
501 1752 526 1782 si
551 1752 720 1792 objicIatur
735 1753 819 1792 quod
839 1752 932 1783 effec-

154 1806 206 1835 tus
240 1804 529 1844 praedestinationis
554 1805 737 1845 aliquorum
772 1805 931 1845 praecedat

155 1857 465 1897 praedestinationem
500 1858 613 1890 Christi
630 1883 638 1897 ,
673 1859 931 1899 respondendnm

155 1913 212 1948 est,
244 1912 325 1942 sicut
352 1912 385 1942 in
401 1912 590 1952 praecedenti
614 1912 820 1952 problemate,
846 1913 931 1953 quod

155 1964 212 1994 etsi
227 1965 383 2004 praecedat
407 1967 563 2004 quantum
586 1965 624 1996 ad
642 1966 788 1997 effectum
804 1967 929 2006 gratiae,

155 2026 219 2048 non
246 2020 353 2048 tamen
377 2021 534 2058 quantum
559 2019 598 2049 ad
630 2020 778 2050 effectum
805 2020 928 2059 gloriae.

156 2069 287 2108 Rursus,
312 2070 460 2109 quamvis
486 2071 642 2110 praecedat
670 2080 715 2108 re,
731 2080 797 2101 non
823 2073 930 2103 tamen

156 2125 269 2156 merito
283 2127 315 2156 et
329 2125 514 2156 credulitate
531 2137 537 2156 :
553 2126 704 2157 meritum
719 2127 804 2157 enim
818 2127 931 2158 Christi

155 2185 219 2206 non
244 2178 370 2207 tantum
386 2177 425 2207 311
451 2179 633 2217 praesentes
649 2178 701 2209 vel
716 2178 851 2217 futuros,
877 2179 930 2210 sed

154 2229 277 2260 ratione
299 2230 372 2260 fidei
393 2230 489 2260 etiam
504 2240 536 2261 se
556 2231 697 2262 extendit
720 2232 758 2262 ad
785 2233 931 2271 praeteri-

154 2285 202 2314 tos
217 2294 224 2313 2
250 2284 336 2323 quod
352 2284 466 2314 melius
481 2284 563 2314 infra
578 2285 589 2301 ⁸
603 2285 855 2317 manifestabitur
871 2295 930 2317 suo

154 2335 232 2367 1060.

194 2392 213 2420 2
239 2391 270 2421 et
297 2392 326 2421 3.
356 2391 404 2422 Ad
434 2391 511 2422 illud
539 2392 624 2432 quod
653 2392 813 2432 objicitur,
844 2394 929 2434 quod

156 2441 298 2474 Christus
314 2444 490 2475 secundum
503 2445 681 2476 humanam
696 2449 843 2478 naturam
865 2457 929 2478 non

157 2494 203 2523 est
217 2502 311 2525 631153
325 2496 437 2534 gratiae
453 2497 504 2528 vel
519 2497 643 2536 gloriae,
658 2497 827 2529 dicendum
843 2500 928 2539 quod

155 2544 214 2574 etsi
229 2553 296 2575 non
310 2547 355 2576 est
363 2555 458 2577 causa
471 2547 626 2585 effectiva,
643 2551 689 2579 est
702 2551 809 2580 tamen
821 2550 929 2590 dispo-

155 2596 248 2627 sitiva
261 2599 290 2628 et
304 2598 473 2630 excitativa
490 2611 497 2631 :
515 2603 545 2632 et
559 2601 620 2632 hoc
641 2601 736 2633 modo
750 2602 869 2634 dictum
883 2606 930 2635 est

192 2660 198 2675 ¹
215 2658 279 2684 Psal.
297 2666 408 2691 Lxxxiu,
424 2663 462 2686 ¹2.
473 2674 503 2680 —
514 2663 524 2680 ²
538 2662 602 2687 Dist.
614 2669 689 2689 xvui.
701 2664 750 2684 --s
767 2666 829 2690 Dist.
846 2672 890 2691 vn.

1707 182 1765 211 249

993 242 1078 282 quod
1092 242 1322 282 ptaedestinatio
1336 241 1450 272 Christi
1471 243 1586 272 nostrae
1602 242 1767 281 praedesti-

992 295 1129 326 nationis
1144 298 1190 326 est
1202 304 1307 326 causa.
1327 295 1365 326 Et
1379 304 1435 335 per
1448 295 1509 325 hoc
1523 298 1607 335 patet
1631 303 1767 334 sequens

991 349 1075 388 quod
1092 338 1249 388 objicitur,
1266 349 1350 388 quod
1377 349 1480 388 gratia
1499 350 1528 378 et
1557 348 1660 387 gloria
1674 357 1692 378 a
1706 348 1767 378 Deo

991 405 1035 432 est
1052 405 1204 442 tanquam
1217 412 1235 433 3
1250 412 1355 433 631153.
1373 401 1489 432 Verum
1511 404 1572 439 est,
1601 402 1628 431 si
1644 401 1766 431 dicatur

991 455 1028 486 de
1039 456 1198 493 effectiva3
1215 456 1284 486 aliis
1298 458 1406 487 autem
1418 456 1519 486 modis
1534 464 1599 486 11011
1612 455 1707 485 habet
1716 464 1767 485 ve-
1810 478 1814 480 —

990 508 1126 539 ritatem.

1031 565 1060 592 Ji.
1078 563 1125 593 Ad
1148 563 1225 593 illud
1249 563 1334 602 quod
1353 563 1516 602 objicitur,
1542 562 1627 602 quod
1642 562 1766 592 contin—

990 625 1070 655 gens
1096 626 1159 646 nou
1188 618 1234 646 est
1261 626 1356 647 causa
1385 616 1563 654 necessarii,
1594 615 1765 646 dicendum

990 670 1075 710 quod
1090 679 1205 701 verum
1219 672 1276 708 est,
1292 670 1317 700 si
1332 670 1530 709 intelligatur
1545 670 1582 700 de
1607 679 1701 699 causa
1717 669 1765 699 ef-

990 724 1114 755 ficiente
1135 727 1166 755 et
1186 727 1414 762 conservante;
1431 734 1497 755 non
1518 727 1625 754 tamen
1642 725 1766 763 oportet

989 787 1055 808 esse
1072 787 1187 809 verum
1202 779 1240 809 de
1255 788 1349 809 causa
1363 779 1531 809 excitante.
1542 777 1647 808 Potest
1658 779 1766 807 tamen

989 835 1019 862 et
1034 833 1124 863 aliter
1148 834 1220 872 dici,
1238 834 1322 873 quod
1337 836 1384 864 est
1399 833 1614 864 necessarium
1628 830 1762 871 duplici-

990 888 1036 917 ter
1054 896 1060 917 :
1078 897 1142 917 11110
1157 888 1251 918 modo
1266 888 1351 928 quod
1365 889 1413 918 est
1433 886 1646 918 necessarium
1662 894 1717 924 per
1731 893 1764 915 se

989 944 1019 972 et
1037 943 1239 982 simpliciter·,
1256 943 1317 973 alio
1336 943 1441 980 modo,
1457 942 1543 982 quod
1563 942 1608 971 est
1624 949 1764 972 necessa-

990 995 1075 1026 rium
1089 999 1218 1036 propter
1227 996 1298 1033 hoc,
1313 996 1397 1035 quod
1413 995 1533 1026 transiit
1546 996 1584 1035 (a)
1602 996 1632 1025 in
1649 997 1765 1035 praete-

990 1049 1101 1088 ritum,
1117 1050 1198 1080 sicut
1213 1059 1264 1080 me
1280 1050 1441 1090 scripsisse
1457 1050 1551 1079 hodie
1567 1061 1572 1079 z
1587 1052 1618 1080 et
1633 1049 1711 1080 illud
1726 1050 1765 1080 de

988 1103 1038 1132 sui
1063 1105 1178 1133 natura
1201 1105 1247 1133 est
1270 1103 1458 1142 contingens
1477 1114 1483 1133 z
1502 1105 1532 1133 et
1552 1105 1680 1142 propter
1706 1103 1767 1133 hoc

989 1155 1069 1186 nihil
1082 1157 1213 1196 impedit
1227 1157 1333 1197 ipsum
1358 1156 1475 1187 habere
1497 1165 1626 1186 causam
1642 1156 1768 1186 contin-

988 1212 1129 1248 gentem.
1154 1209 1259 1240 Potest
1285 1210 1381 1240 etiam
1405 1210 1560 1249 distingui
1588 1209 1626 1240 de
1642 1209 1767 1239 contin-

988 1264 1095 1302 gente,
1114 1263 1197 1302 quod
1214 1263 1374 1303 quoddam
1400 1266 1446 1294 est
1469 1263 1660 1302 contingens
1681 1263 1767 1302 quod

989 1316 1104 1356 pendet
1127 1326 1145 1346 a
1172 1316 1373 1347 vertibilitate
1402 1316 1578 1347 voluntatis
1614 1316 1767 1347 humanae

988 1372 1019 1400 et
1043 1380 1146 1401 causae
1161 1373 1292 1409 creatae3
1316 1371 1476 1411 quoddam
1491 1373 1618 1411 propter
1632 1370 1764 1401 liberta-

988 1425 1053 1454 tem
1081 1426 1110 1454 et
1144 1424 1391 1455 indifferentiam
1427 1424 1543 1455 divinae
1572 1423 1743 1454 voluntatis
1756 1448 1764 1462 ‚

988 1487 1060 1517 qnae
1077 1480 1177 1518 potest
1191 1480 1292 1509 facere
1307 1481 1337 1509 et
1350 1488 1415 1509 non
1429 1479 1541 1509 facere.
1562 1477 1600 1508 Et
1616 1477 1766 1517 quamvis

988 1531 1129 1571 primum
1159 1532 1349 1571 contingens
1372 1541 1438 1563 non
1460 1534 1563 1572 posset
1588 1541 1655 1562 esse
1671 1540 1766 1561 causa

988 1585 1172 1623 necessarii,
1189 1585 1268 1615 nihil
1282 1588 1391 1616 tamen
1406 1585 1539 1625 impedit
1560 1585 1599 1615 de
1613 1585 1763 1616 secundo.

989 1638 1109 1669 Medius
1126 1639 1160 1677 (b)
1179 1640 1286 1669 autem
1303 1639 1416 1670 modus
1434 1639 1557 1669 dicendi
1578 1638 1703 1669 videtur
1718 1647 1766 1668 ra-

990 1692 1178 1722 tionabilior.
1193 1692 1231 1723 Et
1250 1693 1275 1723 si
1290 1695 1326 1723 tu
1351 1693 1482 1733 objicias
1504 1692 1588 1732 quod
1605 1692 1684 1723 illud
1699 1701 1765 1722 non

988 1746 1093 1783 solvit,
1109 1746 1185 1786 quia
1201 1746 1303 1786 posito
1328 1747 1413 1786 quod
1430 1746 1571 1776 Christus
1594 1755 1659 1776 11011
1685 1747 1765 1776 esset

987 1799 1182 1838 incarnatus,
1200 1800 1303 1830 adhuc
1314 1799 1396 1830 alius
1411 1799 1525 1830 modus
1541 1801 1608 1829 erat
1626 1798 1687 1829 Deo
1697 1807 1765 1838 pos-

987 1854 1097 1892 sibilis,
1115 1863 1171 1893 per
1185 1863 1281 1894 quem
1297 1863 1402 1893 genus
1423 1853 1605 1883 humanum
1629 1854 1709 1883 esset
1723 1852 1766 1882 li-

987 1908 1149 1945 beratum;
1200 1916 1279 1946 ergo
1321 1910 1444 1937 remota
1486 1906 1763 1946 praedestinatione

987 1962 1111 2000 Christi,
1128 1961 1234 1993 adhuc
1249 1961 1337 1992 salva
1351 1964 1431 1992 esset
1447 1960 1680 2000 praedestinatio
1689 1968 1764 1990 nos-

988 2018 1053 2053 tra;
1070 2025 1149 2054 ergo
1165 2025 1228 2046 non
1239 2017 1285 2046 est
1300 2024 1413 2045 causa:
1431 2014 1599 2045 dicendum
1611 2013 1695 2054 quod
1705 2013 1763 2044 1106

986 2079 1051 2099 11011
1066 2069 1162 2108 cogit,
1179 2070 1262 2109 quod
1275 2078 1339 2099 non
1352 2069 1391 2099 sit
1401 2077 1515 2106 causa3
1533 2067 1586 2098 sed
1598 2067 1683 2108 quod
1699 2076 1765 2097 non

987 2123 1025 2153 sit
1041 2132 1135 2153 cansa
1151 2125 1227 2161 tota,
1251 2125 1281 2154 et
1301 2132 1357 2162 per
1380 2131 1511 2154 omnem
1539 2121 1671 2152 modum
1686 2130 1765 2151 cau-

987 2176 1090 2214 sandi3
1109 2179 1154 2207 est
1167 2178 1275 2207 tamen
1288 2185 1345 2216 per
1359 2176 1498 2215 aliquem
1514 2175 1665 2211 modum3
1684 2174 1765 2204 sicut

987 2229 1068 2260 Deus
1081 2230 1153 2260 facit
1172 2239 1226 2270 per
1236 2230 1376 2270 aliquem
1392 2229 1556 2260 hominem
1571 2228 1697 2268 aliquod
1706 2228 1763 2258 bo-

986 2293 1076 2320 num,
1094 2286 1125 2314 et
1145 2284 1172 2314 si
1186 2283 1238 2314 ille
1260 2284 1356 2314 homo
1367 2292 1432 2313 non
1443 2284 1533 2319 esset,
1550 2281 1762 2312 nihilominus

986 2337 1117 2375 saceret;
1134 2339 1165 2367 et
1179 2339 1286 2368 tamen
1301 2346 1366 2367 non
1382 2336 1526 2376 sequitur
1542 2337 1668 2375 propter
1688 2335 1759 2372 hoc,

985 2390 1070 2430 quod
1085 2390 1136 2421 ille
1151 2400 1217 2421 non
1229 2391 1269 2421 sit
1282 2400 1377 2421 causa
1396 2401 1402 2421 z
1420 2399 1485 2420 non
1500 2389 1587 2420 enim
1612 2388 1695 2418 valet
1710 2387 1761 2418 hic

986 2444 1099 2474 modus
1113 2444 1272 2483 arguendi
1286 2443 1321 2474 in
1335 2443 1534 2475 voluntariis.
1552 2442 1588 2472 Et
1603 2441 1672 2471 haec
1692 2441 1761 2471 suf-

984 2497 1093 2529 ficiant
1122 2497 1160 2528 de
1188 2497 1465 2537 praedestinatione
1489 2494 1602 2526 Christi
1629 2503 1648 2524 a
1672 2494 1761 2533 parte

985 2552 1041 2583 rei.
1069 2551 1172 2592 Supra
1185 2551 1195 2568 ³
1211 2551 1298 2582 enim
1325 2551 1500 2592 quaesitum
1524 2548 1583 2578 fuit
1609 2547 1648 2578 de
1676 2556 1713 2578 ea
1741 2555 1761 2577 a

985 2607 1073 2647 parte
1086 2605 1253 2636 sermonis.

1018 2668 1048 2698 (a)
1063 2667 1124 2692 Coet.
1135 2666 1197 2691 edit.
1213 2666 1350 2692 transit.—
1360 2665 1392 2697 (b)
1409 2665 1507 2690 Metius.
