2017 2960
124 1632 154 1652 Ad
168 1638 217 1658 epp.

229 183 287 211 668

271 249 346 279 Item
361 249 505 286 charitas,
522 249 815 287 quantumcumque
833 250 930 282 parva
946 242 996 278 sit,

231 302 393 332 hominem
413 302 483 332 facit
500 301 631 337 diligere
650 299 747 328 11011111
763 299 890 336 propter
904 304 952 331 se,
968 296 998 323 ct

229 363 325 394 snper
350 355 472 391 omnia,
502 356 529 383 et
557 352 628 381 savit
650 351 813 380 hominem
836 349 870 378 in
902 348 997 377 Deum

230 408 385 438 considere
405 408 475 446 plus
496 413 591 444 qnam
614 404 647 433 in
665 413 697 432 sc
715 414 720 432 z
745 402 797 432 sed
818 401 872 440 qui
899 400 997 430 Deum

231 463 357 499 propter
371 469 402 489 se
418 462 445 489 et
461 467 556 496 snper
571 456 678 486 onmia
693 458 788 492 amat,
807 457 837 484 et
850 454 882 484 in
900 453 996 483 Deum

231 513 368 549 considit,
386 512 479 541 habet
495 510 592 539 lirum
608 509 785 547 adjutorem
802 516 809 537 ε
827 509 857 536 et
872 506 925 546 qui
942 506 999 536 lia-

231 566 279 594 1101
293 565 390 595 Deum
405 563 580 601 adjutorem
594 585 600 599 ,
618 560 706 591 omni
721 559 884 590 tentationi
899 560 999 598 potest

229 617 371 647 resistere
393 627 399 646 ;
422 625 500 653 ergo
525 615 620 644 1101110
643 623 681 643 ex
705 612 999 652 quantulacumque

227 670 377 700 charitate
401 677 551 708 superare
577 669 676 707 potest
697 675 826 697 omnem
852 665 999 695 tentatio-

227 732 311 752 nom.

265 775 343 804 ltem
358 774 472 813 gratia,
489 776 790 813 quantumcumque
806 771 845 801 sit
864 771 998 807 modica,

226 828 382 867 potentior
401 829 446 857 est
463 830 493 857 ct
515 825 717 856 excellentior
738 833 835 864 quam
860 826 974 853 natura
992 834 998 853 ι

225 881 277 911 5011
293 880 388 909 1101110
403 880 435 909 111
458 881 539 909 statu
556 878 744 909 innocentiae
758 901 764 914 ‚
780 877 814 906 in
835 876 924 916 puris
947 885 1002 906 na-

226 933 381 963 turalibus
406 932 614 968 constitutus,
641 932 763 970 poterat
784 932 1002 969 quantaecum-

226 996 288 1025 que
312 985 475 1015 tentationi
503 985 644 1014 resistere
669 994 676 1013 z
703 991 780 1021 ergo
805 982 944 1012 existens
968 981 1001 1011 in

227 1038 330 1076 gratia
348 1040 449 1077 potest
470 1039 739 1076 quantaecumque
760 1033 926 1064 tentationi
951 1042 1002 1063 re-

227 1092 352 1128 sistcre,
379 1090 707 1130 quantulamcumque
733 1087 846 1118 habeat
871 1086 1002 1116 charita-

229 1147 304 1175 tem.

268 1198 360 1235 Item,
378 1199 442 1227 esto
469 1196 553 1235 quod
571 1195 685 1235 aliquis
710 1195 823 1225 habeat
844 1194 1002 1225 modicam

229 1254 429 1289 charitatem,
447 1254 477 1281 et
501 1254 640 1281 tentetur
665 1260 783 1289 magna
807 1249 1000 1286 tentatione,

230 1309 283 1336 ant
304 1307 405 1345 potest
420 1305 464 1335 illi
479 1305 634 1341 resistere,
652 1305 707 1332 ant
730 1312 794 1332 non
812 1313 818 1332 :
836 1303 861 1332 si
881 1304 1000 1342 potest,

231 1360 331 1389 habeo
346 1359 541 1398 propositum
557 1369 563 1394 ;
581 1358 605 1387 si
627 1366 690 1387 non
709 1359 827 1396 potest,
844 1358 875 1386 et
898 1356 1004 1386 nullus

231 1414 335 1452 peccat
358 1412 389 1441 in
411 1420 448 1441 eo
469 1410 552 1449 quod
578 1410 676 1439 vitare
696 1419 759 1439 non
783 1410 900 1448 potest,
926 1417 1004 1447 ergo

232 1464 454 1494 consentiendo
471 1463 524 1493 tali
543 1463 706 1492 tentationi
725 1471 788 1492 non
805 1463 909 1501 peccat
926 1472 931 1491 z
951 1462 1004 1491 sed

233 1518 290 1548 hoc
311 1519 355 1547 est
380 1517 493 1546 salsum
511 1526 517 1546 ς
536 1524 613 1553 crgo
633 1517 662 1545 et
682 1515 758 1544 illud
772 1538 780 1551 ,
797 1523 837 1544 ex
859 1522 922 1553 quo
945 1513 1005 1543 1100

233 1570 378 1610 seqnitur
395 1581 401 1599 :
419 1570 498 1599 redit
514 1578 593 1607 ergo
609 1569 692 1598 idem
710 1568 793 1607 qnod
811 1568 910 1607 prins.

275 1623 333 1653 Sed
359 1626 478 1659 contra,
495 1625 508 1653 1
527 1627 534 1641 ¹
560 1632 566 1653 :
590 1622 711 1653 Fidelis
735 1622 835 1659 Deus,
863 1621 919 1660 qui
942 1628 1006 1651 non

232 1677 391 1716 permittit
409 1676 447 1715 (a)
463 1683 517 1707 ros
538 1675 660 1707 tentari
676 1682 775 1713 supra
795 1674 832 1705 id
851 1673 935 1713 quod
948 1680 1004 1712 po-

236 1731 324 1761 testis
350 1739 357 1759 :
381 1730 501 1759 constat
531 1728 616 1768 quod
646 1727 787 1767 loquitur
817 1726 1007 1756 habentibus

235 1783 419 1813 charitatem
445 1791 451 1810 ε
469 1790 562 1819 ergo,
579 1781 604 1810 si
626 1780 708 1811 Deus
723 1780 927 1819 permitteret,
943 1779 1008 1809 dia-

237 1836 326 1866 bolus
345 1837 477 1865 tentaret
493 1834 657 1864 hominem
681 1833 852 1863 habentem
875 1832 1007 1862 charita-

237 1890 301 1918 tem
323 1897 419 1927 supra
443 1896 531 1927 posse
553 1897 559 1917 z
580 1895 658 1925 ergo
683 1895 747 1916 non
769 1886 904 1923 videtur,
923 1885 1006 1924 quod

238 1951 310 1972 cum
327 1941 619 1980 quantulacumque
634 1939 785 1969 charitate
797 1939 894 1978 possit
912 1939 1007 1968 homo

238 1995 383 2024 resistere
398 1993 561 2023 tentationi
576 1992 738 2022 maximni.

278 2050 307 2077 Ξ.
335 2047 412 2077 item
432 2055 527 2085 super
548 2045 626 2075 illud
648 2045 784 2075 Psalmi²
802 2053 809 2075 :
829 2045 927 2076 Proba
943 2053 1007 2082 me,

239 2101 390 2137 Domine,
427 2103 455 2131 et
487 2101 573 2130 tenta
605 2107 652 2130 me
665 2123 673 2136 ‚
697 2099 773 2128 dicit
804 2099 973 2129 auctoritas
999 2109 1005 2129 τ

242 2166 255 2183 ιι
274 2154 363 2185 Prius
379 2153 462 2183 vires
476 2154 599 2182 nostras
614 2152 730 2191 inspice
744 2175 751 2187 ,
771 2154 877 2190 postea
895 2152 1008 2181 tentari

238 2207 392 2247 permitte.
410 2216 423 2233 n
441 2205 500 2235 Sed
518 2205 576 2235 1100
591 2213 654 2235 11011
672 2206 809 2244 peteret,
825 2204 885 2234 nisi
907 2207 1010 2244 posset

236 2261 349 2291 tentari
370 2268 465 2299 super
480 2259 563 2290 vires
581 2268 588 2289 ε
605 2267 682 2296 ergo
707 2258 833 2288 videtur
848 2259 932 2298 quod
952 2258 1010 2288 ali-

237 2323 301 2354 qua
325 2312 455 2343 tentatio
480 2311 538 2348 sit,
562 2311 613 2341 cui
638 2320 702 2341 non
728 2312 844 2341 sufficit
865 2311 1009 2342 resistere

237 2369 339 2398 virtus
355 2366 515 2396 charitatis
532 2365 664 2395 modicae
680 2366 711 2395 et
727 2365 927 2404 imperfectae.

278 2424 307 2451 3.
332 2420 406 2450 ltem
427 2419 625 2456 Ambrosius,
649 2419 680 2448 in
703 2419 841 2457 quodam
863 2428 1010 2450 sermone

239 2477 280 2506 De
305 2473 542 2512 confessoribus
567 2481 573 2502 :
601 2483 616 2500 (ι
642 2472 770 2503 Diversa
796 2475 868 2503 sunt
891 2482 1011 2512 genera

238 2527 452 2563 inimicorum,
469 2526 524 2565 qui
546 2525 721 2556 secundum
745 2526 863 2557 virium
884 2529 1010 2558 nostra-

271 2597 296 2619 ¹1
313 2596 380 2626 Com,
396 2601 420 2625 x,
441 2596 516 2619 132—
531 2595 541 2610 ¹
557 2593 620 2618 Psal.
635 2600 696 2624 xxv,
711 2596 733 2618 2.

272 2644 303 2671 tas
320 2642 390 2672 Vulq.
403 2642 520 2672 patietur.

789 172 1099 208 SENTENTIARUM
1121 172 1195 202 LlB.
1219 172 1271 202 111.

1050 248 1123 269 rum
1159 238 1384 277 quantitatem,
1420 240 1620 277 compensato
1655 239 1818 269 nobiscum

1052 300 1156 330 agone
1171 291 1345 321 luctantur.
1361 302 1375 319 »
1395 291 1453 321 Sed
1474 293 1609 330 majores
1629 291 1713 322 vires
1727 292 1822 322 habet

1053 344 1188 374 charitas
1203 344 1349 383 perfecta,
1366 353 1462 383 quam
1481 343 1663 382 imperfecta
1680 355 1686 375 :
1703 354 1780 384 ergo
1795 345 1820 375 si

1054 397 1106 427 illa
1121 397 1215 427 habet
1235 397 1352 427 luctam
1374 397 1439 427 suis
1461 397 1582 427 viribus
1604 398 1822 437 proportiona—

1053 450 1158 487 bilem,
1181 450 1306 480 videtur
1330 449 1414 489 quod
1436 449 1542 488 aliqua
1567 450 1650 480 lucta
1668 451 1706 481 sit
1727 460 1823 491 supra

1053 503 1137 533 vires
1149 503 1308 533 charitatis
1323 502 1524 541 imperfectae.

1090 558 1120 586 4.
1143 555 1220 586 item
1242 556 1344 586 virtus
1360 555 1521 586 charitatis
1544 555 1682 586 maxime
1706 556 1825 587 relucet

1054 610 1086 639 in
1109 618 1231 649 pugna,
1255 612 1286 640 et
1309 609 1490 640 tentationis
1516 609 1646 639 victoria
1669 619 1677 639 ι
1697 610 1723 639 si
1746 619 1824 649 ergo

1053 663 1346 702 quantulacumque
1381 663 1517 693 charitas
1547 664 1647 702 potest
1683 663 1825 694 rvsistere

1055 716 1206 746 maximae
1232 716 1413 753 tentationi,
1441 716 1567 747 videtur
1594 716 1678 755 quod
1704 717 1826 747 modica

1055 769 1189 799 charitas
1204 769 1243 799 sit
1258 769 1406 799 maximae
1423 769 1548 799 virtutis
1563 771 1593 799 et
1604 769 1802 808 perfectionis
1816 780 1822 799 ε

1055 822 1138 861 quod
1154 822 1180 851 si
1195 824 1240 852 est
1256 822 1420 852 manifeste
1434 821 1547 851 salsum
1560 845 1569 859 ,
1586 823 1682 852 restat
1696 822 1779 861 quod
1797 824 1826 853 et

1056 875 1132 905 illud
1148 884 1188 905 ex
1203 885 1267 915 quo
1282 876 1437 914 sequitur.

1091 930 1119 958 5.
1138 928 1215 958 item
1238 928 1425 967 magnitudo
1440 936 1565 958 coronae
1587 929 1760 959 attenditur
1778 938 1828 960 se-

1056 981 1196 1011 cundum
1230 980 1486 1019 magnitudinem
1514 989 1633 1019 pugnae
1662 991 1668 1011 z
1695 990 1773 1020 ergo
1801 981 1828 1011 si

1056 1034 1178 1064 modica
1203 1034 1338 1064 charitas
1364 1033 1506 1064 resistere
1530 1035 1633 1072 posset
1659 1034 1829 1065 ‘tentationi

1055 1087 1216 1125 maximae,
1234 1087 1358 1119 videtur
1374 1087 1458 1126 quod
1474 1087 1614 1117 maxima
1638 1096 1754 1118 corona
1776 1087 1829 1118 de-

1056 1140 1168 1170 beatur
1180 1139 1323 1170 charitati
1340 1139 1480 1169 minimae
1493 1150 1499 1169 :
1513 1139 1565 1169 sed
1580 1139 1639 1170 1100
1651 1142 1698 1170 est
1712 1140 1829 1171 falsum

1057 1192 1221 1222 manifeste
1238 1203 1244 1222 z
1262 1201 1351 1231 ergo,
1369 1194 1428 1222 etc.

1096 1248 1125 1274 6.
1145 1245 1221 1275 Item
1235 1245 1382 1284 quaedam
1397 1248 1443 1276 est
1457 1255 1567 1285 pugna
1577 1270 1585 1283 ,
1604 1255 1645 1276 ex
1659 1247 1752 1285 cujus
1764 1246 1829 1277 vic-

1057 1298 1137 1327 toria
1153 1298 1340 1337 purificatur
1353 1298 1460 1328 anima
1475 1299 1513 1328 ab
1526 1298 1682 1329 'omnibus
1695 1299 1832 1330 veniali-

1058 1351 1128 1388 buS,
1154 1353 1183 1380 et
1207 1352 1312 1380 statim
1338 1351 1441 1381 evolat
1467 1352 1498 1381 in
1522 1351 1657 1388 coelum;
1682 1352 1763 1382 sicut
1786 1355 1833 1383 est

1058 1404 1185 1443 quando
1197 1413 1252 1443 pro
1262 1404 1386 1442 Justitia
1397 1412 1482 1433 mors
1495 1404 1618 1434 homini
1634 1404 1810 1436 intentatur
1823 1415 1830 1436 :

1059 1465 1137 1496 ergo
1169 1458 1194 1487 si
1228 1457 1351 1488 mollica
1384 1457 1520 1487 charitas
1555 1459 1658 1497 posset
1688 1458 1831 1490 resistere

1059 1512 1328 1550 quantaecumque
1348 1511 1525 1547 tentationi,
1551 1511 1674 1541 modica
1697 1511 1833 1543 charitas

1060 1566 1163 1602 posset
1186 1564 1293 1594 omnia
1317 1564 1453 1595 venialia
1478 1563 1591 1602 delere,
1617 1566 1648 1595 et
1672 1565 1777 1595 statim
1800 1565 1833 1595 in

1060 1617 1174 1647 coelum
1198 1617 1298 1647 facere
1318 1617 1444 1648 evolare
1462 1628 1468 1647 :
1486 1617 1571 1656 quod
1587 1617 1612 1647 si
1636 1617 1695 1648 1100
1720 1618 1831 1648 absur-

1060 1671 1136 1701 dum
1153 1672 1213 1709 est,
1232 1672 1327 1701 restat
1341 1671 1425 1701 idem
1441 1670 1526 1710 quod
1543 1670 1641 1710 prius.

1336 1766 1563 1798 CONCLUSIO.

1062 1840 1308 1873 Quantulacumque
1328 1839 1448 1865 charitas
1463 1841 1551 1873 potest
1571 1840 1690 1866 resistere
1712 1842 1834 1873 quantoe-

1097 1891 1204 1918 cumque
1220 1884 1367 1910 tentationi
1378 1905 1385 1915 ,
1413 1886 1468 1910 tum
1481 1886 1593 1918 propter
1614 1885 1662 1910 Dei
1678 1885 1813 1910 auxilium
1824 1904 1831 1916 ,

1098 1931 1153 1954 tum
1166 1930 1276 1962 propter
1290 1928 1440 1954 voluntatis
1462 1928 1611 1954 libertatem
1617 1936 1625 1961 ς
1645 1928 1690 1954 sed
1707 1935 1760 1954 non
1769 1948 1778 1962 ,
1794 1930 1834 1954 at-

1098 1975 1168 1999 tento
1184 1974 1250 1999 vetto
1263 1973 1433 2005 difficultatis
1453 1972 1489 1998 ad
1505 1973 1614 2004 bonum,
1640 1974 1665 1999 et
1686 1973 1835 2006 prauitatis

1098 2018 1134 2044 acl
1147 2018 1257 2044 malum.

1095 2098 1185 2136 Resp.
1203 2096 1241 2127 ad
1256 2105 1326 2135 arg.
1341 2096 1387 2127 Ad
1403 2096 1627 2136 praedictorum
1649 2095 1834 2135 intelligen-

1063 2151 1139 2181 tiam
1163 2152 1210 2181 est
1238 2150 1436 2186 notandum,
1465 2150 1549 2189 quod
1580 2159 1654 2180 cum
1680 2149 1835 2189 quaeritur

1063 2206 1173 2234 utrum
1196 2203 1489 2243 quantulacumque
1509 2202 1645 2232 charitas
1669 2203 1765 2242 possit
1786 2211 1835 2233 re-

1063 2258 1170 2288 sistere
1185 2258 1452 2296 quantaecumque
1467 2255 1642 2293 tentationi,
1660 2255 1721 2286 hoc
1735 2254 1835 2294 dupli-

1067 2311 1144 2341 citer
1155 2312 1255 2350 potest
1270 2309 1404 2348 intelligi
1422 2318 1428 2339 :
1445 2310 1500 2339 aut
1514 2309 1671 2348 loquendo
1685 2308 1722 2338 de
1737 2310 1836 2347 potes-

1066 2365 1128 2394 tate
1145 2363 1304 2394 charitatis
1324 2372 1380 2402 per
1399 2362 1665 2401 comparationem
1681 2361 1720 2391 ad
1741 2361 1789 2401 adj
1797 2371 1836 2391 u-

1064 2417 1181 2448 torium
1217 2416 1333 2446 divinae
1366 2415 1574 2455 providentiae
1607 2413 1833 2453 gubernantis;

1064 2472 1120 2502 aut
1137 2479 1192 2510 per
1207 2469 1475 2509 comparationem
1489 2468 1527 2499 ad
1542 2467 1625 2498 vires
1644 2467 1735 2497 liberi
1748 2466 1836 2497 arbi-

1065 2524 1118 2555 trii
1134 2522 1340 2562 cooperantis,
1358 2521 1540 2552 Secundum
1561 2522 1737 2559 utrumque
1759 2520 1836 2550 isto-

1065 2585 1139 2607 rum
1161 2575 1331 2606 modorum
1353 2575 1414 2605 fuit
1439 2574 1490 2604 1110
1511 2573 1629 2614 duplex
1652 2573 1766 2604 modus
1787 2572 1834 2603 di-

1066 2629 1167 2661 cendi.
1192 2629 1225 2660 Si
1251 2628 1338 2660 enim
1362 2628 1530 2668 loquamur
1552 2636 1608 2668 per
1631 2626 1835 2666 comparatio-
1849 2639 1954 2667 opimi.
