2017 2960
160 1718 165 1735 l
189 1716 240 1734 s'1u-

134 1749 214 1773 tingrut
226 1752 234 1763 ,1

140 2179 245 2201 ξιιμ-11111.

261 194 320 224 262

260 261 352 291 detur
367 261 450 300 quod
464 261 544 291 nulli
559 261 610 291 alii
635 261 744 299 generi
756 263 909 291 ereaturae
925 260 1034 290 debuit

259 324 326 345 esse
341 314 510 350 obnoxius,
528 317 679 353 tanquam
696 323 752 353 per
775 314 851 344 illud
867 316 1031 352 surgeret:

258 368 310 397 sed
342 367 481 398 surrexit
505 376 560 406 per
584 367 743 397 Christum
762 377 767 396 :
799 376 876 405 ergo
906 367 1032 397 videtur

258 421 342 461 quod
360 421 500 452 Christus
515 420 690 451 secundum
703 429 831 450 carnem
846 420 955 451 debuit
965 430 1032 451 esse

257 474 295 504 de
308 483 424 512 genere
438 473 541 504 carnis
557 473 685 503 vitiatze.

298 528 375 558 Item
411 529 497 557 tanto
526 527 754 566 congruentior
783 529 830 558 est
863 528 1030 565 mediator,

257 584 375 621 quanto
389 581 564 621 proximior
578 581 743 621 utriusque
757 582 870 621 generi
888 593 893 612 :
914 582 938 611 si
954 592 1032 621 ergo

256 634 564 673 congruentissimus
581 635 733 666 mediator
748 635 806 665 suit
819 635 961 665 Christus
978 636 1030 666 in·-

257 689 303 717 ter
325 687 470 718 homines
498 691 675 727 peccatores
705 691 735 719 et
752 689 866 727 Deum,
883 698 961 728 ergo
976 689 1031 720 de-

256 739 325 771 buit
359 750 426 772 esse
461 742 499 773 de
532 752 650 782 genere
691 743 861 774 hominum
888 746 1029 783 peccato—

255 803 339 826 rum.

528 907 753 939 CONCLUSIO.

256 988 406 1021 Conqrimm
416 989 472 1021 fuit
480 989 581 1015 Filium
594 989 642 1015 Dcz'
651 996 780 1015 ‹zssunwre
791 997 896 1016 carnem
904 990 935 1016 de
944 998 966 1016 m
971 998 1030 1017 assa

287 1033 466 1066 perditionis,
484 1035 508 1060 et
522 1033 586 1059 adeo
599 1041 743 1067 congyruum
753 1054 758 1065 ‚
770 1034 840 1068 quod
854 1035 944 1061 nullus
959 1036 1030 1062 aldus

290 1077 382 1104 modus
388 1078 446 1109 suit
452 1077 488 1104 ad
494 1080 615 1104 nostram
623 1079 824 1112 reparationem
831 1086 960 1113 conqrnen
966 1081 1027 1106 tior.

295 1170 385 1210 Resp.
405 1170 443 1201 ad
458 1180 527 1210 arg.
545 1171 718 1202 Dicendum
734 1173 818 1212 quod
836 1173 954 1213 absque
969 1174 1028 1204 ‹lu-

255 1223 305 1253 bio
334 1223 386 1253 Dei
410 1223 510 1254 Filius
539 1225 691 1264 potuisset
714 1235 841 1256 carnem
867 1236 1030 1258 assumere

254 1277 398 1315 aliunde,
430 1287 527 1317 quam
555 1279 592 1309 de
625 1288 728 1309 massa
763 1282 934 1319 corrupta,
962 1282 1030 1312 sive

254 1329 381 1359 aliunde
397 1338 493 1368 quam
520 1339 560 1360 ex
586 1330 645 1367 his,
669 1331 723 1370 qui
754 1335 971 1370 processerunt
992 1333 1029 1363 de

255 1390 372 1420 genere
412 1383 524 1413 Adam.
562 1383 662 1422 Magis
691 1386 798 1414 tamen
833 1386 1031 1424 congruebat

254 1435 339 1474 quod
354 1435 391 1465 de
406 1445 523 1473 genere
547 1437 624 1466 Adae
641 1446 768 1467 carnem
790 1441 975 1469 assumeret.
995 1439 1031 1470 Et

255 1487 326 1518 licet
342 1488 450 1519 multae
475 1489 537 1519 sint
554 1491 784 1529 congruentiae,
809 1500 880 1530 quae
908 1501 964 1522 1105
986 1493 1030 1523 la-

255 1543 321 1571 tent
332 1543 426 1581 juxta
442 1543 726 1574 multiformitatem
738 1545 900 1584 sapientiae
912 1545 975 1584 Dei,
988 1549 1031 1577 ta-

256 1604 340 1632 men,
357 1596 532 1626 secundnm
561 1597 658 1627 verba
681 1600 712 1628 et
735 1598 817 1628 dicta
836 1602 1029 1639 sanctorum,

255 1651 392 1688 quatuor
407 1653 539 1689 possunt
562 1651 699 1682 rationes
716 1653 934 1691 congruentiae
951 1655 1030 1684 assi-

256 1703 361 1741 gnari.
380 1702 488 1733 Prima
502 1706 548 1734 est
564 1706 690 1744 propter
705 1707 953 1737 conservandam
964 1707 1030 1738 rec-

256 1756 423 1786 titudinem
437 1757 580 1795 justitiae,
603 1759 639 1787 ut
655 1758 800 1788 videlicet
814 1760 958 1797 ejusdem
972 1770 1032 1799 ge·-

258 1809 341 1839 neris
355 1811 435 1839 esset
450 1810 634 1848 satisfactor,
655 1813 685 1841 et
699 1813 924 1851 praevaricator
940 1823 1032 1844 :nam

256 1862 280 1892 si
298 1862 426 1892 alterius
454 1863 581 1901 generis
604 1866 695 1900 esset,
717 1874 781 1895 non
806 1866 1033 1898 attribueretur

257 1915 359 1945 eidem
386 1916 495 1954 generi
511 1917 689 1954 satisfactio,
708 1918 758 1948 cui
783 1922 813 1949 et
829 1920 975 1957 offensio3
998 1930 1033 1951 ac

258 1978 313 2008 per
337 1969 395 1999 hoc
411 1979 475 2000 non
500 1973 583 2001 recte
601 1974 924 2013 servareturjustitiae
942 1976 1034 2005 recti-

259 2022 346 2059 tudo,
370 2032 443 2062 quae
469 2023 508 2054 ab
531 2024 584 2054 illo
618 2034 734 2064 genere
763 2027 895 2066 requirit
923 2037 1032 2059 emen·

259 2077 343 2113 dam,
361 2077 393 2107 in
408 2087 472 2117 quo
488 2079 603 2118 reperit
625 2081 853 2119 praecedentem
867 2082 1032 2114 offensam.

261 2130 405 2161 Secunda
419 2134 465 2161 est
488 2135 616 2171 propter
637 2133 899 2166 manifestandam
927 2135 1035 2166 dulce-

261 2184 368 2214 dinem
387 2185 620 2224 misericordiae,
639 2189 673 2217 ut
686 2187 830 2218 videlicet
844 2189 910 2228 ipse
931 2189 1035 2220 Domi-

261 2247 332 2275 nus,
350 2238 404 2277 qui
420 2238 459 2268 ab
474 2238 603 2269 homine
624 2242 824 2280 contemptus
847 2242 949 2273 fuerat
965 2245 1036 2273 tan-

261 2300 358 2330 quam
381 2291 420 2321 ab
441 2291 622 2323 adversario
643 2295 674 2323 et
695 2294 839 2332 inimico,
858 2296 923 2334 ipse
951 2296 1036 2327 idem

262 2345 375 2384 generi
389 2345 533 2375 humano
549 2346 694 2376 uniretur
708 2347 739 2377 in
754 2347 875 2378 Christo
891 2349 924 2379 in
935 2349 1036 2380 unita-

263 2401 326 2429 tem
348 2407 509 2438 personae:
530 2398 561 2427 in
577 2407 640 2437 quo
656 2399 873 2431 manifestatur
888 2402 969 2432 mira
984 2402 1037 2433 Dei

263 2451 494 2488 condescensio,
512 2451 545 2480 in
558 2450 619 2481 hoc
629 2452 713 2490 quod
728 2453 791 2492 ipse
801 2463 903 2492 genus
917 2455 1036 2486 huma-

262 2514 341 2535 num
357 2504 417 2534 sibi
434 2504 602 2534 inimicum
618 2506 813 2545 conjungere
828 2508 930 2539 voluit
944 2509 975 2539 in
991 2510 1037 2540 in-

262 2557 443 2589 dissolubile
458 2557 636 2594 vineulum,
656 2559 749 2597 ,juxta
765 2560 841 2591 illud
859 2562 944 2601 quod
957 2563 1038 2594 dici-

261 2612 336 2641 tur¹
359 2620 366 2640 :
386 2610 588 2642 Commendat
603 2613 705 2642 (tutem
733 2613 918 2646 charitatem
932 2624 1037 2655 suam,

296 2674 301 2688 ¹
321 2674 396 2701 Rom„
414 2679 434 2702 Υ,
448 2683 502 2696 0.-
515 2674 617 2699 3lL‘111'„
632 2679 675 2704 XV,
689 2674 725 2697 Αἶ-

824 192 1136 225 SENTENTIARUM
1159 194 1232 224 LlB.
1257 195 1308 225 111.

1090 262 1148 291 etc.
1166 260 1271 292 Tertia
1294 266 1401 293 autem
1418 265 1498 295 ratio
1519 267 1563 295 est
1587 265 1627 295 ad
1641 265 1859 295 declarandam

1090 314 1321 345 ordinationem
1349 316 1466 347 divinae
1495 318 1668 357 sapientiae,
1695 326 1767 357 quae
1790 318 1861 357 qui-

1089 367 1160 397 dem
1179 369 1335 399 ordinatio
1362 370 1449 400 nullo
1474 373 1572 410 potest
1600 371 1730 410 infringi
1760 371 1836 401 vitio
1854 381 1860 401 :

1090 421 1272 452 decreverat
1284 423 1369 453 enim
1386 423 1467 453 Deus
1486 426 1517 454 et
1529 425 1741 462 ordinaverat,
1756 426 1792 454 ut
1806 433 1863 463 ge-

1090 483 1150 504 nus
1166 475 1344 506 humanum
1359 478 1462 507 totum
1474 477 1738 517 multiplicaretur
1752 480 1782 508 et
1800 477 1863 507 dis-

1089 527 1300 558 seminaretur
1315 537 1355 558 011
1368 538 1444 565 11110,
1461 531 1587 568 propter
1609 529 1863 568 repraesentatio-

1089 589 1163 610 nem
1186 580 1272 611 illius
1300 582 1489 612 universalis
1508 582 1663 621 principii,
1680 583 1765 622 quod
1782 583 1864 613 Deus

1088 636 1151 671 est;
1177 643 1234 664 nec
1250 634 1309 665 hoc
1324 644 1379 674 per
1398 637 1562 675 peccatum
1577 635 1710 674 infringi
1725 636 1832 666 debuit
1854 647 1860 667 :

1088 690 1116 718 et
1134 687 1203 718 ideo
1219 688 1371 725 Christus,
1389 688 1541 719 mediator
1566 688 1620 719 Dei
1635 690 1665 719 et
1679 688 1860 726 hominum,

1088 741 1184 771 homo
1199 750 1306 779 verus⁷
1324 751 1388 772 non
1418 742 1556 780 aliunde,
1573 742 1625 772 sed
1641 742 1679 772 de
1696 751 1799 773 massa
1814 745 1862 773 to-

1088 795 1149 824 tius
1164 794 1290 833 generis
1312 795 1445 825 humani
1461 795 1567 825 debuit
1582 795 1725 826 formari.
1744 795 1861 833 Quarta

1087 857 1163 878 vero
1180 848 1261 878 ratio
1276 850 1322 878 est
1347 848 1386 878 ad
1406 849 1655 879 conservandam
1672 849 1859 888 dignitatem

1087 903 1117 931 et
1129 901 1326 931 altitudinem
1342 901 1493 931 humanae
1516 904 1651 940 naturae,
1667 911 1764 942 quam
1779 902 1860 933 Deus

1087 956 1119 985 in
1134 958 1219 986 tanta
1232 956 1388 995 dignitate
1412 956 1634 994 constituerat,
1652 959 1688 987 ut
1703 957 1783 988 nulli
1807 957 1860 987 alii

1088 1010 1197 1048 generi
1213 1011 1378 1045 creaturae,
1396 1009 1448 1039 sed
1464 1009 1520 1039 soli
1541 1009 1600 1039 Deo
1615 1012 1694 1039 esset
1710 1010 1859 1041 obnoxia.

1087 1062 1119 1093 Si
1136 1072 1214 1101 ergo
1238 1072 1300 1093 non
1321 1062 1481 1093 modicum
1493 1065 1538 1092 est
1551 1063 1690 1092 obnoxia
1706 1063 1859 1103 Redemp-

1086 1117 1157 1154 tori,
1173 1117 1284 1147 decens
1299 1119 1345 1147 est
1360 1118 1396 1146 ut
1422 1115 1610 1155 Redemptor
1624 1119 1680 1147 aut
1694 1117 1798 1147 solum
1813 1126 1863 1148 es-

1087 1172 1133 1200 set
1151 1170 1241 1207 Deus,
1262 1172 1317 1200 aut
1336 1170 1359 1200 si
1375 1170 1545 1200 haberetin
1562 1179 1594 1200 se
1610 1180 1713 1209 genus
1725 1173 1860 1209 naturae,

1087 1223 1147 1253 hoc
1157 1226 1236 1253 esset
1251 1224 1288 1254 de
1304 1224 1515 1262 geuereillius
1531 1233 1738 1264 massre,quae
1756 1227 1863 1255 ortum

1086 1277 1180 1308 habet
1193 1286 1210 1306 a
1224 1277 1341 1307 lumbis
1362 1277 1449 1308 Adae.
1467 1277 1597 1317 Propter
1607 1278 1664 1308 has
1675 1287 1752 1317 ergo
1769 1279 1865 1309 ratio-

1087 1340 1141 1361 nes
1157 1330 1387 1369 cougruentiae,
1406 1340 1479 1370 quse
1509 1333 1663 1370 apparent
1686 1331 1862 1369 manifeste,

1087 1386 1116 1414 et
1138 1393 1156 1413 a
1181 1384 1286 1413 verbis
1313 1386 1496 1414 sanctorum
1522 1384 1640 1414 habent
1666 1385 1861 1422 firmitatem,

1087 1437 1326 1467 concedendum
1340 1439 1386 1467 est
1402 1437 1486 1476 quod
1516 1446 1581 1467 non
1596 1437 1701 1468 solum
1717 1437 1777 1468 fuit
1792 1447 1865 1468 con-

1088 1500 1220 1530 gruum,
1233 1490 1317 1530 quod
1336 1490 1479 1520 Christus
1493 1493 1669 1522 assumeret
1683 1500 1811 1521 carnem
1827 1492 1865 1522 de

1088 1546 1196 1574 nostro
1212 1553 1329 1583 genere
1347 1544 1385 1574 ad
1401 1544 1632 1584 reparationem
1644 1544 1794 1575 humanae
1805 1554 1866 1575 na*

1088 1601 1186 1636 turre,
1220 1607 1334 1628 verum
1358 1598 1452 1628 etiam
1483 1598 1543 1628 1100
1572 1599 1676 1638 magis
1701 1599 1762 1629 fuit
1789 1608 1865 1629 eon-

1088 1659 1221 1689 gruum,
1239 1659 1336 1689 quam
1351 1650 1436 1689 quod
1458 1650 1518 1680 alio
1535 1650 1628 1680 modo
1652 1650 1778 1688 faceret,
1793 1649 1867 1680 licet

1089 1703 1150 1734 alio
1174 1703 1268 1733 modo
1297 1704 1397 1733 facere
1424 1704 1585 1742 potuisset.
1616 1703 1704 1734 Unde
1728 1703 1866 1734 rationes

1089 1757 1149 1787 hoe
1158 1757 1325 1796 probantes
1340 1758 1414 1786 suut
1428 1757 1649 1787 concedendae.

1133 1813 1158 1840 t.
1177 1810 1223 1840 Ad
1250 1809 1326 1839 illud
1354 1818 1432 1848 ergo
1458 1810 1542 1849 quod
1569 1810 1672 1849 primo
1690 1810 1838 1849 objicitur
1852 1834 1860 1848 ‚

1089 1863 1173 1903 quod
1204 1863 1333 1893 alterius
1361 1865 1483 1893 naturae
1512 1863 1603 1893 debet
1629 1872 1695 1893 esse
1720 1863 1861 1901 morbus,

1090 1926 1185 1957 quam
1204 1916 1378 1954 medicina,
1394 1916 1564 1947 dicendum
1593 1917 1677 1956 quod
1692 1926 1806 1948 verum
1819 1920 1864 1947 est

1090 1980 1147 2010 pro
1167 1980 1204 2001 eo
1219 1973 1372 2009 tempore,
1389 1969 1423 1999 in
1436 1979 1500 2009 quo
1515 1978 1565 2000 res
1583 1972 1683 2009 potest
1698 1970 1758 2000 dici
1769 1970 1866 2000 medi-

1090 2024 1160 2054 cina
1185 2024 1315 2054 alterius
1329 2023 1467 2062 generis,
1489 2032 1555 2053 non
1575 2025 1733 2063 quantum
1755 2023 1792 2053 ad
1808 2032 1867 2054 na-

1091 2081 1208 2114 turam,
1225 2078 1278 2108 sed
1300 2079 1458 2117 quantum
1474 2077 1512 2107 ad
1529 2077 1596 2108 vim
1618 2077 1795 2108 curativam
1813 2088 1820 2108 2
1836 2078 1866 2108 et

1091 2134 1135 2163 sic
1150 2133 1211 2163 fuit
1238 2133 1271 2162 in
1286 2132 1420 2169 Christo,
1436 2132 1511 2171 quia
1528 2131 1594 2171 ipse
1607 2140 1671 2161 non
1688 2133 1755 2162 erat
1768 2131 1866 2162 infec-

1091 2189 1142 2217 tus
1155 2186 1357 2225 corruptione
1373 2185 1648 2224 concupiscentiae,
1663 2185 1717 2215 sed
1731 2185 1866 2217 habebat

1093 2241 1125 2270 in
1140 2249 1173 2270 se
1186 2239 1414 2279 plenitudinem
1426 2239 1549 2278 gratiae.
1563 2237 1648 2269 Unde
1657 2241 1687 2269 et
1697 2239 1866 2279 Apostolus

1092 2294 1176 2332 dicit,
1194 2293 1278 2333 quod
1288 2294 1298 2309 ²
1311 2294 1437 2332 primus
1457 2293 1546 2324 homo
1568 2294 1633 2331 fuit
1647 2293 1686 2325 de
1702 2296 1786 2325 terra
1800 2296 1865 2325 ter-

1093 2355 1200 2384 renus,
1215 2346 1372 2378 secundus
1389 2346 1427 2378 de
1446 2346 1519 2378 coelo
1534 2346 1676 2385 coelestis,
1695 2355 1759 2377 non
1774 2355 1866 2386 prop-

1093 2403 1140 2432 ter
1161 2400 1373 2431 diversitatem
1392 2401 1533 2438 naturae,
1551 2399 1600 2430 vel
1630 2400 1782 2438 materiae,
1812 2401 1866 2432 sed

1094 2456 1221 2494 propter
1234 2453 1444 2484 disserentiam
1459 2454 1615 2492 quantum
1630 2452 1669 2483 ad
1680 2453 1866 2492 qualitatem

1092 2508 1218 2539 virtutis
1232 2509 1262 2538 et
1272 2507 1351 2544 vitii,
1366 2507 1478 2546 gratiae
1493 2509 1524 2538 et
1535 2507 1646 2547 culpae.
1662 2507 1752 2545 Quod
1766 2508 1792 2538 si
1807 2517 1866 2539 ve·-

1093 2561 1132 2592 lis
1146 2561 1263 2591 instare
1274 2560 1359 2601 quod
1376 2560 1506 2591 morbus
1522 2562 1552 2590 et
1564 2560 1719 2591 medicina
1733 2561 1866 2592 suntdi-

1094 2624 1260 2647 versarum
1274 2617 1463 2645 naturarum
1477 2613 1670 2654 simpliciter,
1694 2613 1863 2646 dicendum

1094 2669 1179 2710 quod
1193 2669 1253 2699 1100
1276 2668 1371 2699 habet
1387 2668 1491 2698 locum
1518 2667 1552 2698 in
1580 2667 1748 2706 medicina,
1771 2668 1863 2708 cujus

1900 283 1917 302 3.
1932 284 1984 302 Con-

1878 316 1981 339 gruuntia,

1902 806 1918 823 t.
1931 804 1985 825 Con—

1878 835 1982 860 grucntia.
