2017 2960
776 179 962 211 DlSTINCT.
986 179 1079 211 XVll.
1103 179 1193 211 ART.
1218 179 1239 210 1.

201 249 299 281 altera
319 258 395 281 vero
413 247 642 285 sensualitatis,
659 257 757 288 quam
779 247 860 279 ratio
874 248 945 288 subj
952 247 977 277 i-

202 304 302 334 ciebat
317 302 472 333 voluntati
486 301 603 332 divinae
614 326 621 338 ,
637 302 709 333 lieet
730 303 798 342 ipsa
820 301 978 332 sensuali-

202 358 249 387 tas
272 354 465 386 contrarium
490 356 651 393 appeteret
669 366 675 385 ε
693 358 723 385 et
746 356 803 393 ita,
829 354 978 394 quamvis

202 418 266 440 non
290 410 357 439 erat
383 408 509 445 similis,
535 411 602 438 erat
629 410 736 439 tamen
759 409 920 448 subJecta,
943 417 979 438 ac

202 471 258 502 per
272 462 333 493 1106
346 471 410 492 non
425 463 492 492 erat
509 462 678 492 contraria.

241 518 271 546 02.
299 515 348 546 Ad
370 515 448 545 illud
472 515 646 554 Augustini
669 524 732 554 quo
755 515 870 545 dicitur
894 514 980 555 quod

201 569 349 600 voluntas
365 569 508 599 humana
530 568 565 598 in
587 567 708 598 Christo
730 568 866 598 distabat
888 577 906 598 a
922 577 979 598 vo-

203 623 322 653 luntate
338 622 462 661 divina,
477 622 647 653 dicendum
669 622 753 661 quod
778 622 980 662 Augustinus

201 676 336 707 intendit
357 675 400 706 ibi
424 684 543 716 ponere
557 675 741 706 distantiam
758 678 916 715 quantum
941 676 980 706 ad

201 729 418 761 diversitatem
446 729 669 767 voluntatum,
688 730 730 759 ‘et
758 731 915 769 quantum
941 729 979 759 ad

202 782 384 813 distantiam
403 782 588 820 volitorum,
609 791 673 812 non
694 784 801 813 autem
822 784 980 822 quantum

203 836 242 866 ad
258 835 463 875 subjectionis
477 836 624 866 ordinem
638 836 671 866 in
687 836 823 866 volendo
841 847 847 866 :
865 837 894 866 et
910 835 981 866 ideo

203 889 258 920 illa
273 889 421 920 distantia
435 898 500 920 non
515 889 604 929 ponit
618 889 878 920 controversiam.

245 945 273 973 3.
290 943 338 973 Ad
361 943 440 974 illud
456 943 540 982 quod
556 943 720 982 objicitur,
739 943 824 982 quod
840 943 982 974 Christus

204 996 331 1026 nolebat
359 996 557 1027 Hierusalem
582 996 702 1027 destrui
729 997 891 1028 voluntate
919 998 983 1028 hu-

205 1058 310 1087 mana,
327 1049 498 1080 dicendum
513 1050 608 1090 quod,
626 1050 706 1081 sicut
723 1050 817 1090 Hugo
831 1051 916 1089 dicit,
929 1051 983 1081 illa

176 1114 181 1119 ·
204 1105 272 1133 erat
294 1102 443 1133 voluutas
457 1104 599 1143 pietatis,
623 1114 687 1143 qua
711 1105 748 1143 ta)
775 1104 845 1135 ideo
868 1105 980 1142 flebat,

205 1156 290 1196 quod
301 1156 552 1187 misericordiam
567 1157 719 1196 diligebat
741 1169 746 1188 :
766 1160 797 1188 et
809 1158 886 1198 quia
900 1159 982 1189 Deus

205 1208 249 1239 sic
260 1209 387 1240 volebat
401 1218 477 1240 eum
494 1210 528 1249 (b)
547 1210 635 1247 velle,
652 1210 722 1241 ideo
736 1210 853 1241 divinae
870 1212 982 1242 volun-

204 1262 260 1293 tati
273 1271 339 1292 non
359 1263 563 1302 repugnabat
579 1274 584 1293 :
603 1265 671 1294 erat
685 1264 771 1294 enim
791 1264 834 1294 ibi
857 1266 979 1296 confor-

204 1315 297 1346 mitas
313 1316 346 1346 in
360 1317 481 1347 ratione
503 1317 641 1355 volendi,
657 1319 807 1358 quamvis
822 1329 885 1350 non
903 1323 983 1351 esset

205 1369 238 1399 in
249 1369 357 1400 volito.
375 1369 466 1407 Quod
481 1371 565 1401 enim
580 1372 624 1402 sie
641 1372 750 1410 vellet,
768 1372 828 1403 hoc
847 1373 984 1404 habebat

205 1432 224 1452 a
238 1422 312 1461 Deo,
329 1425 361 1454 et
375 1423 459 1454 Deus
473 1424 598 1455 volebat
613 1434 688 1456 eum
704 1426 747 1456 sic
763 1426 856 1457 velle.

246 1478 275 1506 4.
292 1476 341 1507 Ad
356 1476 434 1507 illud
450 1477 535 1517 quod
551 1478 717 1518 objicitur,
735 1480 819 1519 quod
836 1480 983 1511 voluntas

205 1530 416 1560 sensualitatis
439 1534 599 1570 repugnat
616 1532 746 1571 rationi,
763 1533 839 1573 quia
859 1534 983 1564 volebat

206 1583 404 1614 contrarium
414 1608 423 1621 ,
440 1584 611 1615 dicendum
625 1586 709 1625 quod
724 1586 929 1617 contrarietas
944 1596 982 1617 ex

206 1638 296 1676 parte
310 1637 398 1667 voliti
418 1646 484 1668 non
503 1638 577 1669 dicit
596 1640 849 1670 contrarietatem
865 1640 898 1670 in
924 1650 983 1671 vo-

206 1690 344 1727 luntate,
362 1690 424 1721 nisi
440 1691 502 1721 sint
517 1691 594 1722 tales
608 1692 805 1731 voluntates,
822 1702 895 1733 quae
917 1703 983 1724 non

206 1745 331 1774 tantum
346 1744 409 1775 sint
427 1745 461 1784 (c)
479 1747 562 1775 natae
578 1746 771 1776 conformari
785 1755 842 1786 per
858 1747 984 1786 subjec-

205 1797 336 1836 tionem,
357 1798 411 1829 sed
425 1799 521 1829 etiam
546 1808 602 1839 per
623 1799 818 1831 identitatem
834 1809 874 1831 ex
895 1803 983 1840 parte

205 1850 306 1881 voliti.

247 1905 276 1933 5.
292 1904 338 1934 Ad
355 1904 433 1935 illud
448 1905 533 1945 quod
546 1905 704 1946 objicitur,
717 1907 802 1947 quod
816 1907 984 1938 contrariis

206 1956 427 1991 affectionibus
450 1958 710 1998 disponebantur,
731 1961 840 1999 utpote
862 1960 984 1990 securi-

206 2011 268 2040 tate
283 2012 313 2040 et
327 2010 366 2049 (d)
388 2011 514 2049 timore⁷
537 2012 655 2051 gaudio
677 2016 707 2044 et
722 2013 860 2051 tristitia,
877 2013 983 2043 dicen-

206 2063 282 2094 dum
293 2065 377 2104 quod
393 2074 458 2095 una
473 2065 602 2096 illarum
618 2067 821 2098 affectionum
842 2067 984 2106 subjecta

205 2120 272 2148 erat
286 2117 388 2156 alteri,
411 2121 441 2148 et
457 2119 596 2158 quodam
619 2121 713 2151 modo
741 2120 912 2151 materialis
923 2120 984 2150 fuit

204 2170 244 2202 ad
265 2170 409 2210 alteram,
435 2171 515 2202 siout
538 2173 658 2204 dictum
682 2174 740 2205 fuit
763 2183 869 2214 supra,
897 2173 983 2213 quod

205 2225 364 2264 gaudium
385 2225 419 2255 in
436 2225 559 2257 Christo
584 2236 648 2258 non
672 2227 926 2258 contrariabatur
947 2227 980 2266 (e)

205 2278 318 2316 dolori,
334 2279 410 2320 quia
423 2280 586 2319 gaudebat
599 2281 638 2312 de
654 2281 723 2321 ipso
737 2281 844 2312 dolore
862 2292 868 2312 :
889 2281 933 2311 sic
947 2282 983 2310 et

206 2334 240 2364 in
255 2335 416 2375 proposito
431 2335 681 2376 intelligendum
697 2338 753 2368 est.

247 2389 277 2418 6.
305 2387 352 2419 Ad
377 2388 455 2420 illud
482 2390 567 2429 quod
595 2390 743 2431 objicitur
755 2414 763 2429 ‚
793 2390 879 2431 quod
903 2389 983 2420 ratio

1754 182 1811 210 375

1033 247 1249 277 consentiebat
1272 245 1484 282 sensualitati,
1509 246 1565 275 aut
1588 245 1810 284 dissentiebat,

1032 300 1202 331 dicendum
1218 299 1302 339 quod
1319 298 1458 338 quodam
1475 298 1569 328 modo
1585 298 1810 337 consentiebat,

1033 354 1171 394 quodam
1187 353 1281 383 modo
1298 352 1517 389 dissentiebat,
1534 352 1711 382 secundum
1727 354 1811 392 quod

1034 408 1149 447 aliquis
1181 409 1281 446 potest
1305 407 1398 437 alicui
1427 405 1593 445 dupliciter
1618 406 1810 446 consentire,

1034 463 1089 491 aut
1111 459 1245 490 volendo
1268 460 1352 490 idem
1376 460 1461 499 quod
1485 459 1550 499 ipse
1572 459 1653 497 vult,
1680 462 1735 490 aut
1755 469 1813 490 vo-

1034 514 1128 544 lendo
1143 513 1249 553 ipsum
1265 513 1310 543 sic
1323 513 1415 543 velle,
1432 513 1521 543 Ratio
1536 515 1644 544 autem
1661 513 1812 544 sensuali-

1035 566 1106 596 tatis
1128 566 1343 596 consentiebat
1367 566 1501 597 volendo
1523 576 1593 596 eam
1619 566 1739 597 moveri
1759 568 1814 598 :et

1035 620 1095 650 hoc
1120 620 1204 650 idem
1233 622 1299 649 erat
1321 619 1444 649 licitum
1469 620 1664 650 sensualitati
1693 631 1699 650 :
1729 619 1813 651 unde

1036 682 1101 704 non
1123 673 1248 703 volebat
1269 672 1329 702 nisi
1352 672 1493 710 licitum3
1517 682 1581 703 non
1608 675 1714 703 autem
1738 683 1813 704 con-

1036 727 1189 757 sentiebat
1213 726 1331 763 volito,
1356 726 1387 757 id
1410 728 1456 756 est
1480 726 1515 756 in
1540 726 1646 766 ipsum
1673 726 1705 756 in
1729 726 1815 766 quod

1036 780 1223 811 sensualitas
1239 789 1246 810 :
1264 780 1325 811 1106
1340 779 1425 810 enim
1441 781 1521 810 esset
1537 779 1683 809 illicitum
1700 779 1814 809 volun-

1035 834 1091 864 tati
1118 833 1264 869 rationis,
1292 835 1322 863 et
1350 833 1409 863 hoc
1435 841 1500 862 non
1525 832 1660 872 ponebat
1685 841 1813 863 earnem

1036 887 1257 927 concupiscere
1272 886 1425 916 adversus
1440 885 1589 925 spiritum
1603 909 1610 923 ‚
1626 885 1692 916 sive
1713 886 1815 916 rebel-

1035 941 1154 972 lionem
1178 940 1390 971 sensualitatis
1409 939 1447 969 ad
1466 939 1639 976 rationem,
1656 938 1709 968 illa
1728 939 1814 969 enim

1037 996 1165 1027 rebellio
1189 994 1278 1034 ponit
1302 995 1477 1032 utrumque
1504 992 1692 1022 dissensum.
1726 992 1815 1023 Unde

1037 1049 1214 1080 notandum
1238 1047 1323 1087 quod
1347 1047 1507 1077 dissensus
1528 1048 1629 1085 potest
1654 1055 1722 1076 esse
1746 1055 1816 1076 sen-

1037 1102 1191 1133 sualitatis
1206 1101 1245 1131 ad
1261 1100 1417 1131 rationem
1440 1101 1471 1129 et
1494 1101 1652 1138 quantum
1677 1099 1716 1129 ad
1731 1099 1815 1130 voli-

1037 1157 1118 1192 tum,
1135 1157 1164 1185 et
1179 1156 1337 1194 quantum
1361 1153 1400 1184 ad
1417 1154 1523 1183 actum
1543 1151 1670 1182 volendi
1688 1161 1694 1181 z
1712 1153 1742 1182 et
1755 1152 1816 1183 hoc

1037 1209 1166 1248 quidem
1201 1207 1338 1247 pertinet
1367 1206 1405 1236 ad
1434 1208 1583 1236 naturam
1612 1206 1732 1245 lapsam
1759 1214 1816 1245 per

1037 1271 1165 1302 poenam
1180 1263 1209 1291 et
1223 1260 1359 1300 culpam.
1379 1259 1415 1290 Et
1430 1261 1475 1290 est
1491 1268 1608 1299 ponere
1623 1268 1814 1289 consensum

1038 1318 1194 1355 quantum
1211 1314 1250 1345 ad
1266 1316 1451 1353 utrumque,
1471 1313 1513 1342 ita
1528 1312 1611 1352 quod
1627 1312 1816 1343 sensualitas

1038 1369 1201 1409 subJ'aceat
1215 1367 1329 1398 rationi
1347 1378 1353 1398 2
1371 1369 1403 1397 et
1424 1367 1485 1397 hoc
1506 1366 1641 1406 pertinet
1659 1366 1697 1395 ad
1718 1368 1815 1396 natu-

1039 1432 1107 1453 ram
1129 1422 1319 1452 institutam.
1337 1420 1373 1451 Et
1399 1422 1446 1451 est
1467 1429 1585 1459 ponere
1600 1419 1755 1456 medium,
1773 1419 1816 1449 ita

1038 1476 1123 1516 quod
1147 1475 1321 1506 consentiat
1347 1474 1427 1505 ratio
1452 1473 1649 1504 sensualitati
1670 1475 1816 1512 respectu

1038 1532 1125 1560 aetus
1146 1528 1286 1566 volendi,
1309 1527 1362 1558 sed
1386 1536 1451 1558 non
1475 1529 1620 1566 respectu
1642 1526 1730 1557 voliti
1756 1537 1762 1556 :
1786 1527 1816 1556 et

1038 1583 1099 1614 1106
1113 1583 1248 1623 pertinet
1263 1582 1303 1612 ad
1322 1583 1468 1611 naturam
1494 1581 1664 1611 habentem
1690 1589 1816 1619 poenam

1038 1638 1159 1677 absque
1183 1637 1284 1676 eulpa,
1306 1635 1408 1676 qualis
1429 1635 1488 1665 fuit
1511 1636 1626 1665 natura
1651 1643 1669 1664 a
1695 1633 1816 1664 Christo

1038 1693 1222 1730 assumpta,
1254 1698 1328 1730 quae
1358 1688 1479 1728 aliquid
1500 1687 1615 1719 habuit
1640 1687 1678 1717 de
1703 1688 1818 1717 natura

1040 1744 1193 1782 instituta,
1211 1742 1332 1782 aliquid
1345 1742 1383 1772 de
1396 1743 1511 1772 natura
1525 1741 1623 1780 lapsa.

1271 1849 1517 1884 ARTICULUS
1542 1850 1582 1882 ΙΙ.

1080 1958 1314 1998 Consequenter
1333 1956 1490 1996 quaeritur
1513 1955 1551 1986 de
1566 1955 1708 1985 oratione
1727 1954 1819 1985 Chri—

1039 2013 1098 2050 sti;
1129 2014 1159 2043 et
1188 2012 1271 2042 eirca
1295 2011 1356 2041 1106
1379 2011 1570 2050 quaeruntur
1596 2009 1656 2039 tria
1684 2018 1691 2038 ε
1715 2008 1818 2048 primo

1039 2065 1198 2106 quaeritur
1220 2066 1330 2095 utrum
1354 2063 1495 2094 decuerit
1520 2062 1683 2093 Christum
1706 2070 1815 2098 orare3

1039 2119 1177 2150 secundo
1193 2118 1350 2158 quaeritur
1370 2119 1482 2148 utrum
1508 2117 1543 2146 in
1564 2116 1652 2147 omni
1677 2115 1818 2146 oratione

1039 2183 1097 2204 sua
1111 2172 1207 2204 fuerit
1221 2171 1390 2203 exauditus
1403 2181 1410 2208 ;
1428 2169 1520 2200 tertio
1535 2169 1692 2209 quaeritur
1707 2170 1817 2199 utrum

1039 2227 1093 2258 illa
1116 2227 1232 2264 oratio,
1260 2235 1324 2266 qua
1347 2224 1450 2256 oravit
1473 2224 1507 2254 in
1532 2223 1696 2263 passione,
1722 2220 1818 2252 tuerit

1039 2279 1262 2317 sensualitatis,
1279 2280 1335 2309 aut
1349 2277 1491 2309 rationis.

1072 2363 1102 2393 (a)
1120 2363 1180 2387 caet.
1193 2362 1253 2386 edit.
1270 2369 1334 2393 quae.
1350 2375 1379 2379 —
1397 2361 1428 2392 (b)
1442 2367 1539 2384 eam.-
1553 2360 1584 2390 (c)
1601 2359 1667 2382 sunt.
1680 2372 1702 2375 —
1724 2357 1758 2388 (tl)
1774 2357 1817 2381 ΑΙ.

1039 2399 1105 2422 deest
1120 2401 1198 2423 et.-—
1213 2399 1244 2429 (e)
1261 2397 1472 2421 contrmiebatur.
