2017 2960
39 236 137 265 improb.

39 556 105 585 Opin.
117 559 135 578 ³.

669 154 765 188 lilsT.
791 153 828 185 ll.
853 151 944 184 ART.
968 150 1004 182 ll.
1029 149 1177 188 QUAEST.
1204 150 1254 180 lll.

162 229 474 272 personaeincreatae.
492 226 553 258 Sed
569 226 626 256 iste
645 233 734 256 error
748 223 852 254 adhuc
865 232 935 262 pes-

162 285 263 316 simus
279 284 343 319 est,
359 282 450 323 quia,
472 281 498 311 si
523 280 665 311 Clu-istus
681 278 822 308 animam
840 276 935 306 ratio-

162 337 266 369 nalem
279 346 344 368 non
354 335 478 370 habuit,
489 334 630 365 animam
642 331 830 363 rationalem
841 340 859 360 a
870 339 939 369 pec-

165 393 234 422 cato
259 399 324 421 non
349 389 493 421 redemit.
524 388 559 419 lit
588 388 716 423 iterum,
743 385 770 415 si
797 385 937 415 animam

162 444 348 476 rationalem
362 453 426 475 non
438 443 559 479 habuit,
576 450 672 472 verus
686 441 784 471 homo
793 449 855 470 non
868 439 936 476 suit,

160 499 235 539 quia
250 507 314 529 non
326 497 436 528 habuit
451 495 589 527 liominis
604 494 885 534 complementum.
903 492 939 522 lit

161 551 220 583 hoc
243 552 347 582 (licere
369 552 489 591 absque
506 549 603 581 dubio
627 550 675 579 est
696 557 878 578 erroneum.
903 547 939 578 tit

163 606 232 638 ideo
245 609 291 637 est
302 605 414 637 tertius
428 604 542 636 modus
550 602 673 633 dicendi
686 611 782 632 verus
794 604 824 632 et
834 601 938 632 catho-

161 659 251 698 licus,
276 659 361 700 quod
380 658 523 689 Christus
544 656 718 696 assumpsit
737 664 847 686 veram
868 664 938 685 rar-

161 723 246 751 nem,
258 722 373 744 verum
389 721 516 753 corpus,
534 714 563 741 et
578 720 689 742 veram
705 710 846 740 animam
865 718 939 740 cum

159 767 226 798 suis
242 767 391 807 potentiis
405 765 578 805 vegetabili
592 789 598 802 ‚
615 764 756 796 sensibili
771 788 778 801 ,
795 766 826 794 et
841 763 936 794 ratio-

159 820 235 852 nali.
251 820 287 851 Et
301 820 382 851 ratio
392 820 492 859 hujus
501 822 559 855 est,
571 819 647 859 quia
658 818 802 849 Christus
816 826 937 848 assum—

159 874 220 914 psit
243 873 418 905 humanam
443 875 611 910 naturam,
627 874 663 903 nt
681 874 765 902 esset
784 871 941 902 mediator

159 926 212 958 Dei
227 930 256 958 et
268 927 449 958 hominum.
465 926 501 957 Et
512 927 588 967 quia
603 926 760 966 perfectus
771 925 938 962 mediator,

159 980 230 1012 ideo
248 982 406 1022 perfectus
424 981 524 1019 Deus,
542 983 573 1011 et
592 980 750 1020 perlectus
769 979 877 1009 1101110.
903 978 941 1008 Et

161 1034 237 1075 quia
258 1035 416 1075 perfectus
440 1034 536 1065 homo
556 1044 620 1065 non
644 1036 710 1072 est,
739 1033 799 1063 nisi
824 1032 940 1063 habeat

162 1097 279 1128 corpus
293 1097 368 1119 cum
389 1088 541 1118 omnibus
563 1087 735 1124 membris,
752 1088 783 1117 et
799 1086 939 1117 animam

161 1151 235 1173 cum
267 1142 417 1172 omnibus
445 1141 592 1181 potentiis
607 1151 614 1178 ;
641 1141 710 1171 ideo
741 1140 849 1170 onmia
872 1140 941 1170 haec

161 1196 344 1236 affiumpsit.
367 1195 502 1233 Rursus,
519 1195 595 1235 quia
611 1189 768 1234 perfectus
783 1193 941 1224 mediator

162 1250 237 1288 suit,
264 1250 334 1282 ideo
363 1250 521 1290 perfectus
545 1249 793 1290 comprehensor
814 1248 885 1286 suit,
912 1250 942 1278 et

161 1303 320 1344 perfectus
351 1303 473 1341 viator;
499 1303 656 1343 perfectus
684 1302 717 1333 in
745 1301 940 1342 contempla-

163 1357 259 1394 tione,
275 1360 306 1388 et
318 1358 477 1398 perfectus
491 1358 525 1388 in
539 1357 678 1395 actione;
691 1358 723 1387 et
735 1356 893 1397 perfectus
908 1355 940 1385 in

163 1411 361 1452 operatione,
387 1414 418 1442 et
441 1412 598 1452 perfectus
615 1411 648 1441 in
671 1411 827 1451 passione.
850 1409 887 1440 Et
903 1409 942 1440 ad

164 1465 272 1496 omnia
296 1465 364 1496 haec
394 1465 556 1505 sequitur,
584 1464 669 1505 quod
693 1464 806 1495 habuit
831 1472 943 1494 veram

163 1518 375 1550 substantiam
389 1519 519 1549 animae.
540 1517 629 1549 Unde
644 1517 853 1548 concedendae
868 1519 944 1548 sunt

162 1572 302 1604 rationes
318 1572 378 1603 hoc
391 1572 603 1604 ostendentes.

206 1628 234 1657 ¹.
250 1626 297 1657 Aa
309 1626 387 1657 illud
403 1626 488 1666 quod
502 1626 606 1665 primo
621 1625 794 1665 opponitur
807 1625 846 1656 de
868 1633 944 1655 ver-

163 1679 204 1710 bo
216 1678 359 1717 Joannis,
373 1678 544 1709 dicendum
560 1677 645 1718 quod
662 1677 740 1708 illud
755 1677 876 1708 dictum
890 1687 944 1708 ve-

163 1742 237 1764 rum
251 1735 299 1764 est
314 1742 369 1773 per
392 1732 624 1772 synecdochen,
641 1733 672 1762 et
693 1740 768 1762 caro
789 1731 944 1772 accipitur

163 1786 208 1818 ibi
218 1795 276 1828 pro
291 1789 356 1817 tota
366 1788 481 1816 natura
495 1785 650 1816 humana.
668 1784 707 1816 Et
716 1785 742 1815 si
758 1787 791 1816 tu
801 1795 942 1826 quaeram,

163 1849 264 1880 quare
279 1840 347 1880 ipse
359 1849 435 1871 usus
446 1842 491 1870 est
506 1839 561 1870 illo
573 1839 803 1879 synecdochico
820 1849 942 1871 sermo-

163 1902 216 1932 ne,
231 1893 403 1925 dicendum
419 1893 503 1934 quod
521 1893 581 1924 hoc
596 1893 668 1924 ideo
680 1893 762 1930 fecit,
778 1894 854 1934 quia
875 1894 942 1934 ipsa

164 1950 280 1979 natura
293 1950 460 1987 assumpta
479 1947 572 1978 nobis
594 1949 641 1978 est
664 1947 769 1979 notior
788 1957 829 1978 ex
855 1949 944 1988 parte

164 2000 351 2032 substantiae
371 2000 555 2041 corporalis,
573 2010 671 2041 quam
695 2001 881 2042 spiritualis.
906 2001 945 2032 Et

165 2055 248 2093 ideo,
261 2055 339 2095 quia
353 2054 496 2095 cognitio
508 2057 615 2085 nostra
630 2055 742 2095 incipit
755 2055 796 2086 ab
810 2055 860 2087 his
870 2064 944 2096 quae

164 2111 239 2140 sunt
256 2109 349 2140 nobis
371 2109 476 2148 magis
499 2111 585 2145 nota,
603 2109 794 2149 mysterium
817 2109 945 2141 unionis

164 2163 318 2194 humanae
333 2166 458 2194 naturae
473 2173 549 2194 cum
567 2163 675 2194 divina
691 2163 795 2203 magis
805 2163 945 2204 descrip-

165 2217 206 2248 sit
219 2226 260 2248 ex
282 2220 370 2258 parte
390 2217 506 2248 carnis.
530 2217 599 2248 Alia
622 2218 720 2248 etiam
740 2218 822 2248 ratio
844 2220 946 2258 potest

164 2271 252 2302 reddi
270 2280 278 2302 t
293 2272 369 2311 quia
389 2271 422 2302 in
437 2271 655 2312 assumptione
666 2272 772 2302 carnis
784 2271 946 2303 clauditur

165 2325 341 2366 assumptio
369 2326 488 2356 anima-1
516 2326 692 2357 rationalis.
717 2325 750 2357 Si
778 2326 864 2357 enim
890 2336 945 2357 as-

164 2379 303 2420 sumpsit
320 2379 405 2420 quod
422 2380 530 2411 minus
548 2380 586 2411 ad
609 2381 861 2421 assumptionem
878 2383 946 2411 erat

164 2432 328 2472 idoneum,
345 2436 376 2465 et
402 2434 508 2474 magis
533 2434 574 2465 ab
599 2437 782 2466 assumente
798 2435 945 2473 distabat,

166 2486 269 2519 multo
281 2487 387 2528 magis
401 2488 573 2528 assumpsit
594 2488 672 2519 illud
691 2487 777 2528 quod
792 2491 859 2519 erat
875 2497 947 2519 ma-

167 2541 218 2581 gis
231 2541 394 2581 idoneum,
409 2544 440 2573 et
460 2542 566 2582 magis
586 2542 807 2574 conveniebat.
830 2542 870 2574 Et
890 2551 948 2582 per

169 2593 231 2626 hoc
252 2597 337 2636 patet
354 2596 520 2637 responsio
543 2596 582 2627 ad
604 2605 762 2637 sequens,
785 2605 887 2636 quare
901 2595 947 2626 in-

205 2661 213 2677 ¹
225 2659 330 2691 Philip„
344 2666 373 2692 ΙΙ,
386 2662 410 2686 Ἱ-

1735 152 1773 183 825

993 219 1134 249 carnatio
1152 218 1256 258 potius
1269 217 1395 255 (licitur,
1414 227 1512 257 quam
1538 219 1690 249 animatio
1706 230 1712 250 ε
1728 220 1770 249 sic

994 272 1079 303 enim
1099 273 1131 302 lit
1147 271 1363 302 denominatio
1386 281 1405 301 a
1428 274 1517 312 parte
1540 272 1672 309 notiori,
1688 275 1716 302 et
1733 274 1772 303 ab

994 336 1031 357 ea
1045 329 1132 367 parte
1161 327 1193 356 in
1215 335 1280 366 qna
1304 325 1408 365 magis
1424 325 1606 365 implicatur
1627 326 1706 356 ratio
1726 328 1775 356 to-

995 381 1068 412 tius.
1088 380 1123 411 let
1138 380 1221 420 quod
1238 379 1462 420 ‹licit1n·‚quod
1483 379 1699 410 denominatio
1721 380 1775 410 de-

996 435 1045 465 lwt
1059 435 1125 465 [in-ri
1142 445 1160 464 a
1176 435 1332 472 digniori,
1351 434 1520 465 (licendum
1537 434 1622 474 quod
1642 435 1701 465 hoc
1720 444 1776 464 ve-

996 499 1068 519 rum
1085 492 1126 518 est
1138 513 1145 524 ,
1164 489 1221 519 nisi
1238 489 1298 519 alia
1316 489 1395 519 ratio
1411 489 1611 519 interveniat.

1037 545 1066 573 ΕΞ.
1084 542 1131 572 Ad
1149 543 1225 573 illud
1241 543 1622 583 quodopponilnr,‹1no‹l
1639 543 1715 573 unio
1727 552 1776 573 or-

996 597 1126 627 dinatur
1140 599 1249 626 contra
1272 597 1389 637 pcccati
1409 597 1586 636 originem,
1604 598 1775 628 dicendum

995 650 1080 691 quod
1095 651 1151 681 etsi
1170 651 1262 689 origo
1286 652 1402 691 peccati
1421 651 1494 681 sita
1509 660 1603 682 carne
1623 654 1776 691 tanquam

995 714 1013 736 a
1028 705 1206 742 deserente,
1228 707 1258 736 et
1273 715 1332 735 sua
1353 705 1520 735 infectione
1541 705 1683 736 animam
1704 705 1778 735 inss-

995 760 1114 797 ciente·,
1138 769 1305 800 nunqnam
1330 762 1437 791 tamen
1459 762 1506 791 cst
1531 760 1563 790 in
1586 769 1695 797 carne,
1715 760 1777 790 nisi

996 814 1036 844 al»
1051 814 1172 851 anima,
1192 823 1249 844 nec
1265 813 1421 844 traductio
1437 813 1540 844 carnis
1555 823 1594 844 ex
1610 822 1704 844 carne
1719 816 1775 847 cst,

996 868 1055 898 nisi
1078 878 1133 909 per
1152 868 1306 899 virtutem
1325 868 1443 898 animae
1460 879 1466 898 :
1483 871 1513 898 et
1530 868 1600 898 ideo
1621 868 1778 908 reparatio

997 932 1060 953 non
1081 925 1206 953 tantum
1228 922 1360 953 debebat
1381 922 1536 962 respicere
1557 931 1703 959 carnem,
1724 922 1778 952 sed

997 979 1026 1007 et
1038 977 1179 1008 animam
1190 1002 1197 1015 ‚
1214 977 1278 1007 imo
1293 976 1499 1017 principalius
1511 976 1665 1012 animam,
1679 985 1777 1016 quam

997 1040 1137 1061 carnem.
1156 1030 1193 1061 lit
1213 1033 1379 1070 propterca
1396 1039 1460 1060 non
1477 1030 1601 1060 sull'ecit
1615 1038 1777 1060 assumere

997 1086 1096 1115 solam
1112 1093 1252 1115 carnem.

1038 1140 1067 1168 3.
1086 1138 1132 1168 Ad
1150 1137 1227 1168 illud
1242 1137 1326 1177 quod
1341 1137 1528 1176 opponitur,
1543 1137 1628 1176 quod
1644 1145 1778 1176 persona

997 1191 1091 1223 Verbi
1109 1191 1226 1222 suflicit
1245 1192 1283 1222 acl
1303 1190 1534 1221 vivificandum
1550 1192 1581 1221 et
1600 1190 1777 1230 regendum

998 1254 1126 1276 carnem
1149 1254 1205 1285 per
1226 1244 1421 1275 intellectum
1443 1247 1474 1275 et
1492 1244 1691 1275 voluntatem
1703 1268 1711 1280 ,
1728 1244 1779 1274 di-

998 1299 1136 1330 cendum
1158 1298 1242 1339 quod
1263 1298 1321 1329 etsi
1344 1306 1489 1338 personae
1502 1297 1596 1328 Verbi
1611 1298 1781 1329 conveniat

999 1354 1162 1384 vivificare
1178 1363 1234 1393 per
1249 1352 1382 1383 modum
1398 1351 1574 1390 efficientis,
1591 1361 1657 1382 non
1672 1354 1779 1382 tamen

998 1407 1150 1438 convenit
1170 1406 1334 1438 vivificare
1351 1415 1407 1445 per
1424 1405 1557 1436 modum
1574 1405 1685 1436 tormae
1705 1414 1780 1445 per-

999 1461 1134 1492 ficientis
1151 1470 1158 1491 :
1175 1463 1206 1491 et
1223 1460 1284 1491 hoc
1295 1485 1303 1498 ,
1319 1459 1441 1490 ratione
1456 1468 1594 1490 summae
1611 1458 1780 1499 perfectio-

999 1516 1048 1546 nis
1063 1524 1138 1556 quae
1154 1517 1201 1546 est
1223 1515 1255 1545 in
1275 1515 1353 1553 Deo,
1372 1516 1500 1554 propter
1514 1522 1613 1554 quam
1633 1522 1698 1544 non
1720 1522 1779 1554 po-

999 1571 1057 1600 test
1079 1578 1150 1609 pars
1170 1577 1236 1599 esse
1258 1568 1396 1608 alicujus
1418 1567 1636 1598 constitutiva.
1655 1566 1694 1598 Et
1711 1567 1780 1598 ideo

998 1622 1175 1654 secundum
1196 1622 1375 1652 humanam
1390 1623 1539 1652 naturam
1555 1620 1698 1652 Christus
1715 1622 1780 1652 for-

999 1685 1086 1706 mam
1111 1678 1249 1706 creatam
1273 1675 1387 1706 habuit
1413 1675 1662 1715 completivam:
1681 1677 1712 1705 et
1736 1675 1780 1705 sic

999 1729 1172 1761 certissime
1187 1729 1382 1760 credendum
1397 1731 1443 1760 est
1458 1729 1622 1760 Christum
1635 1737 1780 1769 assump-

999 1784 1076 1815 sisse
1087 1808 1095 1821 ,
1112 1786 1143 1815 et
1163 1792 1274 1814 veram
1293 1793 1422 1814 carnem
1433 1808 1441 1822 ‚
1459 1785 1490 1814 et
1511 1792 1622 1814 veram
1639 1783 1780 1814 animam

999 1838 1198 1869 rationalem.

1261 1913 1441 1952 QUAEsT10
1465 1914 1519 1945 lll.

1000 1986 1045 2011 An
1059 1984 1178 2012 Christus
1193 1984 1279 2017 fuerit
1293 1983 1408 2018 ejusdem
1421 1984 1520 2018 speciei
1531 1991 1590 2010 cum
1612 1984 1714 2010 coeteris
1738 1983 1780 2009 Ιιο-

1316 2029 1445 2056 minibus.

1042 2110 1154 2141 Utrum
1171 2109 1313 2141 christus
1333 2109 1482 2140 habuerit
1498 2119 1571 2140 cum
1590 2109 1659 2140 aliis
1673 2109 1782 2140 homi·

1000 2164 1096 2195 nibus
1110 2173 1316 2195 communem
1331 2163 1486 2204 speciem3
1504 2166 1534 2194 et
1549 2164 1634 2204 quod
1650 2163 1711 2202 sic,
1729 2163 1780 2193 vi-

1000 2218 1113 2249 detur¹
1133 2229 1139 2249 :
1159 2219 1197 2249 In
1214 2217 1466 2250 similitudinem
1481 2217 1647 2250 hominum
1663 2218 1779 2257 saccus:

1000 2271 1027 2302 εἰ
1049 2281 1128 2312 ergo
1150 2272 1367 2303 communitas
1389 2271 1505 2312 speciei
1528 2271 1702 2302 attenditur
1729 2279 1781 2301 se—

1001 2326 1144 2357 cundum
1157 2326 1418 2357 assimilationem
1432 2325 1465 2355 in
1479 2325 1581 2356 forma
1596 2325 1781 2356 humanita-

1001 2380 1051 2416 tis,
1067 2380 1197 2411 videtur
1210 2379 1297 2420 quod
1311 2379 1454 2411 Christus
1470 2379 1503 2410 in
1519 2380 1621 2410 forma
1636 2378 1782 2419 specifica

1001 2434 1172 2466 conveniat
1185 2443 1261 2465 cum
1277 2434 1346 2465 aliis
1359 2434 1558 2465 hominibus.

1046 2488 1122 2520 ltem
1138 2488 1267 2528 genitus
1282 2490 1329 2519 est
1343 2488 1487 2528 ejusdem
1503 2487 1618 2528 speciei
1633 2495 1709 2517 cum
1726 2495 1782 2526 ge-

1002 2545 1136 2574 nerante
1151 2543 1185 2574 in
1201 2542 1411 2583 generatione
1431 2543 1570 2574 univoca
1585 2553 1591 2572 :
1608 2540 1663 2572 sed
1677 2539 1782 2572 Chris-

1003 2599 1057 2629 tus
1072 2597 1203 2638 genitus
1222 2597 1281 2628 ruit
1296 2606 1337 2629 ex
1355 2597 1446 2628 beata
1456 2595 1589 2635 Virgine
1603 2605 1610 2627 :
1624 2603 1704 2634 ergo
1723 2594 1782 2625 suit

1003 2651 1148 2692 ejusdem
1163 2651 1276 2691 speciei
1292 2661 1366 2682 cum
1381 2662 1429 2682 ea.
