2017 2960
648 143 835 176 DISTlNCT.
858 141 948 173 XXX.
972 142 1063 174 ART.
1089 143 1112 174 1.
1136 143 1273 181 QUAEST
1296 143 1333 173 II.

178 211 323 242 animam
343 218 436 242 suam
457 211 551 249 ponit
567 211 605 251 (a)
623 219 679 250 pro
700 211 811 243 ovibus
827 210 907 241 suis.
922 209 955 239 Si

178 272 256 303 ergo
271 263 446 304 imperfecti
460 273 526 294 non
543 266 693 295 tenentur
708 264 746 295 ad
759 272 856 304 opera
877 263 956 293 cha-

178 317 279 348 ritatis
303 318 469 357 perfectae,
495 317 621 349 videtur
646 319 732 358 quod
758 326 824 347 non
846 325 958 347 omnes

177 373 346 401 teneantur
359 380 416 410 pro
432 370 554 401 Christo
569 372 600 402 et
615 371 685 410 ejus
700 370 852 401 membris
867 378 957 400 mor-

177 425 242 453 tem
256 423 376 454 subire.

219 475 296 506 Item
320 476 426 515 majus
447 478 493 506 est
515 477 651 506 mortem
672 476 779 506 subire
793 484 850 514 pro
865 474 958 505 Chri—

179 530 226 558 sto
241 551 249 566 ,
268 537 367 568 quam
382 529 533 560 omnibus
551 529 780 569 temporalibus
795 529 959 559 abrenun-

178 581 263 612 ciare
280 592 287 612 :
305 582 359 613 sed
380 591 446 612 non
469 591 581 613 omnes
601 584 752 613 tenentur
773 581 960 621 temporalia

179 634 289 665 omnia
314 635 494 674 relinquere
511 644 518 665 :
536 644 615 674 ergo
630 644 696 665 non
712 643 823 665 omnes
844 636 959 664 tenen-

178 689 232 718 tur
248 689 384 718 mortem
401 697 457 727 pro
471 688 592 719 Christo
612 689 729 718 subire.
745 687 835 724 Quod
850 689 959 718 autem

179 741 312 780 majoris
324 741 524 780 perfectionis
537 741 586 778 sit,
603 743 688 781 patet
702 750 757 780 per
770 740 860 777 illud,
874 740 959 779 quod

180 793 254 824 dicit
271 793 442 832 Gregorius
456 796 463 812 ¹
478 804 485 824 :
506 804 521 822 α
536 793 606 824 Non
622 803 780 833 magnum
796 795 842 823 est
862 793 959 824 abne-

181 855 258 885 gare
285 846 369 886 quod
391 847 507 885 habes;
525 847 579 878 sed
602 847 694 878 valde
723 856 882 886 magnum
912 849 959 877 est

181 899 342 938 abnegare
363 900 449 939 quod
474 909 517 931 es.
543 911 557 928 >³
582 900 621 931 Et
645 902 791 931 constans
811 899 962 939 estquod

182 953 284 983 multo
304 953 408 992 magis
430 955 476 984 est
501 954 662 993 abnegare
683 954 824 993 seipsum
838 977 845 990 ,
863 962 961 992 quam

183 1015 260 1044 sua;
278 1006 353 1037 dare
377 1008 518 1047 corporis
545 1007 659 1046 vitam,
677 1015 775 1047 quam
802 1008 962 1037 terrenam

183 1059 392 1091 substantiam
399 1084 406 1091 .

437 1147 700 1180 CONCLUSIO.

187 1222 371 1256 Unusquisque
388 1229 439 1256 pro
456 1222 510 1249 loco
526 1225 551 1249 ec
574 1224 706 1256 tempore,
727 1222 775 1248 ubi
796 1222 862 1247 talis
887 1222 962 1255 optio

220 1265 307 1297 detur,
315 1267 488 1299 quantumvis
494 1268 676 1300 imperfectum
688 1268 791 1292 tenetur
798 1273 849 1300 pro
860 1266 963 1292 Christo

221 1311 291 1335 mori
298 1311 388 1344 potius
399 1318 479 1344 quam
491 1310 625 1337 Christum
638 1318 734 1344 negare
744 1318 752 1343 ;
763 1317 846 1342 secus,
860 1311 964 1336 remota

220 1355 328 1388 optione
344 1354 406 1380 tali.

228 1433 318 1473 Resp.
336 1434 374 1464 ad
390 1443 460 1473 arg.
477 1434 525 1464 Ad
541 1434 767 1474 praedictorum
781 1434 964 1473 intelligen-

186 1487 263 1518 tiam
288 1490 334 1518 est
358 1488 536 1519 notandum
549 1511 556 1524 ,
582 1488 667 1527 quod
693 1488 800 1519 subire
828 1490 963 1519 mortem

186 1539 362 1571 intentione
376 1541 522 1580 placendi
535 1541 610 1579 Deo,
628 1541 690 1572 hoc
703 1543 805 1581 potest
821 1550 888 1572 esse
908 1541 966 1571 tri-

186 1593 309 1632 pliciter
325 1604 331 1624 :
345 1603 410 1624 uno
427 1594 532 1631 modo,
549 1594 679 1633 quando
696 1594 782 1625 adest
797 1594 966 1625 necessitas

185 1645 235 1676 vel
257 1646 423 1677 deserendi
450 1646 626 1686 justitiam,
651 1647 701 1677 vel
725 1647 891 1677 amittendi
913 1647 965 1677 vi-

184 1701 271 1737 tam3
289 1699 351 1730 alio
371 1698 477 1738 modo,
493 1700 622 1739 quando
645 1709 678 1731 se
701 1701 795 1731 offert
810 1702 964 1740 opportu-

185 1753 267 1783 nitas
282 1753 424 1784 divinam
440 1753 578 1792 gloriam
592 1753 826 1791 manifestandi,
840 1755 871 1784 et
886 1753 966 1784 aedi-

186 1806 302 1837 ficandi
323 1805 513 1844 Ecclesiam3
538 1807 631 1837 tertio
656 1807 771 1845 modo,
795 1807 899 1838 solum
926 1817 967 1838 ex

185 1859 247 1890 hoc
271 1859 357 1898 quod
377 1859 477 1890 vitam
503 1868 595 1890 suam
619 1860 714 1890 hahet
737 1870 878 1891 exosam.
897 1861 967 1892 Pri-

189 1920 282 1942 mum
305 1914 352 1942 est
364 1912 497 1951 justitiae
513 1914 543 1943 et
558 1913 751 1944 necessitatis
765 1923 773 1951 3
790 1914 967 1945 secundum

188 1967 234 1995 est
248 1965 448 2005 perfectionis
463 1968 494 1996 et
508 1967 800 2005 supererogationis
813 1978 820 2005 ;
837 1968 967 1998 tertium

188 2019 363 2051 severitatis
376 2021 407 2050 et
422 2019 628 2051 crudelitatis.
644 2020 733 2051 Unde
747 2021 967 2060 Augustinus’

188 2072 277 2111 illos,
300 2072 358 2112 qui
380 2072 565 2112 semetipsos
590 2073 782 2113 praefocant,
801 2076 831 2104 et
856 2074 970 2114 praeci-

189 2125 266 2165 pitio
280 2125 432 2156 collidunt
448 2127 577 2165 propter
589 2126 662 2157 vitae.
671 2127 836 2166 praesentis
844 2127 966 2164 odium,

190 2178 265 2209 dicit
278 2187 346 2209 esse
361 2179 616 2210 sceleratissimos
631 2179 817 2217 homicidas,
831 2181 970 2210 tractans

191 2230 269 2262 illud
280 2231 290 2247 ³
305 2241 312 2262 :
330 2231 392 2266 Qui
406 2231 475 2263 odit
487 2233 633 2264 animam
647 2240 740 2264 suam
757 2233 791 2263 z'n
803 2233 858 2264 hoc
874 2241 970 2264 mun-

192 2283 244 2322 do,
262 2284 298 2315 in
313 2284 418 2316 vitam
442 2287 597 2316 aeternam
619 2285 762 2318 custodit
784 2294 864 2317 eam.
892 2286 971 2317 Cum

193 2346 272 2376 ergo
287 2338 445 2378 quaeritur
458 2339 570 2368 utrum
586 2348 698 2370 omnes
707 2341 876 2370 teneantur
890 2348 973 2370 mor-

193 2393 259 2421 tem
273 2400 331 2431 pro
347 2390 470 2422 Christo
485 2391 592 2423 subire
603 2416 611 2430 ,
628 2392 798 2423 dicendum
815 2393 900 2432 quod
915 2401 973 2432 pro

195 2445 264 2475 loco
288 2447 319 2475 et
342 2447 504 2485 tempore,
520 2446 576 2476 ubi
598 2446 669 2476 talis
692 2447 777 2486 optio
796 2446 899 2484 detur,
921 2445 973 2478 vel

196 2497 282 2537 quod
291 2497 418 2537 Justitia
429 2498 605 2536 deseratur,
620 2499 670 2530 vel
682 2499 767 2538 quod
780 2499 847 2531 vita
862 2499 974 2539 perda-

196 2555 261 2591 tur,
275 2552 320 2584 ibi
330 2561 452 2592 omneS,
463 2556 763 2594 quantumcumque
776 2555 840 2586 sint
853 2555 974 2595 imper-

230 2617 263 2646 (α)
283 2615 352 2646 Vulq.
371 2615 422 2639 dat.

1732 153 1784 180 671

1013 210 1095 248 fecti,
1108 212 1257 243 tenentur,
1270 211 1405 240 mortem
1421 211 1538 249 subire,
1558 215 1588 242 et
1602 215 1790 254 praeeligere

1013 263 1118 302 magis
1140 263 1202 293 Deo
1223 263 1335 293 dilecto
1359 263 1451 300 mori,
1470 272 1567 303 quam
1588 266 1656 305 ipso
1671 268 1792 298 offenso

1013 316 1133 346 vivere.
1160 315 1218 346 Ubi
1239 324 1316 346 vero
1340 315 1410 346 talis
1424 317 1593 347 necessitas
1604 327 1668 349 nou
1682 320 1792 351 immi-

1014 371 1077 406 net,
1094 378 1151 399 nec
1167 369 1261 399 datur
1276 369 1375 408 optio,
1392 370 1498 400 tamen
1514 371 1605 402 offert
1625 381 1657 403 se
1674 382 1790 413 oppor-

1013 423 1132 453 tunitas
1161 422 1385 453 manifestandi
1410 422 1553 453 divinam
1582 424 1741 464 gloriam,
1763 429 1794 457 et

1014 476 1191 506 aedificandi
1214 475 1402 512 Ecclesiam,
1418 475 1444 505 si
1459 475 1556 507 homo
1578 487 1610 508 se
1626 479 1719 509 morti
1735 488 1792 509 ex—

1014 531 1122 569 ponat,
1140 531 1276 559 mortem
1291 528 1398 559 subire
1413 530 1460 559 est
1473 530 1674 569 perfectionis
1690 534 1721 562 et
1736 542 1794 563 su—

1015 581 1324 621 pererogationisffld
1339 590 1436 621 quam
1446 591 1510 612 non
1522 592 1633 614 omnes
1646 586 1793 616 tenentur

1014 645 1072 675 pro
1096 635 1230 666 Christo.
1247 635 1284 665 Et
1299 635 1477 665 secundum
1496 635 1590 666 istam
1613 637 1699 668 viam
1716 648 1793 678 pro-

1015 688 1132 719 cedunt
1147 689 1284 719 rationes
1297 688 1507 726 ostendentes,
1531 689 1616 728 quod
1638 699 1703 721 non
1725 700 1795 722 om-

1014 750 1070 771 nes
1089 743 1238 772 tenentur
1253 743 1390 771 mortem
1404 750 1461 780 pro
1477 741 1599 773 Christo
1615 743 1721 774 subire
1740 755 1746 774 :
1764 747 1796 775 et

1015 794 1086 825 ideo
1102 796 1178 825 sunt
1194 794 1415 824 concedendae.

1058 850 1086 877 1.
1103 847 1151 877 Ad
1167 847 1243 877 illud
1257 847 1340 886 quod
1357 847 1470 877 ultimo
1486 847 1634 887 objicitur
1648 849 1686 879 de
1699 849 1794 880 abre—
1834 857 1856 870 ἐς
1874 858 1900 870 0¹1

1016 900 1222 931 nunciatione
1247 900 1432 930 substantiae
1456 901 1641 940 temporalis
1654 926 1661 940 ‚
1678 904 1708 932 et
1723 912 1794 942 per·
1844 921 1868 941 ,r

1017 954 1162 993 pessione
1178 953 1303 989 mortis,
1322 953 1506 992 responderi
1524 956 1635 993 potest,
1652 956 1737 994 quod
1754 956 1796 986 ita

1018 1006 1051 1036 in
1076 1015 1151 1037 casu
1173 1006 1365 1037 necessitatis
1389 1009 1585 1046 praeceptum
1615 1010 1662 1038 est
1687 1009 1797 1039 onmia

1016 1060 1204 1100 temporalia
1218 1060 1362 1090 deserere
1379 1060 1507 1091 cuilibet
1518 1060 1640 1091 homini
1651 1085 1659 1098 ,
1676 1062 1756 1092 sicut
1766 1064 1798 1093 et

1018 1114 1154 1143 mortem
1173 1113 1292 1151 subire,
1304 1113 1370 1143 imo
1380 1112 1482 1143 multo
1497 1113 1620 1144 fortius,
1638 1113 1726 1145 Unde
1738 1115 1798 1145 hoc

1018 1166 1112 1196 datur
1135 1166 1272 1205 intelligi
1287 1175 1344 1205 per
1367 1166 1472 1196 locuni
1493 1175 1512 1196 a
1529 1166 1667 1197 minori:
1682 1170 1711 1198 et
1726 1168 1797 1199 ideo

992 1241 998 1246 .
1019 1219 1100 1249 ratio
1116 1219 1180 1256 illa,
1198 1219 1279 1248 sicut
1293 1221 1324 1248 et
1336 1218 1419 1256 aliae,
1430 1228 1492 1249 uon
1510 1220 1612 1258 cogit,
1630 1220 1689 1250 nisi
1704 1223 1799 1260 prout

1019 1271 1203 1311 simpliciter
1218 1271 1420 1310 intelligitur,
1437 1272 1480 1302 ita
1500 1273 1586 1312 quod
1601 1274 1698 1304 homo
1712 1283 1800 1304 mera

1019 1323 1183 1353 voluntate
1199 1326 1368 1363 promptus
1378 1326 1425 1355 est
1437 1325 1623 1364 temporalia
1638 1326 1800 1365 abnegare

1019 1378 1049 1407 et
1066 1378 1203 1407 mortem
1217 1377 1336 1407 subire.

1059 1432 1089 1460 Ξ.
1109 1430 1156 1461 Ad
1179 1430 1259 1460 illud
1283 1439 1358 1461 vero
1378 1431 1463 1470 quod
1480 1432 1584 1472 primo
1605 1433 1753 1472 objicitur
1767 1433 1801 1463 iu

1021 1483 1229 1521 contrarium,
1247 1484 1332 1523 quod
1350 1484 1503 1515 debemus
1514 1486 1547 1515 in
1558 1486 1699 1525 periculo
1714 1496 1800 1517 nior—

1021 1536 1059 1566 tis
1074 1545 1191 1566 nomen
1215 1536 1329 1566 Christi
1352 1538 1511 1576 confiterI,
1529 1539 1701 1570 dicendum
1716 1539 1802 1579 quod

1021 1599 1137 1620 verum
1151 1592 1208 1626 est.
1226 1590 1252 1619 si
1265 1599 1379 1620 sumus
1397 1591 1430 1620 in
1445 1600 1482 1621 ea
1497 1593 1679 1623 necessitate
1696 1593 1799 1632 positi,

1022 1643 1107 1682 quod
1118 1643 1261 1673 confiteri
1272 1645 1426 1682 oporteat,
1437 1644 1487 1674 vel
1495 1653 1625 1683 negare.
1635 1646 1693 1676 Sed
1701 1647 1803 1685 potest

1023 1706 1089 1727 esse
1104 1697 1248 1727 medium
1264 1697 1346 1727 inter
1365 1697 1426 1727 hoc
1443 1700 1473 1728 et
1488 1698 1577 1735 illud,
1595 1700 1670 1738 quia
1683 1700 1801 1739 imper-

1022 1751 1122 1781 fectus
1132 1753 1235 1790 potest
1249 1750 1483 1789 subterfugere,
1500 1754 1531 1781 et
1545 1752 1684 1792 selpsum
1697 1753 1804 1783 occul-

1023 1808 1090 1834 tare
1110 1815 1116 1834 :
1135 1813 1192 1833 nec
1208 1812 1248 1834 ex
1262 1803 1323 1833 hoc
1338 1803 1455 1834 dicitur
1469 1813 1587 1834 nomen
1603 1804 1715 1835 Christi
1731 1815 1803 1836 eru-

1023 1857 1148 1887 bescere
1161 1868 1168 1894 ;
1186 1857 1239 1887 sed
1252 1859 1328 1887 tunc
1344 1857 1528 1887 erubescere
1538 1858 1662 1896 dicitur,
1675 1859 1803 1898 quando

1022 1910 1137 1940 timore
1150 1910 1262 1940 mortis
1279 1913 1375 1950 negat
1389 1910 1496 1950 ipsum
1523 1911 1693 1942 Christum.
1717 1912 1800 1950 Ideo,

1024 1964 1174 2003 quamvis
1189 1972 1300 1994 omnes
1316 1966 1484 1994 teneantur
1500 1964 1538 1994 ad
1554 1965 1614 1994 hoc
1629 1965 1714 2004 qnod
1730 1966 1804 1996 nul-

1023 2017 1073 2048 lus
1092 2019 1207 2056 neget·,
1233 2026 1299 2047 non
1322 2020 1430 2048 tamen
1454 2027 1493 2048 ex
1516 2018 1577 2049 boc
1602 2021 1703 2058 potest
1728 2028 1802 2050 con-

1024 2070 1109 2101 cludi
1121 2094 1129 2108 ,
1152 2070 1236 2109 quod
1257 2079 1368 2101 omnes
1383 2070 1568 2110 simpliciter
1584 2073 1751 2102 teneantur
1765 2073 1804 2103 ad

1025 2124 1245 2162 perferendam
1278 2126 1413 2154 mortem
1429 2148 1438 2162 ,
1474 2124 1536 2154 nisi
1572 2125 1804 2155 interveniente

1026 2177 1176 2216 praedicta
1191 2177 1388 2208 necessitate.

1068 2233 1096 2260 3.
1113 2230 1161 2261 Ad
1175 2230 1254 2260 illud
1269 2231 1353 2270 quod
1371 2230 1534 2270 objicitur,
1551 2230 1636 2270 quod
1653 2231 1730 2270 quia
1745 2239 1805 2271 po-

1027 2284 1092 2314 suit
1113 2283 1255 2314 animam
1274 2293 1366 2314 suam
1387 2293 1443 2323 pro
1459 2284 1561 2322 nobis,
1578 2293 1637 2314 nos
1653 2284 1806 2315 debemus

1028 2336 1168 2367 animam
1201 2346 1258 2376 pro
1292 2336 1442 2367 fratribus
1478 2346 1596 2377 ponere
1609 2360 1616 2374 ‚
1637 2336 1807 2368 dicendum

1029 2390 1115 2429 quod
1139 2392 1186 2420 est
1209 2390 1351 2421 debitum
1375 2391 1589 2429 necessitatis,
1605 2392 1637 2421 et
1651 2393 1698 2421 est
1719 2391 1808 2421 debi-

1029 2445 1099 2473 tum
1135 2443 1363 2482 congruitatis;
1389 2444 1457 2475 sive
1486 2443 1630 2474 debitum
1653 2444 1690 2474 ad
1722 2444 1807 2483 quod

1030 2497 1225 2535 obligamur,
1240 2498 1270 2526 et
1284 2496 1428 2527 debitum
1438 2496 1477 2526 ad
1488 2496 1574 2536 quod
1584 2496 1807 2528 admonemur.

1064 2579 1070 2594 ¹
1087 2580 1172 2608 Greg„
1188 2579 1214 2601 in
1227 2578 1333 2609 Evanq„
1349 2578 1419 2602 hom.
1436 2584 1521 2603 xxxii.
1533 2579 1579 2595 -2
1592 2579 1666 2609 Aug„
1681 2579 1707 2602 in
1725 2579 1808 2611 loun„

1034 2617 1106 2638 tract.
1121 2621 1193 2638 L1.—
1215 2615 1224 2630 ὃ
1237 2616 1318 2643 joan„
1335 2620 1371 2637 xii
1397 2615 1435 2638 25.

1824 868 1852 902 ,ῚιΙμ
1865 865 1909 902 ΠΗ..

1818 946 1912 965 [undam.
