2017 2960
225 200 282 229 508

226 269 393 297 mortuns:
413 266 437 295 si
457 274 535 304 ergo
557 265 633 294 fidos
655 262 798 293 informis
817 263 863 291 est
882 261 995 299 1111]οε-

226 319 329 357 modi,
356 320 479 349 videtur
499 319 582 358 quod
608 326 663 356 per
685 316 859 346 adventum
883 313 994 351 gratiae

225 371 336 402 habeat
354 372 527 402 informari.

267 425 343 455 Item
361 425 437 454 nihil
450 423 534 453 alind
550 425 596 452 cst
610 423 712 453 dicere
725 421 870 451 habitum
883 420 994 449 vivum

226 488 309 509 esse.
327 487 422 517 quain
446 486 500 515 per
523 476 613 506 illum
638 476 734 505 vitain
753 477 902 505 aeternam
930 482 996 503 me-

226 531 286 560 reri
303 538 391 568 posse
409 539 415 558 ;
432 528 485 557 sed
503 527 628 557 credere
646 527 716 556 fidei
731 525 892 563 informis⁷
911 524 995 564 quod

226 586 270 612 est
292 581 440 611 assentire
465 581 576 620 primae
601 579 722 609 veritati
748 582 875 618 propter
901 588 944 615 se,
967 579 997 607 et,

226 644 320 674 super
343 634 462 671 omnia,
486 633 729 673 supe1·venient‹›
754 633 917 669 charitate,
940 632 995 661 lia-

226 689 276 718 hot
307 697 401 718 omne
424 687 508 727 quod
532 687 745 717 necessarium
769 688 815 715 est
843 685 881 715 ad
908 684 999 714 meri-

226 744 295 772 tum
314 750 415 780 :ergo
436 741 579 775 videtur,
601 739 684 779 quod
701 739 725 768 si
753 740 841 768 aetus
861 739 930 776 ejiis
953 740 999 767 est

228 795 426 832 meritoriiis,
459 794 542 833 quod
574 793 700 822 habitus
732 792 771 821 sit
808 791 997 821 vivificatus.

228 849 314 886 Quod
331 851 435 879 auten]
450 848 563 878 habeat
578 856 671 876 omne
687 845 769 884 quod
786 845 997 875 necessarium

227 904 270 932 est
294 901 332 931 ad
358 900 528 937 meritum,
552 899 684 939 planum
710 901 773 935 est,
798 906 871 928 cum
895 897 1000 936 ipsum

227 964 306 994 opus
328 954 366 985 de
387 964 419 984 se
442 953 481 983 sit
505 953 627 983 bonum
652 955 681 982 et
706 954 839 987 rectum,
870 952 900 980 et
923 950 961 980 sit
984 960 1002 980 a

228 1008 378 1038 charitate
395 1007 598 1046 imperatum.

269 1060 345 1089 Item
368 1069 462 1089 omne
486 1058 560 1089 iilud
584 1058 669 1098 quod
694 1057 807 1087 dicitur
832 1065 897 1086 esse
922 1065 1004 1086 mor-

229 1116 322 1143 tuum
338 1122 377 1144 ex
393 1113 458 1142 solo
472 1113 594 1142 defectu
609 1111 700 1150 alicuj
708 1120 761 1148 ns,
780 1110 834 1140 illo
850 1119 1004 1149 superve-

230 1166 335 1196 niente
350 1166 531 1196 vivifieatur
548 1175 554 1195 :
572 1165 624 1195 sed
640 1164 716 1194 fides
732 1163 876 1193 informis
891 1163 1005 1193 dicitur

230 1229 297 1250 esse
319 1222 445 1250 mortua
463 1219 502 1248 011
525 1219 682 1248 defectum
698 1217 828 1256 gratiae,
846 1219 876 1246 et
892 1225 1005 1256 opera-

231 1273 325 1303 tionis
340 1273 510 1303 fructuosae
529 1282 535 1301 :
553 1280 642 1309 ergo,
662 1270 739 1309 ipsis
753 1269 1004 1309 supervenienti-

233 1327 303 1362 bus,
324 1325 485 1356 reviviscit
503 1336 509 1355 :
527 1325 578 1354 sed
594 1333 667 1354 cum
692 1323 866 1359 reviviscit,
889 1323 1007 1352 forma-

235 1383 287 1409 tur
300 1391 306 1410 :
320 1388 398 1418 ergo
414 1378 490 1408 fides
506 1377 650 1408 informis
662 1378 763 1416 potest
778 1376 845 1405 fieri
862 1376 1006 1406 formata.

236 1433 272 1463 Et
301 1433 359 1462 hoc
386 1435 429 1462 est
456 1431 539 1470 quod
567 1431 700 1460 habetur
723 1429 756 1458 in
785 1429 891 1458 (nossa
914 1438 1010 1468 super

235 1485 311 1516 iliud
332 1486 338 1501 ¹
369 1495 375 1515 :
398 1484 491 1516 Fides
515 1485 583 1514 sine
610 1482 756 1522 operibus
779 1486 905 1513 mortua
928 1486 973 1513 esc
999 1492 1010 1512 .·

237 1538 344 1568 (ilossa
361 1547 368 1568 :
389 1550 402 1567 «
419 1537 588 1568 Reviviseit
602 1545 640 1566 ex
656 1535 803 1574 operibus
818 1535 905 1565 fides.
922 1546 935 1562 ›>
951 1535 1011 1565 Sed

235 1594 261 1623 si
278 1594 354 1624 fides
374 1602 413 1624 ex
437 1593 586 1632 operibus
601 1591 782 1628 reviviscit,
800 1600 877 1630 ergo
901 1600 941 1621 ex
956 1591 1012 1621 ad-

235 1651 334 1677 ventu
349 1656 482 1686 operum
498 1646 593 1676 habet
607 1645 708 1676 vitam
725 1648 755 1675 et
770 1645 917 1674 formam.

276 1700 336 1731 Sed
359 1703 468 1731 contra
491 1711 497 1730 ε
517 1702 546 1730 1.
570 1699 701 1730 Nullum
724 1701 887 1738 peccatum
913 1700 1014 1737 potest

235 1754 303 1784 fieri
330 1754 502 1784 formatum
529 1764 536 1783 ε
562 1762 640 1792 ergo
669 1753 758 1783 nulla
786 1752 888 1782 virtus
914 1754 1014 1791 potest

236 1809 305 1839 fieri
326 1808 470 1838 informis
489 1819 494 1838 :
512 1816 589 1846 ergo
615 1807 692 1837 fides
713 1807 849 1836 formata
871 1815 935 1836 non
961 1814 1004 1845 po

237 1865 296 1893 test
312 1862 381 1892 fieri
397 1862 541 1893 informis
555 1873 561 1892 :
577 1862 645 1901 pari
660 1861 783 1891 ratione
798 1870 854 1890 nec
871 1860 1015 1890 informis

237 1918 336 1955 potest
352 1916 421 1945 fieri
436 1916 581 1946 formata.

277 1972 306 1999 2.
324 1968 400 1999 Item
416 1968 542 1998 nullum
560 1977 640 2007 opus
656 1969 821 1997 mortuum
834 1968 933 2005 potest
949 1965 1016 1995 fieri

237 2022 370 2057 vivum3
399 2030 495 2060 opera
521 2021 605 2051 enim
629 2030 701 2060 quae
729 2021 762 2050 in
786 2021 912 2060 peccato
935 2020 1014 2049 sacta

238 2078 330 2113 sunt,
348 2084 513 2114 nunquam
530 2074 771 2104 revivificantur
786 2082 841 2112 per
857 2073 995 2112 gratiam
1008 2097 1015 2110 ‚

237 2132 273 2160 ut
295 2129 358 2158 sint
383 2129 481 2167 digna
497 2127 754 2158 remuneratione
770 2128 899 2156 aeternae
915 2125 990 2156 vitae
1007 2138 1014 2158 ε

239 2191 317 2221 ergo
343 2182 366 2211 si
390 2182 467 2211 fides
493 2181 638 2211 informis
666 2184 792 2210 mortua
815 2182 872 2217 est,
892 2179 1018 2210 videtur

239 2235 325 2274 quod
354 2244 409 2274 per
432 2234 570 2273 gratiam
596 2243 659 2264 non
686 2233 801 2264 habeat
826 2233 980 2263 vivificari
1011 2235 1016 2255 ἲ

241 2297 319 2327 ergo
336 2297 392 2317 nec
409 2287 586 2317 informari.

282 2343 311 2371 3.
334 2341 412 2371 Item
438 2340 564 2371 nullum
591 2339 735 2370 accidens
755 2341 856 2379 potest
879 2339 1015 2376 alterari,

242 2397 418 2428 secundum
433 2396 517 2435 quod
537 2396 605 2425 vult
632 2394 760 2425 Boetius
777 2405 783 2424 ε
801 2395 852 2424 sed
868 2395 945 2424 fides
967 2395 1018 2424 in—

243 2450 352 2480 formis
374 2452 419 2480 est
439 2448 605 2479 accidens:
625 2457 702 2487 ergo
725 2447 850 2478 alterari
874 2456 936 2477 non
963 2456 1021 2486 po-

244 2506 302 2534 test
319 2512 326 2533 :
343 2503 395 2533 sed
412 2511 507 2533 omne
527 2502 610 2542 quod
631 2502 669 2532 de
693 2501 820 2531 informi
844 2501 879 2530 fit
903 2501 1021 2531 forma-

244 2559 313 2587 tum
325 2580 333 2593 ,
351 2557 503 2586 alteratur
519 2566 526 2586 z
543 2564 621 2594 ergo
645 2553 837 2594 impossibiie
860 2555 905 2584 est
924 2553 1020 2584 fidem

246 2610 414 2640 informem
431 2609 500 2639 fiem'
514 2609 692 2639 formatam.

277 2673 400 2700 *Jac.,11.
421 2674 457 2701 io,
472 2673 506 2696 16.

783 191 1091 225 ὃκῖΝΤΕΝΤΙΑΗΠΜ
1115 192 1186 223 LIB.
1217 193 1267 222 III.

1092 263 1120 290 li.
1140 260 1217 290 Item
1237 269 1277 290 ex
1298 260 1347 290 his
1368 269 1441 299 quae
1463 264 1537 291 sunt
1553 262 1676 294 diversa
1690 273 1818 303 genere,

1052 322 1114 343 non
1140 315 1241 353 potest
1265 313 1332 342 fieri
1354 322 1457 343 unum
1481 323 1536 353 per
1557 317 1724 347 essentiam
1745 318 1820 348 :sed

1052 367 1130 397 fides
1152 367 1285 397 formata
1307 365 1381 396 dicit
1404 365 1549 397 habitum
1574 378 1676 399 unum
1698 379 1754 409 per
1778 380 1823 400 es-

1052 421 1211 451 sentiam:
1235 430 1313 459 ergo
1340 420 1531 459 impossibile
1555 425 1600 452 est
1625 424 1725 463 ipsam
1746 434 1823 455 con-

1054 477 1136 505 stare
1159 484 1199 505 ex
1221 474 1323 513 gratia
1347 476 1475 512 gratum
1502 475 1646 512 faciente,
1666 480 1696 508 et
1720 478 1824 517 gratia

1054 528 1152 566 gratis
1163 527 1244 558 data.
1262 528 1293 558 Si
1306 536 1385 566 ergo
1396 527 1473 557 fides
1487 527 1631 559 informis
1645 533 1690 560 est
1704 531 1823 561 donum

1055 581 1167 618 gratia).
1189 581 1288 619 gratis
1312 581 1407 617 datae,
1429 581 1553 611 videtur
1576 582 1660 621 quod
1683 583 1825 623 impossi-

1054 633 1114 663 hile
1131 634 1170 664 sit
1185 635 1284 674 ipsam
1299 634 1368 664 fieri
1382 635 1548 665 formatam
1559 659 1566 672 ,
1583 637 1824 675 superveniente

1054 688 1166 726 gratia.

1095 743 1123 770 5.
1143 740 1218 770 [tem
1239 740 1314 771 fides
1329 740 1473 771 informis
1490 750 1545 780 per
1559 742 1732 773 adventum
1748 752 1826 782 gra-

1058 794 1109 824 tiae
1130 802 1193 823 non
1218 796 1460 832 transmutatur,
1484 795 1545 825 nisi
1569 795 1824 826 accidentaliter:

1060 856 1137 886 ergo
1152 847 1176 876 si
1192 856 1247 886 per
1262 847 1435 877 adventurn
1450 848 1563 886 gratiae
1578 849 1712 879 efficitur
1727 849 1828 880 virtus

1057 901 1206 937 formata,
1222 900 1335 930 accidit
1356 900 1427 930 fidei
1448 901 1534 940 quod
1558 902 1597 932 sit
1617 902 1750 932 formata
1775 913 1781 933 z
1801 902 1827 933 si

1058 962 1135 991 ergo
1151 953 1277 982 nullum
1291 962 1395 992 genus
1411 953 1523 983 accidit
1538 955 1662 993 speciei,
1673 955 1750 985 fides
1765 964 1828 985 non

1059 1009 1105 1037 est
1127 1007 1244 1046 species
1269 1006 1395 1036 virtutis
1418 1006 1545 1046 proprie
1568 1006 1657 1037 dictae
1674 1016 1681 1036 z
1699 1007 1783 1046 quod
1804 1007 1830 1037 si

1059 1062 1119 1092 hoc
1134 1064 1179 1091 est.
1200 1061 1326 1097 falsum,
1346 1070 1424 1099 ergo
1450 1064 1480 1091 et
1496 1061 1573 1091 illud
1589 1071 1629 1092 ex
1644 1071 1708 1101 quo
1724 1061 1832 1101 sequi-

1060 1119 1123 1153 tur,
1150 1116 1294 1146 videlicet
1323 1115 1409 1154 quod
1435 1115 1564 1145 habitus
1587 1115 1661 1146 fidei
1688 1115 1832 1146 informis

1061 1179 1117 1210 per
1130 1170 1304 1200 adventum
1320 1168 1433 1207 gratiae
1449 1169 1614 1198 formetur.

1101 1225 1131 1253 6.
1150 1222 1243 1260 item,
1260 1222 1342 1252 sicut
1356 1231 1388 1251 se
1412 1222 1508 1252 habet
1531 1222 1638 1252 anima
1664 1221 1703 1252 ad
1719 1223 1834 1261 poten-

1062 1277 1131 1314 tias,
1152 1276 1196 1305 sic
1220 1285 1252 1306 se
1276 1275 1371 1305 habet
1393 1275 1497 1314 gratia
1518 1275 1557 1305 ad
1581 1275 1712 1305 virtutes
1733 1284 1808 1305 suas
1825 1285 1831 1304 ι

1063 1330 1115 1359 sed
1140 1330 1403 1369 quotiescumque
1425 1329 1532 1359 anima
1555 1328 1751 1364 infunditur,
1776 1328 1835 1358 fert

1064 1392 1170 1413 secum
1187 1383 1341 1422 potentias
1364 1391 1437 1412 suas
1455 1391 1462 1411 t
1479 1391 1557 1420 ergo
1574 1382 1835 1420 quotiescumque

1065 1436 1242 1466 infunditur
1257 1436 1370 1474 gratia⁷
1387 1435 1445 1465 fert
1462 1444 1569 1465 secun]
1585 1435 1718 1465 virtutes
1734 1444 1742 1464 ι
1759 1443 1837 1473 ergo

1066 1498 1138 1519 cum
1164 1489 1341 1519 infunditur
1373 1489 1475 1528 gratia
1487 1512 1494 1526 ,
1532 1488 1709 1519 infunditur
1743 1488 1838 1519 simul

1067 1543 1143 1572 fides
1165 1543 1299 1572 formata
1324 1551 1331 1572 ε
1353 1550 1430 1581 ergo
1450 1541 1527 1572 fides
1547 1542 1680 1571 formata
1704 1550 1769 1572 non
1793 1542 1839 1571 est

1067 1596 1176 1626 eadem
1193 1604 1266 1625 cum
1282 1595 1345 1633 illa,
1371 1604 1443 1635 quae
1466 1595 1553 1634 prius
1568 1597 1634 1625 erat
1652 1595 1686 1624 in
1707 1595 1813 1625 anima
1829 1604 1836 1624 ι

1068 1651 1098 1679 et
1112 1649 1137 1678 si
1153 1649 1228 1686 hoe,
1246 1650 1340 1679 restat
1354 1649 1438 1688 quod
1452 1648 1530 1679 fides
1546 1648 1689 1679 informis
1709 1657 1764 1687 per
1784 1648 1839 1678 ad-

1070 1704 1201 1732 ventum
1216 1702 1328 1741 gratiae
1342 1711 1405 1732 non
1420 1702 1585 1732 formetur.

1338 1815 1564 1846 CONCLUSIO.

1072 1898 1147 1925 Fides
1168 1899 1293 1930 informis
1314 1904 1361 1931 per
1375 1898 1472 1930 qratiae
1487 1895 1630 1923 adventum
1648 1897 1767 1929 formata
1785 1896 1843 1923 red-

1101 1943 1188 1970 ditur.
1205 1950 1263 1968 cnm
1278 1942 1370 1975 gratia
1385 1941 1502 1967 omnium
1516 1941 1649 1967 virtutum
1664 1941 1698 1967 sit
1713 1941 1811 1974 forma.

1113 2022 1204 2062 Hesp.
1222 2021 1260 2052 ad
1275 2030 1345 2060 arg.
1364 2020 1411 2050 Ad
1427 2019 1652 2059 praedictorum
1666 2019 1846 2058 intelligen-

1073 2077 1150 2107 tiam
1174 2078 1220 2106 est
1235 2074 1424 2111 notandum,
1440 2073 1525 2112 quod
1549 2075 1663 2112 praeter
1678 2072 1746 2102 illas
1766 2071 1847 2112 posi-

1075 2131 1194 2166 tiones,
1220 2137 1291 2168 quae
1319 2127 1467 2157 dicebant
1492 2126 1587 2156 fidem
1613 2125 1782 2156 informem
1807 2124 1846 2155 ad

1075 2183 1248 2213 adventum
1276 2180 1387 2219 gratiae
1413 2179 1557 2216 excludi,
1582 2179 1755 2209 secundum
1777 2178 1847 2208 illos

1075 2235 1130 2275 qui
1144 2235 1253 2265 dieunt
1268 2234 1375 2273 ipsum
1392 2232 1536 2262 habitum
1555 2231 1627 2262 fidei
1643 2230 1787 2262 informis
1801 2239 1848 2260 re-

1077 2297 1205 2318 manere
1231 2296 1304 2317 cum
1328 2286 1433 2325 gratia
1455 2284 1710 2325 superveniente,
1732 2282 1859 2322 triplex‘

1076 2343 1122 2371 est
1148 2340 1253 2370 adhuc
1287 2339 1401 2369 modus
1434 2338 1570 2368 dicendi.
1597 2336 1732 2374 Quidam
1762 2335 1848 2366 enim
1864 2351 1959 2378 op-,EL

1076 2395 1236 2431 dixerunt,
1263 2393 1347 2432 quod
1372 2392 1499 2422 habitus
1519 2390 1591 2421 fidei
1616 2389 1760 2420 informis
1784 2397 1849 2419 non

1077 2449 1231 2479 formatur
1245 2457 1263 2477 a
1278 2447 1381 2486 gratia
1396 2444 1649 2485 superveniente,
1666 2452 1723 2473 nec
1738 2443 1777 2473 ab
1792 2442 1850 2473 ali-

1077 2510 1140 2541 quo
1163 2501 1246 2541 quod
1263 2500 1302 2530 sit
1322 2510 1341 2530 a
1364 2499 1469 2538 gratia
1480 2522 1487 2535 ,
1504 2497 1555 2528 vel
1570 2506 1643 2528 cum
1658 2496 1771 2536 gratia.
1788 2495 1849 2526 Alii
1865 2498 1930 2525 θρίω
1941 2500 1960 2519 2·

1078 2564 1154 2586 vero
1169 2555 1336 2591 dixerunt,
1351 2553 1436 2593 quod
1451 2551 1598 2591 quamvis
1615 2559 1680 2581 non
1694 2550 1850 2581 formetur

1078 2619 1096 2640 a
1118 2609 1232 2648 gratia,
1257 2608 1413 2638 formatur
1434 2609 1541 2637 tamen
1563 2606 1603 2636 ab
1627 2605 1748 2644 aliquo,
1764 2602 1850 2645 quod

1082 2662 1260 2693 infunditur
1284 2661 1377 2691 simut
1407 2669 1480 2690 euin
1513 2659 1626 2698 gratia.
1652 2657 1748 2688 Tertii
1775 2665 1850 2687 vero
1864 2657 1959 2684 ⁰9¹⁰·3·
