2017 2960
640 175 738 207 DIST.
760 174 828 206 VII.
853 174 942 206 ΛΒΤ.
966 175 992 207 Ῐ.
1013 175 1163 213 QUAEST.
1188 176 1212 206 l.

116 246 266 286 quamvis
279 246 338 276 ista
351 245 392 275 sit
405 254 481 275 vera
501 257 506 276 :
527 257 540 273 (ι
556 245 633 275 Caro
650 245 696 275 est
708 243 859 274 animata.
871 252 886 271 n

118 299 307 339 Intelligitur
335 301 444 329 tamen
474 307 551 329 sane
571 298 657 338 quod
688 297 807 329 dictum
832 298 890 333 est,

117 355 280 386 hominem
303 353 477 393 significari
497 352 531 383 in
555 353 755 383 concretione
783 362 790 382 ε
815 360 893 382 eon-

117 408 213 440 cretio
227 407 313 438 enim
328 406 456 447 proprie
470 406 552 437 dieta
566 407 724 446 reperitur
734 406 768 436 in
783 405 891 437 termi-

117 462 166 492 nis
180 460 436 492 accidentalibus.

158 517 187 545 3.
203 514 252 545 Ad
265 514 344 545 illud
359 514 443 554 quod
460 514 643 554 opponitur,
661 512 747 552 quod
758 513 784 542 si
796 512 893 543 homo

117 568 308 608 praedieatur
328 568 367 599 de
387 567 466 604 Deo,
491 569 547 597 aut
571 566 761 606 praedicatur
776 566 814 596 de
830 565 894 596 Deo

117 621 274 657 univoce,
298 623 354 651 aut
377 621 541 661 aequivoce
572 630 578 650 :
608 619 779 650 dicendum
808 619 894 658 quod

118 672 245 713 proprie
269 681 326 703 nec
349 672 501 707 univoce,
526 680 584 701 nec
609 670 772 710 aequivoee
796 681 803 700 z
829 679 894 700 non

117 726 295 766 aequivoce,
310 725 385 765 quia
399 734 464 756 non
483 727 530 755 est
546 724 671 755 diversa
693 723 835 754 hominis
857 723 896 752 si-

117 778 290 817 gnificatio,
306 777 482 808 seeundum
494 778 579 817 quod
593 777 709 808 dicitur
724 776 762 807 de
773 776 847 813 Deo,
864 780 895 806 et

116 832 155 862 de
178 831 330 868 Martin03
357 831 494 862 univoce
515 840 598 868 non,
622 831 698 870 quia
713 831 771 861 etsi
798 831 895 860 homo

117 884 252 915 retineat
265 884 411 915 eamdem
432 884 702 924 significationem
724 892 801 914 cum
823 883 897 914 dici-

116 939 169 968 tur
183 937 222 968 de
236 937 298 968 Deo
314 939 345 968 et
361 936 469 974 Petro,
484 937 546 968 alio
563 940 672 968 tamen
688 937 783 968 modo
807 946 896 968 com-

117 993 249 1030 paratur
263 990 303 1021 ad
318 989 450 1022 Petrum
464 993 493 1021 et
508 989 657 1028 Paulum,
671 990 733 1021 alio
746 990 842 1021 modo
857 990 896 1020 ad

118 1045 232 1076 Deum.
248 1045 297 1076 Ad
313 1045 443 1077 Petrum
459 1048 662 1086 comparatur
671 1045 897 1086 praedicatione

118 1099 243 1130 formali
275 1101 306 1130 et
335 1099 511 1137 essentiali3
544 1099 582 1129 ad
620 1099 723 1130 Deum
755 1108 832 1130 vero
864 1099 898 1129 in

119 1151 239 1182 unione
253 1152 410 1192 personali
425 1161 432 1182 :
453 1154 484 1182 et
497 1152 567 1183 ideo
583 1152 622 1183 ad
638 1153 791 1183 neutrum
814 1161 898 1191 prae-

119 1206 278 1237 dictorum
292 1206 462 1236 modorum
477 1207 610 1245 possunt
623 1205 686 1236 illae
697 1205 769 1236 duae
781 1206 898 1245 praedi—

124 1260 262 1291 cationes
275 1260 417 1300 plenarie
432 1259 538 1290 reduci
557 1270 564 1290 ι
581 1259 652 1290 licet
663 1259 783 1299 aliquid
801 1259 899 1299 possit

124 1313 168 1344 ibi
183 1313 315 1353 reperiri
329 1313 367 1344 de
382 1322 449 1344 uno
468 1312 694 1353 praedietorum
714 1312 897 1350 modorum,

123 1367 243 1407 aliquid
259 1366 297 1397 de
311 1366 383 1397 alio.

163 1423 193 1451 4.
209 1420 257 1450 Ad
272 1420 351 1451 illud
365 1420 449 1460 quod
465 1420 628 1460 objicitur,
644 1419 731 1460 quod
755 1429 829 1450 eum
851 1420 900 1450 di-

122 1474 205 1505 citur
222 1484 228 1504 :
249 1485 264 1503 ιι
283 1473 366 1504 Deus
381 1475 427 1504 est
446 1473 559 1512 homo,
584 1485 598 1502 »
626 1476 682 1504 aut
710 1473 901 1513 praedicatur

123 1536 178 1567 per
190 1536 241 1566 se,
263 1529 320 1557 aut
340 1535 396 1566 per
421 1527 564 1557 accidens
587 1536 595 1556 ε
621 1527 791 1557 dicendum
815 1527 900 1566 quod

122 1582 237 1610 neutro
251 1580 366 1618 modo,
382 1579 566 1620 accipiendo
588 1580 716 1619 proprie
738 1588 794 1620 per
815 1581 902 1611 acci-

125 1632 204 1664 dens
221 1643 228 1663 :
245 1641 301 1672 per
316 1642 359 1670 se,
372 1633 516 1672 inquam,
533 1641 599 1663 non
615 1633 816 1672 praedicatur,
827 1642 901 1663 eum

125 1696 191 1718 non
211 1687 251 1717 sit
269 1686 441 1717 essentialis
463 1686 615 1717 habitudo
637 1686 737 1717 unius
760 1687 799 1717 ad
821 1687 902 1717 alte-

125 1748 214 1776 rum3
241 1748 298 1778 per
329 1738 474 1769 accidens
498 1748 562 1769 non
588 1739 796 1778 praedicatur,
825 1739 902 1779 quia

124 1800 227 1823 unum
241 1800 307 1822 non
328 1792 474 1822 accidens
496 1792 638 1823 alterius
668 1791 731 1823 Nee
754 1792 833 1823 illud
857 1795 903 1823 est

124 1845 367 1883 inconveniens,
384 1845 460 1884 quia
481 1844 551 1875 talis
573 1845 688 1877 modus
709 1846 902 1885 praedicandi

123 1898 184 1928 sub
206 1898 356 1937 praedieta
373 1898 528 1929 divisione
550 1907 615 1929 non
638 1899 734 1930 habet
755 1909 903 1940 compre-

124 1951 223 1982 hendi
244 1952 264 1982 ¹.
282 1951 390 1983 Posset
413 1954 521 1982 tamen
545 1952 607 1983 dici
631 1953 717 1992 quod
734 1953 820 1984 uniri
845 1953 902 1984 hu-

126 2013 232 2035 manae
248 2007 372 2035 naturae
395 2014 435 2036 ex
458 2007 546 2045 parte
561 2005 617 2036 Dei
642 2015 708 2037 non
724 2006 798 2037 dicit
822 2006 902 2037 acei-

126 2057 214 2096 dens,
231 2057 284 2088 sed
299 2067 340 2088 ex
355 2060 445 2098 parte
462 2060 586 2089 naturae
608 2061 794 2099 assumptae.
814 2059 904 2090 Unde

126 2111 265 2151 quodam
288 2111 382 2142 modo
408 2111 478 2142 talis
502 2112 684 2152 praedieatio
712 2115 816 2152 posset
843 2113 904 2144 diei

126 2174 183 2205 per
196 2175 240 2203 se,
257 2166 396 2206 quodam
410 2167 503 2197 modo
517 2177 574 2207 per
588 2167 733 2198 accidens
751 2178 757 2198 :
781 2177 837 2208 per
858 2177 902 2206 se,

127 2219 340 2259 comparando
367 2219 510 2251 divinam
545 2223 694 2252 naturam
727 2222 766 2252 ad
795 2231 904 2262 perso-

127 2281 215 2309 nam,
230 2272 265 2303 in
279 2282 344 2312 qua
357 2275 404 2304 est
417 2273 506 2311 unio,
523 2274 561 2305 de
575 2283 639 2314 qua
655 2284 712 2315 per
733 2285 765 2307 se
786 2276 903 2316 praedi-

128 2327 237 2364 catur3
257 2336 314 2366 per
340 2327 483 2358 accidens
505 2330 610 2367 posset
626 2328 703 2366 diei,
727 2329 905 2360 humanam

129 2381 278 2410 naturam
286 2381 498 2420 comparando
507 2381 546 2412 ad
555 2391 735 2421 personam,
747 2383 800 2414 eui
811 2382 907 2414 habet

130 2432 219 2462 uniri
232 2442 290 2473 per
305 2435 455 2473 gratiam.

171 2487 200 2516 5.
218 2485 266 2517 Ad
280 2487 358 2518 illud
377 2489 463 2528 quod
483 2490 651 2529 quaeritur,
672 2491 785 2521 utrum
808 2490 906 2521 homo

133 2539 322 2578 praedicetur
337 2541 492 2580 absolute,
507 2543 558 2574 vel
570 2543 717 2581 relative,
736 2542 907 2574 dicendum

133 2592 218 2632 quod
230 2592 291 2623 dici
303 2594 453 2634 relative,
474 2598 521 2627 est
540 2596 707 2636 dupliciter
728 2607 734 2626 :
754 2596 804 2627 vel
824 2597 907 2628 rela-

163 2654 173 2672 ²
191 2657 228 2680 Ad
243 2656 298 2681 haec
318 2657 406 2682 alludit
422 2660 530 2691 Scotus,
544 2660 602 2684 dist.
617 2661 747 2692 praesenti,
762 2668 787 2692 q.
810 2667 831 2692 1,
849 2662 884 2685 ihi
901 2669 906 2686 ;

1663 180 1717 208 171

946 243 1030 274 tione
1045 244 1208 284 implicita,
1224 244 1275 275 vel
1289 243 1447 283 explicita.
1477 243 1555 274 Cum
1577 253 1655 283 ergo
1680 244 1722 275 di-

947 297 1030 328 citur
1048 309 1054 328 :
1074 310 1088 327 α
1102 297 1184 329 Deus
1199 300 1245 328 est
1259 298 1368 335 homo,
1385 308 1398 324 n
1418 297 1516 327 homo
1532 297 1724 337 praedicatur

947 351 985 381 de
995 351 1056 381 Deo
1066 353 1205 392 quodam
1216 351 1309 382 modo
1318 351 1472 386 absolute,
1483 351 1620 390 quodam
1629 351 1723 381 modo

948 404 1102 436 relative:
1117 405 1270 442 absolute,
1287 406 1407 444 quantu
1414 414 1444 434 m
1457 404 1496 434 ad
1512 404 1724 444 privationem

948 457 1109 488 relationis
1124 459 1309 489 extrinsecas
1323 469 1330 495 3
1346 457 1476 488 relative
1488 482 1495 493 ‚
1511 464 1669 497 quantum
1685 457 1724 487 ad

949 511 1138 549 positionem
1158 512 1321 541 relationis
1344 511 1535 542 intrinseca-3.
1561 510 1616 541 Est
1639 510 1724 541 enim

949 573 1061 595 sensus
1079 576 1085 595 :
1108 577 1122 594 «
1138 565 1222 595 Deus
1238 568 1282 595 est
1297 565 1406 601 homo,
1423 575 1437 592 ι)
1458 565 1489 595 id
1503 566 1560 601 est,
1584 565 1666 595 Deus
1680 566 1726 594 est

949 618 1102 649 humanae
1127 620 1252 648 naturae
1280 618 1391 648 unitus
1419 618 1540 648 unitate
1569 626 1724 657 personae,

950 672 1072 702 ratione
1088 673 1181 712 cujus
1204 672 1301 703 homo
1327 671 1365 702 de
1383 670 1458 709 Deo,
1484 673 1515 702 et
1536 671 1619 701 Deus
1632 670 1728 701 habet

949 724 1011 755 dici
1025 725 1063 756 de
1077 725 1218 756 homine.

992 781 1021 808 6.
1039 778 1086 809 Ad
1103 778 1181 809 illud
1195 777 1282 818 quod
1298 777 1459 816 objicitur,
1474 776 1558 816 quod
1574 777 1600 806 si
1611 776 1726 816 praedi-

951 835 1041 862 catur
1054 832 1152 863 homo
1168 832 1206 863 de
1222 832 1294 869 Deo,
1311 833 1368 862 aut
1384 831 1576 870 praedicatur
1595 830 1629 860 in
1645 830 1727 870 plus,

951 887 1007 916 aut
1022 885 1055 915 in
1068 885 1188 923 minus,
1206 885 1309 915 autin
1324 893 1432 924 aeque,
1451 883 1623 914 dicendum
1643 883 1729 923 quod

951 939 1113 978 quoddam
1139 941 1185 969 est
1207 947 1312 978 genus
1334 937 1586 978 praedicationis,
1612 937 1645 967 in
1667 946 1730 976 quo

954 992 1162 1032 praedicatum
1184 995 1214 1023 et
1238 992 1418 1031 subjectum
1433 1001 1465 1021 se
1490 991 1606 1021 habent
1621 992 1657 1021 ut
1671 999 1730 1021 ex—

954 1048 1096 1078 cedentia
1111 1049 1141 1078 et
1156 1057 1296 1084 excessa,
1313 1049 1348 1077 ut
1364 1055 1438 1077 cum
1448 1046 1583 1076 dieitur:
1602 1058 1615 1074 «
1628 1045 1732 1076 nomo

953 1103 999 1131 est
1013 1100 1103 1131 albus
1118 1111 1124 1131 z
1143 1112 1156 1129 »
1176 1103 1206 1131 et
1223 1100 1267 1131 sie
1282 1102 1329 1130 θεῖ
1343 1100 1376 1130 in
1392 1099 1564 1139 proposito.
1581 1098 1661 1129 Nam
1675 1098 1733 1129 etsi

954 1154 1050 1184 homo
1063 1153 1186 1184 dicatur
1209 1153 1248 1184 de
1270 1152 1376 1191 aliquo
1396 1152 1560 1191 supposito
1584 1151 1649 1189 Dei,
1668 1160 1733 1181 non

953 1209 1062 1238 tamen
1080 1207 1196 1237 dicitur
1213 1207 1250 1237 de
1269 1206 1425 1246 quolibet,
1448 1214 1506 1235 nee
1522 1214 1538 1235 e
1561 1214 1713 1235 converso
1723 1214 1733 1243 3

955 1261 1035 1291 sieut
1050 1270 1115 1290 non
1132 1260 1239 1291 omnis
1254 1259 1352 1290 homo
1374 1262 1419 1289 est
1444 1259 1545 1296 albus,
1564 1268 1623 1289 nee
1638 1267 1734 1289 omne

955 1314 1065 1345 album
1079 1316 1126 1345 est
1140 1314 1249 1345 homo.

997 1370 1026 1404 Ἰ,
1045 1370 1063 1399 8
1084 1370 1115 1399 et
1129 1370 1160 1398 9.
1178 1367 1227 1398 Ad
1244 1366 1320 1397 illud
1335 1366 1422 1406 quod
1446 1366 1634 1406 opponitur,
1650 1366 1736 1405 quod

956 1422 1037 1453 sicut
1052 1422 1123 1452 haec
1139 1423 1184 1452 est
1201 1430 1277 1451 vera
1292 1429 1350 1460 pro
1364 1429 1500 1460 persona
1510 1419 1581 1450 Filii
1599 1431 1604 1450 :
1628 1431 1641 1448 ι(
1656 1419 1737 1450 Deus

956 1478 1002 1507 est
1015 1475 1124 1512 homo,
1141 1486 1155 1502 n
1175 1475 1219 1504 ita
1233 1474 1302 1505 haee
1326 1483 1384 1513 pro
1408 1482 1543 1513 persona
1570 1472 1671 1503 Patris
1691 1475 1737 1503 est

957 1538 1034 1559 vera
1054 1540 1060 1558 z
1084 1540 1098 1557 «
1120 1529 1203 1559 Deus
1226 1537 1293 1558 non
1318 1530 1364 1558 est
1385 1527 1501 1562 homo;
1527 1537 1541 1555 ›>
1568 1526 1737 1557 dicendum

957 1583 1042 1623 quod
1058 1591 1124 1613 non
1139 1584 1185 1612 θεῖ
1198 1582 1300 1612 simile
1310 1605 1317 1617 ‚
1333 1581 1409 1620 qnia
1419 1605 1426 1617 ,
1439 1580 1521 1610 sicut
1538 1580 1571 1610 in
1587 1580 1690 1620 primo
1705 1579 1739 1609 li-

957 1638 1015 1668 bro
1036 1640 1046 1656 ²
1066 1636 1185 1667 dictum
1207 1636 1275 1673 suit,
1292 1636 1349 1665 iste
1366 1634 1536 1670 terminus,
1557 1633 1653 1670 Deus,
1669 1642 1739 1673 par-

959 1691 1016 1721 tim
1058 1689 1155 1720 hahet
1196 1691 1344 1719 naturam
1385 1687 1512 1718 termini
1558 1686 1740 1717 eommunis

958 1746 1087 1784 propter
1106 1742 1345 1782 suppositorum
1367 1741 1598 1780 pluralitatem,
1621 1740 1739 1780 partim

958 1800 1110 1827 naturam
1136 1796 1265 1827 termini
1289 1795 1414 1825 discreti
1446 1796 1575 1834 propter
1602 1794 1740 1824 sormam

958 1849 1298 1891 immultiplicabilem,
1323 1848 1441 1879 seilicet
1465 1847 1677 1879 divinitatem.
1703 1847 1742 1879 Et

959 1905 1041 1942 ideo,
1056 1904 1133 1945 quia
1144 1907 1294 1934 naturam
1304 1902 1399 1933 habet
1408 1901 1538 1932 termini
1547 1901 1739 1939 communis,

959 1958 1153 1989 locutionem
1182 1958 1283 1997 potest
1306 1955 1437 1987 reddere
1456 1964 1569 1986 veram
1595 1963 1652 1994 pro
1674 1964 1740 1985 uno

959 2011 1137 2051 supposito;
1155 2010 1230 2050 quia
1245 2018 1323 2041 vero
1334 2011 1485 2039 naturam
1500 2009 1595 2038 hahet
1609 2007 1739 2038 termini

960 2064 1096 2101 discreti,
1112 2064 1182 2095 ideo
1197 2072 1264 2094 non
1290 2063 1387 2093 refert
1408 2063 1432 2092 si
1456 2064 1672 2101 praeponatur,
1690 2061 1741 2091 vel

960 2120 1168 2158 postponatur
1186 2118 1215 2147 ei
1235 2117 1366 2156 negatio
1388 2127 1395 2146 ι
1417 2116 1502 2146 unde
1526 2115 1559 2145 in
1588 2114 1741 2153 negativa

960 2173 1098 2211 negatur
1112 2179 1169 2210 pro
1185 2170 1336 2201 omnibus
1350 2169 1531 2209 suppositis⁷
1546 2167 1696 2208 quamvis
1706 2167 1739 2198 in

961 2224 1153 2256 affirmativa
1169 2223 1266 2263 possit
1280 2223 1411 2254 reddere
1421 2222 1617 2253 locutionem
1629 2230 1740 2251 veram

963 2288 1019 2318 pro
1032 2287 1097 2309 uno
1112 2278 1179 2308 solo
1197 2289 1203 2308 z
1220 2279 1250 2308 et
1265 2277 1335 2308 ideo
1355 2277 1423 2308 haec
1444 2278 1491 2307 est
1507 2276 1584 2306 falsa
1600 2285 1610 2305 .-
1630 2286 1645 2304 <r
1659 2275 1742 2306 Deus

963 2341 1025 2362 non
1035 2333 1081 2362 est
1091 2331 1188 2363 homo
1199 2342 1206 2369 ;
1221 2342 1235 2359 n
1250 2331 1325 2371 quia
1335 2330 1546 2371 praedieatum
1558 2330 1742 2359 removetur

962 2395 1028 2417 non
1044 2388 1170 2417 tantum
1186 2394 1243 2426 pro
1259 2384 1363 2422 Patre,
1380 2385 1433 2415 sed
1449 2383 1546 2414 etiam
1566 2390 1624 2422 pro
1640 2381 1737 2419 Filio;

962 2448 1002 2470 ex
1017 2439 1077 2470 hoc
1093 2439 1270 2470 necessario
1286 2438 1431 2478 sequitur
1445 2437 1531 2477 quod
1546 2435 1741 2466 affirmativa

962 2493 1021 2523 sibi
1036 2492 1179 2532 opposita
1194 2492 1235 2522 sit
1247 2501 1335 2528 vera,
1353 2491 1423 2522 haec
1438 2490 1555 2521 seilicet
1583 2499 1590 2519 :
1623 2499 1638 2517 «
1658 2487 1741 2518 Deus

963 2548 1010 2577 θεῖ
1023 2546 1132 2576 homo.
1147 2555 1162 2573 υ
1189 2544 1276 2576 Unde
1301 2545 1328 2575 si
1349 2545 1527 2584 quaeratur,
1549 2543 1671 2581 quanta
1694 2542 1741 2571 est

964 2626 1057 2655 Qum-{0
1071 2624 1246 2655 videndum,et
1261 2625 1295 2649 ibi
1309 2632 1314 2648 :
1329 2624 1428 2654 Quinto.
1439 2635 1469 2639 —
1480 2622 1489 2637 ²
1510 2621 1565 2645 Lib.
1588 2621 1614 2651 l,
1631 2619 1688 2643 dist.
1712 2624 1736 2650 v,

963 2669 988 2693 q.
1002 2667 1008 2684 i
1025 2663 1048 2684 et
1065 2666 1099 2685 iv·
