2017 2960
617 176 714 208 DIST.
737 175 845 207 XXIII.
867 176 961 208 ART.
985 176 1008 206 Ι.
1029 174 1180 213 QUAEST.
1203 175 1256 206 ΙΙΙ.

126 248 195 278 tum
210 247 350 287 primum
367 246 440 278 fidei
455 254 560 276 unum
577 246 638 281 est,
655 244 730 274 hinc
749 245 794 274 est
816 244 900 283 quod

126 309 251 330 necesse
274 302 320 330 est
340 299 490 330 virtutem
514 298 587 328 fidei
610 306 676 328 csse
699 305 810 327 unam.
835 295 901 326 Hoc

127 355 234 383 autem
251 352 375 392 planius
390 354 475 391 patet
495 361 550 391 per
566 350 752 390 exemplum
774 350 809 379 in
824 358 904 380 con—

127 405 233 435 simili.
250 404 337 435 Sicut
358 405 445 435 enim
466 405 613 435 videmus
635 403 720 443 quod
738 403 771 433 in
792 402 903 433 habitu

128 458 256 489 videndi
283 458 388 489 virtus
416 458 519 489 visiva
545 457 640 488 habet
663 457 824 496 objectum
848 464 904 495 per

127 510 282 549 accidens,
306 511 387 542 sicut
408 511 547 542 dicimur
571 510 680 541 videre
706 519 827 549 equum
854 509 905 539 vel

128 564 317 602 hominem;
341 564 436 595 habet
461 565 558 594 etiam
584 564 747 603 objectum
770 571 826 602 per
851 571 902 598 se,

128 617 210 647 sicut
230 617 367 648 dicimur
384 618 490 648 videre
507 617 616 648 album
632 619 661 647 et
684 617 831 656 nigrum·,
848 616 903 646 ha-

128 670 182 701 bet
202 670 298 701 etiam
312 671 472 710 obJectum
492 679 556 701 non
581 670 686 701 solum
709 679 764 709 per
780 679 813 700 sc
826 694 833 706 ‚
852 669 905 700 sed

130 724 226 754 etiam
241 724 355 764 primo⁷
369 724 452 755 sicut
466 724 603 755 dicimur
616 724 722 754 videre
738 723 881 754 lucidum
896 732 904 753 ι

130 778 161 807 et
175 777 322 816 quamvis
338 777 496 816 objectum
517 785 573 816 per
587 776 746 814 accidens,
763 776 830 806 sive
848 776 908 806 ob-

127 830 249 868 jectum
265 829 427 860 materiale
442 829 542 869 ipsius
564 829 655 859 visus
675 829 905 859 diversificetur

130 882 163 912 in
184 883 285 922 specie
298 907 305 919 ‚
319 883 403 913 sicut.
425 892 527 922 equus
546 882 651 913 differt
672 883 775 922 specie
789 883 829 913 ab
847 882 907 912 ho-

130 935 227 972 mine,
243 938 274 966 et
288 936 384 967 etiam
399 936 560 976 obiectum
577 945 633 976 per
647 946 678 966 se
695 936 798 976 specie
814 936 906 966 diffe-

130 992 190 1027 rat,
206 989 286 1019 sicut
302 989 412 1019 album
426 989 529 1029 specie
544 989 649 1020 differt
663 998 682 1019 a
695 991 792 1028 nigro
814 999 820 1019 :
843 998 907 1019 non

131 1045 238 1073 tamen
264 1042 392 1073 habitus
415 1043 544 1073 videndi
570 1042 746 1073 secundum
769 1042 907 1082 speciem

131 1096 378 1134 diversificatur,
395 1096 474 1136 quia
489 1096 568 1127 ratio
590 1096 706 1135 objecti
727 1095 839 1135 primi⁷
856 1095 909 1125 vi-

131 1149 243 1180 delicet
257 1149 324 1189 ipsa
337 1149 550 1187 luminositas⁷
566 1158 631 1179 una
646 1151 691 1179 est
706 1149 739 1179 in
755 1149 843 1179 omni
859 1149 909 1179 vi-

132 1203 228 1234 sibili.
245 1204 298 1234 Sic
312 1206 343 1234 et
358 1204 392 1234 in
408 1204 570 1243 proposito
585 1203 831 1242 intelligendum
846 1205 907 1240 est,

131 1257 216 1296 quod
230 1257 301 1287 licet
315 1257 392 1287 fides
407 1257 522 1287 habeat
537 1256 638 1286 multa
654 1256 777 1295 obJecti
793 1265 849 1295 per
862 1265 910 1286 ac-

131 1310 248 1348 cidens,
275 1309 357 1340 sicut
381 1309 488 1340 omnia
510 1318 583 1349 quae
605 1311 848 1349 consequuntur
869 1309 908 1340 ad

131 1363 298 1401 articulos3
320 1363 421 1393 multa
437 1362 532 1393 etiam
548 1363 670 1402 objecta
685 1372 741 1402 per
756 1372 804 1400 se,
827 1363 909 1394 sicut.

130 1417 226 1447 etlam
251 1417 335 1456 ipsos
357 1415 506 1446 articulos
529 1415 636 1455 plures
659 1418 688 1445 et
712 1415 873 1445 distinctos
898 1425 906 1446 :

130 1471 208 1510 quia
220 1472 329 1500 tamen
348 1478 414 1500 una
429 1471 475 1499 est
492 1469 572 1499 ratio
587 1469 732 1499 credendi
748 1468 781 1498 in
803 1469 909 1499 omni-

132 1524 206 1560 1)ι]5,
222 1523 369 1554 videlicet
383 1523 451 1563 ipsa
470 1531 598 1553 summa
611 1522 727 1552 veritas
743 1546 750 1558 ‚
767 1522 819 1552 cui
841 1522 908 1562 ipsa

130 1576 208 1607 fides
228 1576 379 1606 innititur
401 1577 531 1615 propter
545 1584 595 1611 se,
612 1577 643 1605 et
663 1584 759 1614 super
779 1576 905 1613 omnia3

130 1629 200 1659 ideo
214 1629 282 1668 ipsa
295 1629 372 1659 fides
382 1631 429 1659 est
442 1628 545 1668 specie
558 1637 634 1665 una,
649 1630 908 1668 quantacumque

132 1682 310 1722 reperiatur
335 1682 368 1711 in
395 1681 559 1712 credendis
584 1681 773 1711 differentia.
801 1680 838 1711 Et
862 1683 908 1711 est

131 1735 258 1765 simile:
275 1735 302 1765 si
326 1743 387 1774 ego
409 1734 570 1765 crederem
595 1734 690 1764 alicui
711 1734 835 1764 homini
856 1744 908 1765 ve-

131 1789 206 1827 raci,
222 1789 298 1828 quia
311 1797 411 1819 verax
423 1790 480 1825 est,
499 1788 609 1819 eadem
628 1788 826 1826 credulitate,
843 1798 908 1828 qua

130 1842 292 1873 crederem
316 1842 421 1882 ipsum
450 1850 517 1872 esse
549 1850 694 1872 veracem
708 1865 715 1879 ‚
746 1841 906 1872 crederem

130 1896 238 1926 omnia
261 1904 328 1926 esse
348 1905 423 1926 vera
446 1904 519 1935 quae
542 1895 627 1933 dicit,
650 1897 907 1935 quantumcum-

130 1958 192 1989 que
201 1949 239 1980 de
250 1949 384 1980 diversis
395 1948 737 1987 materiisloqueretur.
750 1948 809 1979 Per
820 1949 908 1979 bunc

130 2003 263 2033 modum
285 2002 319 2032 in
348 2001 510 2042 proposito
533 2001 780 2041 intelligendum
792 2004 849 2033 est.
869 2001 909 2032 Et

129 2055 246 2086 idcirco
256 2055 464 2086 concedendae
479 2057 553 2085 sunt
561 2055 698 2085 rationes
708 2055 908 2085 ostendentes

130 2109 226 2139 fidem
245 2109 361 2139 habere
385 2109 537 2139 unitatem
563 2109 741 2140 secundum
755 2109 905 2148 specie-21).

171 2165 200 2193 1.
227 2162 274 2192 Ad
297 2161 374 2192 illud
397 2171 474 2193 vero
498 2162 583 2201 quod
608 2162 711 2202 primo
737 2162 906 2202 oincitur,

130 2216 215 2256 quod
229 2217 317 2246 actus
337 2215 594 2246 diversificantur
616 2224 671 2254 per
686 2215 824 2254 obJecta‚
840 2217 907 2254 J'am

131 2271 215 2309 patet
229 2269 392 2309 responsio
403 2292 410 2305 ,
426 2268 579 2308 quoniam
594 2269 655 2299 hoc
670 2277 735 2299 non
751 2268 907 2308 intelligi-

131 2325 183 2353 tur
206 2322 245 2353 de
266 2331 473 2362 quocumque
493 2321 627 2361 objecto,
651 2322 704 2352 sed
726 2321 764 2353 de
785 2322 908 2361 obJecto

131 2376 218 2415 quod
241 2378 287 2406 est
309 2375 470 2414 obiectum
489 2384 545 2414 per
565 2384 598 2405 se
620 2378 650 2405 et
671 2375 774 2415 primo
799 2375 908 2415 :quod

131 2428 261 2468 quidem
283 2437 348 2459 non
368 2430 495 2459 tantum
516 2428 612 2459 habet
626 2428 782 2459 rationem
805 2431 906 2459 mate-

132 2481 236 2520 rialis,
252 2481 307 2512 sed
326 2482 423 2512 etiam
437 2482 592 2513 rationem
607 2482 700 2512 activi
716 2484 748 2513 et
769 2482 879 2513 motivi
899 2494 905 2513 :

132 2535 194 2567 hoc
217 2536 326 2567 autem
349 2535 443 2566 modo
468 2544 534 2567 non
557 2537 604 2566 est
625 2535 785 2576 obJectum
814 2536 884 2567 fidei
898 2561 907 2574 ‚

133 2650 149 2673 f
164 2615 197 2674 (ta)
214 2614 283 2639 Edit.
298 2614 366 2645 ναι,
381 2613 446 2638 illas.
457 2627 486 2632 —
497 2615 531 2646 (ὁ)
545 2614 738 2641 diversificatur.
750 2617 819 2647 —(c)
832 2624 910 2648 nego-

143 2657 166 2674 ιε
178 2657 218 2674 ur.

1675 178 1729 205 491

958 243 1019 274 nisi
1035 243 1102 283 ipsa
1117 251 1244 273 summa
1262 241 1377 272 veritas
1388 266 1396 279 ‚
1413 241 1493 271 sicut
1515 241 1597 271 infra
1617 241 1732 271 melius

959 297 1087 336 patebit,
1103 306 1177 327 cum
1192 297 1230 326 de
1244 296 1366 335 objecto
1379 295 1450 325 fidei
1465 294 1655 334 inquiretur.

998 353 1027 381 2.
1053 350 1100 380 Ad
1124 350 1202 380 illud
1226 349 1310 389 quod
1333 348 1500 388 objicitur,
1525 347 1609 387 quod
1632 347 1675 377 sic
1701 357 1731 377 se

958 404 1053 434 habet
1069 404 1145 434 fides
1168 403 1208 433 ad
1229 402 1401 437 credibilia,
1424 402 1504 432 sicut
1522 401 1670 432 voluntas
1692 402 1728 431 ιιι]

958 457 1068 492 volita,
1085 458 1115 487 et
1129 456 1257 486 scientia
1272 456 1310 486 ad
1326 455 1456 491 scibilia,
1467 455 1636 485 dicendum
1647 455 1730 494 quod

959 519 1024 541 non
1040 512 1086 540 est
1099 509 1221 547 simile,
1238 510 1391 549 quoniam
1406 509 1537 539 scientia
1553 509 1587 538 in
1601 508 1733 538 [liversis

959 563 1123 603 speciebus
1143 562 1305 593 scibilibus
1323 562 1463 592 diversas
1477 562 1620 592 intuetur
1634 561 1734 592 ratio-

960 625 1031 652 nes,
1049 618 1080 646 et
1099 616 1224 646 diversa
1244 615 1348 645 media
1363 623 1418 654 per
1433 624 1506 654 quae
1521 614 1574 644 illa
1594 623 1733 653 cognos-

961 670 1012 700 cit.
1029 669 1180 700 Similiter
1195 668 1343 699 voluntas
1359 668 1391 697 in
1412 667 1545 697 diversis
1562 668 1669 697 volitis
1684 668 1733 698 di-

961 732 1052 753 versa
1065 723 1208 752 intuetur
1224 721 1405 761 appetibilia
1420 729 1475 760 per
1491 729 1562 760 quae
1580 720 1632 750 illa
1645 730 1738 759 appe-

962 777 1009 807 tit.
1037 776 1109 807 Ideo
1128 778 1193 806 tam
1217 775 1377 810 voluntas
1399 783 1497 814 quam
1521 773 1666 811 scientia,
1693 773 1737 803 di-

963 830 1184 861 versificantur
1210 838 1305 868 penes
1326 828 1378 858 illa
1394 829 1450 866 (a),
1477 836 1551 867 quae
1573 827 1690 867 appetit
1707 829 1738 857 et

962 883 1135 922 cognoscit.
1154 882 1245 913 Fides
1264 883 1372 912 autem
1386 880 1514 911 unicam
1529 880 1673 910 intuetur
1687 889 1736 909 ra-

963 937 1093 972 tionem,
1119 935 1295 966 secundum
1319 943 1417 974 quam
1440 933 1548 964 omnia
1576 933 1738 964 credibilia

963 990 1072 1020 credit.
1094 988 1132 1019 Et
1153 989 1223 1019 ideo
1247 991 1374 1028 propter
1397 987 1612 1017 diversitatem
1637 987 1737 1018 credi-

963 1044 1079 1074 bilium
1101 1053 1167 1074 non
1183 1043 1278 1073 habet
1295 1041 1513 1073 diversificari.

1006 1099 1033 1127 3.
1053 1096 1102 1127 Ad
1123 1096 1200 1126 illud
1222 1095 1307 1135 qnod
1330 1095 1490 1135 objicitur,
1513 1094 1598 1134 quod
1618 1094 1738 1125 donum

965 1149 1113 1187 scientiae,
1130 1152 1158 1179 et
1170 1149 1344 1188 sapientiae,
1354 1148 1621 1185 diversificantur,
1633 1148 1739 1178 (licen-

965 1203 1042 1233 dum
1058 1203 1142 1242 quod
1155 1211 1220 1233 non
1233 1205 1279 1232 est
1293 1202 1406 1239 simile⁷
1425 1202 1501 1241 quia
1516 1201 1669 1241 sapientia
1687 1211 1739 1231 ne-

963 1256 1106 1295 gotiatur
1137 1256 1220 1286 circa
1250 1258 1370 1286 aeterna
1397 1254 1573 1285 secundum
1603 1255 1741 1284 rationes

964 1311 1110 1346 aeternas,
1128 1311 1157 1339 et
1173 1309 1305 1339 scientia
1320 1308 1401 1339 circa
1419 1308 1607 1347 temporalia
1622 1317 1739 1339 secun-

965 1362 1042 1393 dum
1059 1363 1198 1393 rationes
1213 1362 1401 1401 temporales
1418 1369 1425 1390 ι
1443 1363 1473 1391 et
1491 1361 1562 1391 ideo
1581 1361 1737 1392 diversifi-

964 1418 1077 1445 cantur
1098 1415 1133 1454 (bl
1148 1440 1156 1453 ‚
1179 1415 1253 1455 quia
1275 1415 1481 1454 negotiantur
1504 1414 1536 1453 (c)
1562 1414 1740 1445 secundum

964 1469 1102 1499 rationes
1115 1469 1192 1499 alias
1209 1471 1239 1499 et
1253 1469 1340 1498 alias.
1361 1468 1451 1498 Fides
1465 1470 1571 1498 autem
1587 1477 1651 1498 non
1673 1468 1736 1504 sic;

964 1521 1030 1552 imo
1046 1524 1111 1552 tam
1125 1522 1206 1552 circa
1231 1524 1347 1559 creata,
1375 1530 1474 1561 quam
1498 1521 1579 1551 circa
1601 1521 1739 1552 increata

964 1577 1110 1605 versatur
1124 1575 1299 1606 secundum
1322 1575 1478 1605 dictamen
1494 1574 1635 1605 veritatis
1650 1577 1741 1605 aeter-

965 1637 1015 1658 nae
1033 1639 1038 1658 :
1058 1631 1089 1658 et
1103 1629 1172 1659 ideo
1185 1638 1250 1659 non
1265 1628 1308 1658 sic
1322 1628 1415 1658 habet.
1430 1628 1647 1658 diversificari.

1005 1684 1033 1712 4.
1052 1681 1099 1711 Ad
1115 1682 1193 1712 illud
1212 1682 1298 1721 quod
1313 1681 1479 1721 objicitur,
1500 1681 1586 1720 quod
1600 1681 1696 1712 timor
1711 1684 1741 1712 et

964 1743 1034 1773 spes
1056 1735 1330 1771 diversificantur,
1347 1735 1422 1774 quia
1441 1736 1514 1764 sunt
1536 1735 1574 1764 de
1596 1734 1688 1765 bonis
1711 1737 1742 1765 et

965 1788 1076 1826 malis;
1094 1788 1263 1819 dicendum
1279 1789 1363 1828 quod
1378 1797 1443 1818 non
1461 1790 1507 1818 est
1528 1788 1648 1826 simile,
1665 1788 1741 1828 quia

965 1841 1060 1872 timor
1082 1841 1209 1881 respicit
1231 1842 1351 1872 malum
1374 1841 1551 1872 secundum
1570 1841 1655 1880 quod
1671 1850 1741 1872 ma-

964 1895 1043 1933 lum,
1054 1897 1084 1925 et
1098 1905 1169 1935 spes
1183 1896 1304 1926 bonum
1315 1895 1492 1926 secundum
1505 1895 1589 1934 quod
1605 1895 1738 1932 bonum,

965 1950 995 1979 et
1022 1949 1065 1978 ita
1095 1949 1272 1980 secundum
1300 1949 1437 1980 rationes
1468 1948 1619 1978 diversas.
1647 1948 1741 1979 Fides

965 2004 1073 2033 autem
1095 2004 1177 2034 bona
1193 2005 1223 2033 et
1239 2003 1321 2033 mala
1336 2012 1400 2033 non
1420 2002 1610 2040 considerat,
1628 2002 1688 2033 nisi
1705 2003 1736 2032 in

965 2058 1123 2095 quantum
1138 2056 1255 2086 cadunt
1275 2056 1333 2086 sub
1348 2055 1517 2086 dictamine
1532 2055 1689 2092 veritatis,
1708 2058 1738 2086 et

965 2109 1008 2139 ita
1020 2110 1078 2139 sub
1100 2109 1220 2140 ratione
1236 2118 1301 2139 una
1322 2120 1328 2139 z
1346 2109 1390 2139 ita
1413 2109 1499 2139 enim
1519 2109 1617 2139 credit
1639 2109 1738 2139 malos

965 2162 1084 2202 puniri,
1100 2162 1180 2192 sicut
1194 2162 1301 2192 beatos
1319 2162 1489 2201 praemiari.
1506 2162 1550 2192 lta
1569 2162 1664 2192 etiam
1682 2171 1738 2193 ve-

965 2225 1038 2246 rum
1060 2218 1106 2247 est
1129 2226 1243 2252 unum,
1268 2216 1348 2246 sicut
1372 2218 1401 2246 et
1424 2216 1583 2255 reliquum
1610 2227 1616 2245 ε
1640 2218 1669 2246 et
1694 2216 1737 2245 ita

965 2270 1058 2300 dictat
1074 2270 1190 2301 veritas
1205 2279 1319 2307 unum,
1336 2270 1415 2300 sicut
1429 2271 1459 2300 et
1472 2269 1618 2300 alterum.

1006 2327 1034 2354 5
1051 2324 1099 2354 Ad
1119 2324 1197 2355 illud
1217 2324 1302 2364 quod
1316 2324 1481 2363 objicitur,
1498 2323 1582 2363 quod
1597 2323 1675 2354 fides
1690 2323 1738 2353 di-

965 2377 1041 2417 rigit
1075 2386 1186 2407 omnes
1218 2377 1371 2415 virtutes,
1399 2377 1568 2407 dicendum
1592 2376 1676 2415 quod
1699 2385 1739 2406 ex

965 2430 1025 2460 hoc
1040 2439 1105 2460 non
1120 2430 1283 2469 sequitur,
1299 2430 1384 2470 quod
1401 2430 1479 2461 fides
1493 2429 1532 2459 sit
1555 2429 1658 2459 virtus
1680 2437 1739 2467 ge—

966 2483 1091 2521 neralis,
1109 2492 1165 2522 pro
1179 2492 1217 2514 eo
1231 2483 1316 2523 quod
1329 2483 1485 2522 contingit
1500 2482 1632 2512 virtutes
1653 2481 1736 2521 seip—

966 2546 1017 2567 sas
1032 2537 1318 2575 circumincedere,
1333 2538 1364 2568 et
1378 2537 1540 2576 objectum
1562 2534 1658 2565 unius
1673 2535 1738 2565 vir·

966 2590 1043 2622 tutis
1056 2589 1137 2622 bene
1150 2592 1333 2630 potestesse
1353 2588 1514 2620 materiale
1529 2587 1658 2619 alterius
1671 2587 1740 2618 vir-

970 2643 1057 2681 tutis,
1077 2645 1108 2674 et
1131 2645 1238 2675 tamen
1257 2644 1298 2675 ab
1322 2642 1459 2674 invicem
1480 2641 1634 2673 distinctae
1655 2642 1740 2675 sunt,
