2017 2960
144 681 246 701 fundam.

256 131 314 160 638

296 198 325 225 4.
347 194 422 224 item
439 194 518 223 ratio
537 193 704 231 imaginis,
721 191 787 220 sive
809 199 953 228 expressa
974 198 1023 218 as-

261 248 410 278 similatio
425 248 461 277 ad
479 247 595 278 licum,
613 248 656 275 est
673 245 702 274 id
718 243 801 282 quod
817 242 886 271 facit
901 243 1022 271 creatu—

262 310 329 331 ram
346 300 528 331 rationalem
546 308 582 328 ex
599 297 749 327 charltate
771 295 876 333 diligi,
897 295 975 325 sicut
992 294 1023 324 in

262 354 512 395 praecedentiitus
533 353 614 390 patet
633 361 639 380 :
657 350 709 379 sed
735 349 765 378 in
790 357 920 387 corpore
942 356 1027 377 com-

263 409 462 440 municamus
486 415 556 435 cum
582 404 699 441 brutis,
715 412 772 432 nec
790 402 938 441 perfectio
954 401 1029 430 ima-

266 463 349 500 ginis
374 460 528 499 reperitur
551 458 580 486 iu
603 457 692 486 nohis
713 465 752 486 ex
777 459 864 495 parte
890 454 1029 493 eorporis

263 515 358 545 nostri
379 524 384 543 :
410 522 488 551 vrgo
512 510 637 540 videtur
661 509 745 548 quod
767 517 899 547 corpora
922 510 1029 537 nostra

264 577 326 597 non
343 567 402 595 sint
428 574 466 595 ex
492 563 643 593 charitate
664 561 824 600 diligenda
838 585 845 597 ,
869 561 950 591 sicut
973 569 1029 590 nce

259 622 352 650 bruta
365 618 525 648 animalia.

303 673 361 703 Sed
376 674 483 702 contra
500 671 506 686 ¹
523 681 529 700 :
552 670 624 700 Viri
639 669 748 700 debent
764 668 896 708 diliqere
916 676 1030 699 uxores

261 735 356 758 sitas.
381 726 463 756 sicut
486 731 617 763 corpora
637 731 720 753 sua:
743 722 767 751 si
788 731 865 760 crgo
886 721 1032 751 hortatur

262 780 430 820 Apostolus
444 778 481 807 ad
497 776 672 815 diligendas
685 784 801 805 uxores
815 784 855 804 ex
870 774 1030 811 cltaritat÷·,

262 843 335 863 cum
368 832 513 862 similiter
546 829 716 868 diligendae
748 827 811 857 sint
838 830 871 857 ut
902 835 1034 866 corpora

260 890 366 917 nostra
378 910 386 923 ,
403 886 528 915 videtur
543 884 624 923 quod
645 891 777 921 corpora
797 881 859 911 sint
875 890 913 911 ex
929 880 1014 911 chari
1026 896 1034 901 —

262 945 323 972 tate
341 940 513 977 dilig-reuda.

304 995 379 1025 item
397 992 598 1032 Augustinus
613 990 687 1020 dicit
703 989 735 1019 in
751 989 831 1018 libro
845 989 890 1019 Dc
908 988 1033 1019 Doctri—

265 1058 308 1080 na
326 1048 514 1080 Cltrlslicma
535 1046 545 1061 ²
565 1056 576 1075 .·
599 1056 612 1073 «
628 1043 769 1080 Qaatuor
797 1044 872 1072 sunt
898 1041 1032 1080 diligen-

265 1104 304 1133 da
315 1113 322 1140 3
335 1114 348 1130 n
363 1104 393 1132 et
407 1101 508 1130 trihus
523 1097 693 1138 praemissis
711 1095 857 1126 subditur
871 1097 1034 1134 quartum,

267 1156 351 1197 quod
369 1155 448 1184 infra
464 1162 520 1183 nos
540 1154 600 1189 est,
617 1150 732 1180 scilicet
747 1158 862 1188 corpus
878 1150 1034 1178 nostrum.

267 1211 297 1241 si
313 1219 391 1248 ergo
407 1207 609 1246 Augustinus
623 1206 788 1235 enumerat
810 1202 852 1232 ibi
876 1201 1038 1239 diligenda

269 1273 307 1294 ex
320 1262 471 1293 charitate
483 1259 610 1299 praecise
625 1260 656 1287 et
665 1256 802 1297 proprie,
818 1255 940 1285 videtur
952 1254 1037 1293 quod

270 1326 401 1357 corpora
420 1317 527 1346 nostra
547 1314 608 1343 sint
630 1311 790 1349 diligenda
811 1319 851 1340 ex
875 1309 1035 1339 charitate.

310 1371 387 1401 item
402 1378 496 1399 omne
513 1364 736 1401 beatificabile,
759 1372 798 1393 ex
819 1362 969 1392 charitate
993 1363 1040 1391 est

268 1423 420 1461 diligibile
439 1433 444 1452 z
463 1421 515 1451 sed
530 1428 644 1459 corpus
667 1419 812 1447 nostrum
834 1424 908 1445 cum
933 1415 1040 1444 anima

269 1478 483 1509 communicat
513 1476 545 1506 in
582 1473 822 1514 participatione
854 1471 1007 1501 felicitatis
1029 1479 1037 1500 z

268 1543 347 1572 ergo
363 1531 508 1562 similiter
527 1527 764 1559 communicare
787 1525 878 1556 debet
897 1525 930 1554 iu
945 1524 1040 1554 dilec-

268 1588 351 1618 tione
367 1584 538 1616 charitatis.

310 1641 385 1670 item
417 1640 448 1668 in
477 1637 586 1667 ordine
615 1633 775 1665 charitatis
811 1631 1039 1670 consanguinei

268 1692 483 1735 praemittcndi
500 1693 573 1721 sunt
590 1688 762 1725 extrancis,
780 1686 953 1716 secundum
969 1685 1042 1715 Am-

268 1749 411 1779 brosium
427 1747 437 1763 ³
454 1757 461 1776 z
479 1745 532 1775 sed
557 1741 817 1781 consanguinitas
838 1748 903 1770 non
921 1742 966 1769 est,
981 1738 1041 1768 nisi

269 1813 308 1834 ex
332 1803 419 1842 parte
444 1807 613 1839 corporum
636 1807 643 1827 ι
666 1796 692 1826 si
713 1803 792 1833 ergo
814 1794 884 1824 haee
907 1791 1042 1822 conditio

270 1856 371 1888 reddit
381 1854 527 1884 homines
538 1850 642 1889 magis
653 1848 813 1885 amabiles,
823 1846 949 1877 videtur
958 1845 1043 1885 quod

271 1918 400 1949 corpora
410 1908 517 1937 nostra
530 1905 610 1934 inter
622 1912 658 1933 ea
673 1901 956 1935 connumerentur,
969 1907 1041 1938 quae

271 1965 344 1994 sunt
362 1971 402 1992 ex
418 1959 569 1990 charitate
584 1954 756 1994 diligenda.

546 2071 771 2106 CONCLUSIO.

279 2170 397 2205 Corpora
412 2168 504 2194 nostra
526 2173 558 2191 ex
580 2163 712 2189 charitate
731 2162 794 2187 sunt
809 2158 963 2192 diliqenda,
990 2165 1047 2183 cam

312 2217 373 2250 ipsa
387 2215 469 2240 etiam
481 2217 530 2245 per
544 2208 688 2243 quamdam
708 2204 916 2233 redundantiam
932 2203 1048 2229 beatilu-

313 2260 385 2286 dinis
398 2259 453 2285 siat
468 2256 590 2291 capacia.

318 2339 410 2378 Resp.
421 2337 459 2367 ad
471 2344 541 2373 arg.
553 2331 726 2364 Dicendum
737 2329 821 2369 quod
832 2337 905 2358 cum
914 2325 1049 2356 charitas

278 2394 317 2424 sit
332 2391 455 2433 pondus
474 2388 631 2419 inciinans
648 2384 687 2415 ad
706 2391 869 2413 summum
886 2381 1006 2410 honum
1020 2381 1050 2409 et

280 2447 449 2488 perfectam
458 2440 698 2476 beatitudinem,
710 2446 804 2468 omne
814 2435 892 2466 illud
903 2434 1051 2465 facitdili-

282 2511 359 2542 gere
375 2525 383 2537 ,
410 2498 494 2540 quod
519 2498 567 2527 est
594 2495 723 2525 beatum
751 2491 802 2522 vel
830 2487 1047 2521 beatificabile.

314 2586 321 2601 ἱ
339 2583 437 2613 aphec„
449 2586 473 2609 v,
488 2581 525 2603 ΞΒ.
538 2591 568 2596 —
581 2578 591 2593 ²
610 2576 718 2605 intrusi„
732 2573 760 2596 rh:
777 2574 844 2596 boet.
860 2572 958 2601 rint-ier„
972 2570 1015 2594 lib.
1033 2570 1052 2599 1,

281 2628 303 2644 c.
318 2626 330 2643 ,x
341 2625 382 2642 le
395 2637 401 2647 ,
419 2625 433 2640 u
457 2618 495 2640 22.
508 2628 535 2632 —
546 2615 556 2630 ³
571 2610 799 2640 (;l‹‘‚>s.‚1'rz('r11tt.,
817 2614 846 2637 ιι,
859 2610 881 2630 ⁴.

824 121 1133 154 SENTENTIARUM
1155 121 1227 152 [AB.
1253 121 1303 152 ΙΙΙ.

1081 188 1237 225 Quoniam
1250 197 1329 227 ergo
1340 189 1499 228 contingit
1510 190 1628 230 aliquid
1642 199 1707 220 esse
1721 190 1849 220 beatum

1083 240 1255 279 tripiiciter,
1272 240 1385 270 scilicet
1402 249 1458 279 per
1473 242 1658 278 essentiam,
1676 243 1706 271 ct
1721 249 1775 280 per
1789 240 1852 280 pri-

1083 302 1166 322 mam
1184 293 1382 323 influentiam
1395 317 1402 330 ,
1421 296 1451 323 et
1467 304 1522 334 per
1537 295 1708 334 quamdam
1731 294 1851 324 redun-

1083 346 1221 375 dantiam
1237 357 1243 383 3
1259 347 1332 376 hinc
1342 349 1389 377 est
1402 348 1486 387 quod
1500 348 1608 378 onmia
1624 348 1682 378 ista
1697 357 1735 378 ex
1749 347 1851 377 chari-

1083 401 1144 429 tate
1161 402 1234 429 sunt
1251 400 1431 439 diligenda,
1446 401 1621 431 secundum
1636 401 1725 441 prius
1740 403 1770 431 et
1786 410 1853 440 pos-

1085 453 1182 482 terius
1196 476 1203 488 ,
1221 453 1394 483 secundum
1415 455 1520 493 majus
1535 456 1565 484 et
1580 456 1698 484 minus.
1721 454 1853 484 Beatum

1086 508 1192 536 autem
1205 515 1260 545 per
1274 508 1440 537 essentiam
1453 509 1499 537 est
1514 507 1598 538 solus
1614 507 1694 538 Deus
1707 518 1713 543 ;
1726 507 1853 537 beatum

1085 567 1141 598 per
1156 559 1291 598 primam
1309 560 1506 591 influentiam
1522 563 1568 591 est
1587 560 1748 591 rationalis
1768 559 1857 599 spiri-

1085 614 1155 650 tus3
1174 613 1303 643 beatum
1318 614 1453 654 denique
1471 624 1526 654 per
1547 614 1719 654 quamdam
1743 613 1857 643 redun-

1086 665 1223 695 dantiam
1254 669 1301 696 est
1328 676 1441 707 corpus
1471 668 1651 698 humanum
1664 691 1671 703 ,
1709 667 1739 696 in
1773 665 1857 705 quod

1087 719 1244 757 gaudium
1270 720 1382 759 gloriae
1406 721 1562 751 redundat
1586 730 1640 760 per
1661 719 1858 759 conjunctio-

1088 782 1160 803 nem
1183 774 1230 803 sui
1249 774 1286 804 ad
1305 775 1445 805 enimam
1467 775 1603 805 beatam.
1622 774 1701 805 Hinc
1714 776 1760 804 est
1774 772 1859 812 quod

1088 825 1224 856 charitas
1240 836 1302 857 non
1318 827 1420 858 solum
1446 828 1518 858 facit
1534 837 1590 858 nos
1611 827 1744 866 diligere
1758 826 1857 856 Deum

1089 882 1119 909 et
1141 880 1324 911 rationalem
1351 881 1498 921 spiritum
1509 906 1516 919 ,
1547 881 1599 911 sed
1625 881 1720 911 etiam
1748 888 1860 919 corpus

1090 936 1245 965 nostrum.
1277 936 1516 966 Concedendum
1550 938 1596 966 est
1624 935 1726 974 igItur
1742 959 1749 972 ,
1781 934 1862 964 sicut

1090 988 1257 1027 probatum
1288 992 1333 1019 est
1348 1013 1357 1027 ,
1384 989 1469 1029 quod
1500 998 1630 1029 corpora
1658 991 1764 1019 nostra
1791 987 1860 1018 dili-

1091 1042 1195 1080 genda
1216 1044 1290 1072 sunt
1311 1052 1350 1072 ex
1371 1043 1541 1080 charitate;
1563 1042 1772 1073 concedendae
1789 1043 1863 1071 sunt

1092 1095 1187 1125 etiam
1207 1096 1344 1126 rationes
1360 1096 1400 1126 ad
1418 1096 1500 1126 hanc
1516 1099 1637 1136 partem
1652 1095 1800 1126 inductae.

1134 1152 1160 1179 1.
1175 1149 1221 1179 Ad
1234 1149 1311 1180 illud
1323 1150 1407 1189 quod
1423 1150 1581 1189 objicitur,
1595 1149 1679 1189 quod
1695 1149 1776 1180 Deus
1790 1149 1863 1179 hor-

1092 1205 1177 1232 tatur
1192 1212 1249 1233 nos
1271 1203 1304 1232 in
1321 1203 1499 1242 Evangelio
1522 1203 1559 1233 ad
1584 1203 1682 1233 vitam
1704 1192 1862 1232 carnalem

1093 1255 1272 1293 odiendam,
1285 1256 1455 1285 dicendum
1467 1256 1551 1295 quod
1568 1256 1739 1294 incorpore
1754 1257 1862 1285 nostro

1094 1311 1139 1339 est
1156 1309 1308 1339 vitiositas
1326 1309 1605 1348 concupiscentiae,
1622 1312 1652 1339 et
1668 1308 1791 1338 bonitas
1805 1318 1861 1338 na-

1094 1365 1185 1392 turae.
1203 1362 1240 1392 Et
1255 1363 1330 1401 quia
1348 1363 1502 1392 vitiositas
1525 1362 1788 1401 concupiscentiae
1814 1362 1862 1391 in-

1094 1415 1236 1445 clinatad
1253 1415 1389 1452 matum,
1407 1415 1476 1445 ideo
1492 1417 1536 1445 est
1549 1415 1694 1453 odienda⁷
1712 1415 1777 1445 etsi
1792 1415 1864 1454 quis

1095 1477 1164 1498 eam
1181 1468 1299 1507 ditigit⁷
1316 1468 1382 1499 odit
1402 1468 1543 1498 animam
1565 1477 1673 1505 suam3
1695 1468 1769 1508 quia
1787 1477 1864 1499 vero

1095 1522 1219 1552 bonitas
1248 1524 1371 1552 uaturae
1395 1522 1539 1553 ordinata
1564 1524 1611 1553 est
1640 1522 1678 1552 ad
1701 1530 1865 1552 summum

1095 1575 1216 1606 bonum
1239 1576 1377 1615 quodam
1401 1576 1494 1607 modo
1518 1575 1864 1616 comparticipandum,

1096 1629 1165 1659 ideo
1180 1632 1226 1660 est
1241 1629 1413 1668 diligenda.
1433 1630 1511 1660 Cum
1527 1639 1606 1668 ergo
1624 1629 1779 1660 Dominus
1795 1629 1868 1659 hor-

1097 1685 1182 1713 tatur
1203 1684 1241 1712 ad
1266 1683 1433 1713 odiendam
1458 1684 1598 1714 animam
1623 1685 1785 1720 nostram,
1801 1682 1868 1713 sive

1097 1736 1196 1766 vitam
1220 1736 1392 1774 carnalem,
1415 1736 1585 1766 dicendum
1610 1736 1695 1775 quod
1718 1736 1779 1766 hoc
1802 1745 1868 1766 non

1098 1789 1258 1819 concludit
1273 1814 1278 1827 ,
1306 1789 1388 1829 quod
1418 1798 1549 1829 corpora
1576 1791 1684 1819 nostra
1715 1797 1780 1819 non
1806 1787 1870 1818 sint

1099 1843 1263 1881 diligenda
1284 1845 1442 1882 quantum
1472 1843 1508 1873 ad
1529 1843 1700 1873 bonitatem
1727 1844 1867 1879 naturae,

1099 1897 1150 1927 sed
1164 1899 1318 1936 quantum
1327 1897 1366 1927 ad
1375 1897 1579 1927 vitiositatem
1595 1895 1867 1936 concupiscentiae.

1140 1952 1169 1980 ⁶2.
1189 1949 1226 1980 Et
1238 1959 1295 1990 per
1310 1950 1371 1980 hoc
1385 1951 1468 1990 patet
1483 1949 1647 1989 responsio
1661 1949 1700 1980 ad
1715 1949 1869 1980 rationem

1101 2005 1286 2043 sequentem
1299 2013 1306 2034 :
1319 2003 1394 2043 quia
1405 2013 1477 2034 caro
1488 2013 1552 2034 non
1563 2004 1722 2043 repugnat
1732 2002 1868 2042 spiritui,

1101 2066 1159 2087 nec
1174 2057 1305 2096 impedit
1315 2057 1354 2087 ab
1367 2057 1564 2096 assequenda
1573 2055 1768 2087 beatitudine
1781 2064 1872 2096 prop-

1102 2114 1149 2141 ter
1163 2110 1376 2140 conditionem
1390 2112 1525 2148 naturae,
1542 2110 1595 2140 sed
1611 2114 1739 2149 propter
1753 2108 1873 2139 vitiosi·

1103 2167 1200 2195 tatem
1216 2163 1477 2203 concupiscentiae
1492 2165 1672 2194 contractae.

1144 2221 1174 2249 3.
1191 2218 1239 2248 Ad
1259 2217 1337 2247 illud
1351 2217 1435 2256 quod
1458 2217 1622 2256 objicitur,
1639 2217 1725 2257 quod
1739 2225 1803 2247 non
1818 2216 1873 2247 de-

1103 2272 1179 2303 bent
1191 2270 1281 2309 diligi
1295 2279 1335 2301 ex
1356 2271 1506 2300 charitate
1520 2279 1554 2300 ea
1578 2279 1651 2310 quae
1666 2277 1874 2309 corrumpun-

1104 2328 1167 2363 tur,
1184 2334 1257 2355 cum
1274 2324 1410 2354 charitas
1424 2333 1591 2363 nunquam
1606 2323 1746 2360 excidat3
1763 2322 1874 2353 dicen-

1105 2378 1182 2408 dum
1197 2375 1282 2415 quod
1296 2375 1443 2414 quamvis
1456 2384 1570 2414 corpus
1588 2376 1733 2405 nostrum
1749 2374 1790 2404 sit
1804 2383 1874 2405 cor-

1105 2431 1254 2471 ruptibile
1266 2431 1304 2461 ad
1315 2433 1440 2470 tempus
1452 2434 1482 2460 et
1496 2429 1671 2460 secundum
1685 2431 1874 2468 praesentem

1106 2487 1240 2522 statum,
1257 2485 1302 2514 est
1316 2486 1423 2514 tamen
1440 2483 1479 2513 ad
1500 2484 1684 2522 perpetuam
1703 2482 1870 2523 incorrup-

1107 2539 1227 2570 tionem
1242 2537 1435 2568 ordinatum.
1452 2536 1538 2567 Unde
1554 2536 1702 2576 quamvis
1716 2545 1802 2567 nunc
1820 2545 1870 2568 se-

1109 2593 1249 2623 minetur
1263 2591 1295 2621 in
1308 2589 1527 2629 corruptione,
1543 2591 1689 2629 resurget
1712 2591 1821 2626 tamen
1839 2589 1874 2620 in
