2017 2960
724 176 821 208 DIST.
842 175 893 206 xl.
916 172 1006 205 ART.
1031 175 1054 207 1.
1078 176 1226 213 QUAEST.
1254 177 1290 208 ΙΙ.

203 247 257 279 tia.
287 247 321 278 Si
344 247 452 277 autem
472 245 645 285 loquamur
668 245 825 284 quantum
848 243 887 273 ad
899 251 976 272 con-

204 302 348 331 notatum
362 322 369 335 ‚
386 298 471 338 quod
489 297 619 337 quidem
635 299 682 327 est
700 297 803 336 gratia
817 299 847 326 et
862 294 977 335 gloria,

203 356 282 384 tunc
305 351 568 390 distinguendum
592 353 657 388 est,
682 350 767 389 qnod
792 349 910 389 duplex
934 350 979 378 est,

203 405 365 445 exemplar
383 415 388 435 :
405 404 566 444 quoddam
581 403 713 434 interius
730 403 763 433 in
780 405 886 433 mente
901 401 976 432 arti-

202 459 279 496 ficis,
296 458 378 488 sicut
391 457 471 488 ratio
485 457 661 488 secundum
672 466 768 496 quam
783 457 896 487 artifex
908 465 978 495 pro-

201 512 287 543 ducit
299 521 357 542 sua
372 520 468 550 opera
480 521 487 548 ;
507 510 667 550 quoddam
678 510 829 546 exterius⁷
842 510 880 539 ad
892 509 977 548 quod

201 565 355 604 aspiciens
372 564 423 594 ille
433 564 489 604 qui
500 564 629 603 ignorat
639 565 751 600 artem,
765 562 873 602 aliquo
884 563 976 592 modo

200 617 368 657 regulatur
384 628 390 648 ι
407 617 488 648 sicut
510 617 553 647 illi
570 617 708 647 artifices
723 616 900 646 mechanici
919 615 976 646 ali-

201 680 280 711 quas
306 671 423 701 formas
450 671 591 700 exterius
624 670 742 700 habent
760 693 767 705 ,
800 670 976 699 secundum

201 733 281 764 quas
304 724 449 763 dirigunt
470 733 567 763 opera
589 732 659 760 sua,
683 723 764 753 sicut
781 724 865 762 patet
880 723 912 752 in
928 722 977 752 his

201 777 256 817 qui
271 777 391 807 faciunt
401 777 623 807 calceamenta.
635 776 667 807 Si
678 785 756 815 ergo
768 776 871 816 primo
884 775 977 806 modo

200 831 372 871 loquamur
382 831 420 861 de
431 830 709 870 praedestinathine
723 830 839 860 Christi
854 830 977 860 ratione

137 917 148 927 =
199 885 376 923 connotati,
405 885 509 915 adhuc
532 883 767 924 praedestinatio
783 883 897 914 Christi
913 892 976 913 uon

198 941 245 969 cst
257 941 374 970 nostrae
390 939 675 979 praedestinationis
689 938 853 978 exemplar
870 947 877 968 :
895 937 976 968 Deus

197 992 282 1022 enim
309 1001 373 1023 non
395 992 633 1032 praedestinavit
667 1001 725 1022 nos
757 991 912 1031 aspiciens
937 992 976 1022 ad

199 1045 327 1084 aliquod
352 1045 438 1076 aliud
459 1054 477 1075 a
492 1055 536 1083 se,
555 1045 607 1075 sed
624 1045 877 1085 unumquodque
894 1054 976 1084 prae-

199 1099 277 1129 vidit
296 1099 329 1129 in
345 1108 389 1135 se,
410 1102 440 1129 et
455 1099 610 1138 disposuit
623 1099 801 1129 secundum
820 1099 976 1129 iationem

197 1153 370 1191 propriam.
396 1152 429 1182 Si
451 1161 527 1182 vero
554 1152 726 1191 loquamur
747 1152 785 1182 de
801 1152 977 1191 exemplari

196 1204 335 1235 secundo
361 1205 453 1235 modo
471 1229 478 1241 ‚
496 1205 540 1235 sic
554 1205 789 1245 praedestinatio
807 1205 919 1235 Christi
932 1208 977 1235 est

195 1257 360 1297 exemplar
387 1259 505 1288 nostrae
534 1257 836 1297 praedestinationis;
866 1267 976 1289 exem-

196 1311 282 1351 plar,
312 1311 465 1350 inquam,
498 1310 705 1347 directivum‚
737 1320 802 1341 non
828 1314 975 1351 respectu

196 1365 314 1396 summi
329 1365 471 1402 artificis,
500 1365 553 1395 sed
576 1367 721 1404 respectu
746 1365 846 1395 nostri
863 1368 927 1395 tam
943 1365 975 1395 in

197 1418 370 1455 credendis,
384 1428 482 1458 quam
494 1418 528 1448 in
538 1418 751 1458 expectandis,
765 1428 862 1458 quam
878 1419 975 1449 etiam

197 1471 230 1501 in
245 1472 412 1511 operandis
430 1482 436 1501 :
455 1474 531 1502 tune
554 1472 640 1502 enim
658 1474 704 1502 est
727 1472 761 1502 in
782 1472 872 1502 nobis
894 1474 977 1503 recte

197 1526 301 1565 gratia
316 1525 380 1563 Dei,
397 1526 525 1565 quando
539 1525 662 1556 Christo
677 1526 837 1556 efficimur
852 1527 976 1556 confor-

199 1588 265 1609 mes
283 1590 289 1609 2
308 1581 338 1609 et
355 1579 428 1609 talia
440 1579 535 1609 etiam
552 1588 607 1618 per
620 1580 760 1618 gratiam
779 1579 887 1610 sutura
903 1582 978 1610 sunt

198 1641 331 1672 corpora
343 1635 459 1669 nostra,
475 1632 569 1672 quale
587 1632 730 1663 Christus
741 1643 799 1663 sua
821 1642 978 1664 resurrec-

198 1686 283 1716 tione
312 1686 517 1723 monstravit,
549 1685 725 1716 secundun]
754 1687 838 1725 quod
868 1687 978 1717 dicunt

199 1738 304 1769 Sancti
324 1748 331 1769 :
354 1741 384 1769 et
408 1748 466 1769 nos
487 1739 546 1778 ipsi
566 1739 592 1768 si
610 1739 759 1769 volumus
773 1740 811 1770 ad
827 1740 976 1770 ultimum

197 1792 487 1832 praedestinationis
509 1792 686 1822 terminum
708 1793 893 1832 pervenire,
917 1803 976 1823 ne-

198 1854 282 1876 cesse
303 1845 460 1876 habemus
484 1846 492 1862 ¹
511 1847 547 1877 in
566 1849 725 1877 αιιοτονεηι
750 1846 830 1885 ficlez'
850 1851 879 1878 ec
902 1855 975 1878 con-

198 1903 429 1938 summatorem,
447 1900 502 1939 qui
516 1902 563 1931 est
576 1900 729 1939 Christus,
743 1902 896 1940 aspicere,
920 1901 975 1940 qui

198 1954 382 1993 exemplum
398 1954 482 1985 dedit
511 1954 613 1992 nobis,
640 1957 675 1985 ut
705 1955 976 1994 quemadmodum

198 2007 266 2047 ipse
280 2007 364 2043 fecit,
387 2010 417 2038 et
432 2017 489 2037 nos
512 2007 674 2038 faciamus.
698 2008 975 2045 Quemadmodum

197 2061 294 2091 etiam
308 2060 419 2091 Petrus
429 2060 504 2091 dicit
518 2064 528 2079 ²
545 2071 552 2091 ι
572 2060 715 2092 Christus
728 2069 845 2100 passus
856 2066 902 2094 esc
917 2071 976 2102 pro

196 2113 304 2153 nobis,
330 2114 418 2145 vobis
440 2114 621 2154 relinquens
648 2115 835 2154 eoeemplum.
860 2115 897 2146 Et
919 2125 976 2155 pro

197 2170 284 2198 tanto
299 2167 372 2198 dicit
386 2168 599 2207 Augustinus,
614 2169 698 2208 quod
712 2169 779 2208 ipse
795 2172 842 2200 est
862 2182 875 2198 α
891 2179 975 2210 prae-

196 2222 408 2253 clarissimum
434 2222 545 2252 lumen
576 2225 693 2252 nostrae
724 2222 975 2262 praedestinatio-

196 2276 258 2314 nis,
274 2287 288 2304 »
303 2275 394 2315 quasi
406 2275 487 2306 Deus
496 2275 533 2306 ad
548 2285 815 2316 unumquemque
829 2279 974 2308 nostrum

196 2329 279 2360 dicat
292 2329 301 2345 ⁸
316 2338 324 2359 ε
342 2329 472 2368 Aspice,
489 2332 517 2361 ec
530 2330 583 2368 fac
601 2329 778 2361 secundum
800 2331 973 2370 exemplar,

197 2382 282 2422 quod
297 2383 356 2414 tibi
371 2383 406 2414 in
421 2386 524 2414 monte
545 2386 758 2415 monstratum
773 2387 832 2422 esc,
849 2384 907 2414 hoc
929 2387 976 2415 est

197 2436 230 2465 in
242 2435 374 2473 Christo,
405 2437 497 2476 cujus
524 2436 633 2467 omnia
654 2437 707 2467 illa
721 2436 842 2468 Veteris
867 2437 974 2468 Testa-

198 2489 296 2519 menti
311 2491 538 2528 apparamenta
550 2490 683 2520 fuerunt
695 2490 790 2530 signa
802 2500 810 2521 :
822 2493 852 2521 et
867 2491 898 2521 in
914 2491 975 2521 hoc

197 2543 292 2565 sensu
319 2536 447 2566 concedi
475 2539 592 2575 potest,
627 2537 709 2576 quod
741 2537 975 2576 praedestinatio

233 2622 239 2637 ¹
255 2621 340 2652 Helm,
354 2627 401 2652 xii,
420 2623 443 2646 2.
461 2636 487 2640 —-
500 2623 510 2638 ²
525 2624 532 2647 t
549 2606 628 2653 Potin,
643 2630 672 2653 11.
687 2626 726 2649 2¹.
738 2638 764 2642 -
777 2625 787 2642 θ
799 2625 890 2656 Eaeod.‚
913 2632 974 2656 xxv5

200 2658 276 2682 to.--
285 2658 293 2671 ⁴
305 2658 387 2688 Joan„
399 2663 457 2688 vni,
466 2659 505 2683 56.

1756 182 1811 209 :247

1035 242 1149 273 Christi
1161 243 1354 283 exemplaris
1372 246 1473 274 torma
1487 244 1527 274 sit
1544 247 1660 274 nostrae
1674 246 1813 284 praedes-

1034 297 1209 328 tinationis.

1075 351 1103 380 1.
1121 350 1168 381 Ad
1184 350 1261 381 illud
1279 350 1365 390 quod
1380 350 1530 389 objicitur
1553 351 1584 380 in
1604 351 1811 389 contrarium,

1034 403 1119 442 quod
1138 404 1201 434 sint
1219 403 1374 434 distinctae
1397 406 1427 434 et
1451 403 1617 441 ordinatae,
1643 404 1813 435 dicendum

1033 457 1118 496 quod
1135 466 1175 487 ex
1190 457 1242 487 illo
1256 458 1354 488 verbo
1368 458 1515 495 habetur,
1532 457 1617 497 quod
1632 458 1715 488 inter
1731 467 1814 497 prae-

1033 509 1259 540 destinationes
1274 520 1292 540 a
1313 513 1400 550 parte
1415 513 1658 541 connotatorum
1681 515 1726 542 est
1749 512 1812 542 dis—

1033 563 1154 601 tinctio,
1172 564 1216 594 sic
1231 568 1339 594 tamen
1362 565 1446 603 quod
1470 574 1535 595 non
1555 565 1639 595 deest
1662 566 1739 596 ordo
1760 576 1766 596 τ
1784 568 1814 596 et

1033 616 1114 653 iden,
1130 616 1278 655 quamvis
1294 619 1411 647 nostra?
1422 618 1709 656 praedestinationis
1724 619 1814 649 effec-

1034 670 1083 698 tus
1106 669 1146 699 ab
1172 669 1287 699 effectu
1314 670 1603 709 praedestinationis
1633 672 1745 702 Christi
1776 673 1814 702 sit

1032 721 1211 759 distinctus,
1229 724 1331 761 potest
1346 725 1453 753 tamen
1477 723 1595 754 habere
1615 725 1759 755 ordinem
1775 725 1813 755 ad

1032 775 1149 814 ipsum,
1168 776 1346 806 secundum
1362 786 1459 816 quem
1472 779 1518 807 est
1528 777 1659 807 directio
1673 780 1703 808 et
1718 787 1813 816 regu-

1031 828 1118 865 latio,
1135 831 1165 859 et
1179 838 1234 868 per
1251 829 1311 859 hoc
1327 830 1476 869 quaedam
1497 831 1578 861 ratio
1598 832 1811 870 exemplandi.

1072 885 1102 912 2.
1119 882 1165 913 Ad
1180 883 1258 913 illud
1275 883 1359 922 quod
1374 883 1526 923 objicitur
1538 908 1545 921 ‚
1568 884 1650 923 quod
1675 885 1814 924 praedes—

1032 937 1145 967 tinatio
1168 937 1236 976 ipsa
1259 940 1305 967 est
1326 938 1511 977 exemplar,
1533 938 1703 968 dicendum
1729 939 1814 978 quod

1032 999 1147 1020 verum
1163 992 1209 1020 est:
1224 991 1261 1021 de
1276 991 1397 1021 ratione
1420 991 1603 1031 principalis
1624 992 1811 1029 significati;

1032 1047 1062 1074 et
1077 1047 1236 1084 quantum
1253 1045 1292 1075 ad
1312 1045 1373 1075 hoc
1394 1045 1474 1076 bene
1496 1046 1733 1076 concedendum
1756 1049 1812 1083 est,

1032 1099 1116 1137 quod
1146 1108 1210 1129 una
1235 1099 1470 1138 praedestinatio
1494 1109 1557 1129 non
1584 1102 1631 1129 est
1650 1100 1814 1139 exemplar

1032 1151 1162 1182 alterius
1179 1161 1186 1182 :
1205 1152 1258 1182 sed
1272 1153 1395 1182 ratione
1417 1153 1578 1182 eonnotati
1595 1154 1642 1182 est
1653 1152 1813 1191 exempla-

1032 1207 1113 1242 tum,
1130 1207 1160 1235 et
1174 1205 1254 1234 nihil
1269 1205 1415 1244 prohibet
1430 1205 1558 1244 aliquod
1574 1214 1641 1235 esse
1657 1205 1811 1244 quodam-

1032 1258 1127 1288 modo
1143 1258 1374 1298 exemplatum,
1400 1261 1430 1289 et
1459 1259 1695 1298 quodammodo
1711 1268 1815 1289 exem-

1032 1312 1112 1351 plar.
1138 1311 1226 1342 Sicut
1242 1312 1322 1342 liber
1336 1312 1441 1352 primo
1456 1313 1556 1342 factus
1569 1312 1608 1342 ab
1629 1313 1747 1343 artifice
1769 1315 1815 1342 est

1033 1365 1198 1404 exemplar
1208 1367 1356 1404 respectu
1371 1365 1527 1395 librorum
1539 1365 1611 1395 inde
1621 1365 1812 1403 fiendorum;

1033 1418 1087 1449 sed
1116 1418 1316 1458 exemplatus
1342 1418 1401 1448 fuit
1429 1419 1468 1448 ab
1499 1420 1566 1449 arte
1599 1418 1752 1449 existente
1781 1419 1814 1449 in

1033 1473 1139 1501 mente
1154 1471 1284 1501 artificis
1301 1482 1308 1502 ι
1323 1471 1366 1501 sic
1382 1473 1413 1501 et
1427 1471 1461 1501 in
1476 1471 1590 1502 effectu
1606 1472 1814 1511 praedestina-

1033 1524 1128 1555 tionis
1140 1525 1387 1564 intelligendum
1406 1527 1462 1555 est.

1074 1580 1103 1608 3.
1121 1578 1168 1608 Ad
1182 1578 1260 1608 illud
1277 1578 1362 1617 quod
1377 1578 1527 1617 objicitur
1538 1601 1545 1614 ‚
1562 1578 1647 1617 quod
1673 1578 1810 1617 praedes-

1034 1632 1205 1662 tinationes
1222 1633 1297 1661 sunt
1313 1631 1419 1668 simul,
1440 1631 1509 1670 jam
1525 1632 1610 1670 patet
1624 1631 1786 1670 responsio
1806 1640 1812 1660 τ

1033 1685 1093 1715 hoc
1109 1685 1194 1714 enim
1212 1693 1327 1714 verum
1343 1686 1389 1714 est
1403 1686 1561 1723 quantum
1586 1684 1622 1714 ad
1640 1684 1813 1723 principale

1033 1740 1263 1779 significatum,
1281 1740 1335 1770 sed
1359 1742 1518 1779 quantum
1541 1740 1580 1769 ad
1606 1741 1812 1770 connotatum

1032 1794 1200 1825 veritatem
1216 1803 1281 1824 non
1293 1794 1410 1824 habet:
1435 1796 1466 1824 et
1486 1793 1556 1824 ideo
1575 1794 1655 1824 nihil
1669 1794 1811 1833 impedit,

1033 1848 1114 1888 quin
1129 1857 1169 1879 ex
1183 1848 1236 1878 illa
1251 1850 1340 1888 parte
1365 1847 1531 1886 contingat
1544 1847 1684 1887 reperire
1701 1857 1813 1878 exem-

1033 1902 1224 1942 pluritatem.

1073 1956 1103 1986 [ι.
1118 1956 1166 1986 Ad
1180 1956 1259 1986 illud
1276 1955 1362 1995 quod
1377 1954 1537 1994 objicitur,
1553 1954 1637 1994 quod
1651 1955 1814 1994 exemplar

1032 2010 1184 2050 praecedit
1195 2009 1415 2049 exemplatum
1427 2033 1435 2046 ,
1452 2008 1622 2039 dicendum
1647 2008 1732 2047 quod
1756 2009 1814 2038 etsi

1033 2063 1174 2094 Christus
1187 2063 1314 2103 proprie
1327 2062 1486 2102 loquendo
1501 2071 1558 2092 sua
1570 2061 1634 2092 vita
1649 2071 1715 2092 non
1730 2062 1814 2092 dedit

1032 2117 1168 2147 formam
1199 2119 1229 2147 et
1257 2115 1442 2155 exemplum
1468 2115 1528 2145 nisi
1556 2115 1621 2153 his⁷
1641 2115 1695 2154 qui
1715 2115 1813 2145 secuti

1031 2173 1108 2202 sunt
1123 2180 1197 2201 eum
1211 2182 1218 2207 ;
1233 2175 1340 2201 tamen
1357 2169 1416 2200 sub
1431 2169 1623 2208 quibusdam
1644 2168 1813 2199 velamini-

1031 2225 1092 2256 bus
1117 2225 1300 2264 figurarum
1324 2223 1410 2254 dedit
1429 2222 1699 2263 praecedentibus,
1727 2221 1812 2261 quod

1031 2279 1123 2310 nobis
1137 2279 1190 2310 dat
1204 2280 1311 2318 aperte
1327 2287 1334 2308 t
1352 2279 1383 2308 et
1400 2286 1474 2307 enm
1499 2276 1730 2307 exercebantur
1744 2274 1811 2314 spi—

1031 2332 1187 2362 ritualiter
1207 2334 1238 2362 et
1256 2331 1390 2363 fideliter
1405 2340 1420 2360 a
1435 2329 1513 2360 viris
1533 2329 1649 2359 sanctis
1668 2331 1698 2358 et
1718 2327 1810 2367 spiri-

1031 2385 1181 2422 tualibus⁷
1199 2393 1255 2424 per
1269 2384 1329 2415 hoc
1345 2383 1468 2414 Christo
1483 2381 1763 2413 conformabantur
1777 2380 1810 2410 in

1032 2438 1113 2475 vita,
1138 2447 1235 2477 quem
1250 2437 1309 2467 etsi
1330 2437 1476 2468 nondum
1491 2435 1636 2466 viderent
1650 2435 1683 2463 in
1703 2442 1808 2471 carne,

1031 2492 1183 2523 videbant
1192 2494 1300 2522 tamen
1312 2491 1384 2529 fide,
1393 2492 1487 2530 juxta
1498 2490 1575 2520 illud
1589 2489 1598 2505 ⁴
1615 2498 1622 2519 :
1638 2488 1812 2519 Exulcavz‘c

1032 2549 1066 2577 uc
1094 2545 1218 2577 videret
1244 2544 1328 2576 diem
1348 2552 1472 2580 mentm
1495 2542 1581 2574 vidit
1603 2544 1630 2573 ec
1659 2541 1811 2581 gravisus

1031 2602 1077 2632 est
1095 2610 1101 2630 z
1119 2601 1150 2629 et
1164 2599 1218 2638 ita,
1234 2598 1384 2639 quamvis
1402 2606 1464 2627 non
1480 2594 1675 2636 praecesserit
1695 2603 1745 2633 re,
1759 2594 1810 2625 vel

1031 2655 1184 2693 tempore,
1201 2651 1360 2692 praecessit
1372 2653 1479 2681 tamen
1499 2648 1763 2689 praefiguratione
1778 2650 1809 2678 et
