<?xml version="1.0" encoding="UTF-8"?>
<!DOCTYPE html PUBLIC "-//W3C//DTD XHTML 1.0 Transitional//EN"
    "http://www.w3.org/TR/xhtml1/DTD/xhtml1-transitional.dtd">
<html xmlns="http://www.w3.org/1999/xhtml" xml:lang="en" lang="en">
 <head>
  <title>
</title>
<meta http-equiv="Content-Type" content="text/html;charset=utf-8" />
  <meta name='ocr-system' content='tesseract 3.04.00' />
  <meta name='ocr-capabilities' content='ocr_page ocr_carea ocr_par ocr_line ocrx_word'/>
</head>
<body>
  <div class='ocr_page' id='page_1' title='image "./operaomniasixtiv04bonauoft/operaomniasixtiv04bonauoft_0523.png"; bbox 0 0 2017 2960; ppageno 0'>
   <div class='ocr_carea' id='block_1_1' title="bbox 688 160 1328 199">
    <p class='ocr_par' dir='ltr' id='par_1_1' title="bbox 688 160 1328 199">
     <span class='ocr_line' id='line_1_1' title="bbox 688 160 1328 199; baseline -0.002 -7"><span class='ocrx_word' id='word_1_1' title='bbox 688 161 785 193; x_wconf 87' lang='lat' dir='ltr'><strong>DlST.</strong></span> <span class='ocrx_word' id='word_1_2' title='bbox 808 161 915 192; x_wconf 81' lang='lat' dir='ltr'><strong>XXIII.</strong></span> <span class='ocrx_word' id='word_1_3' title='bbox 938 161 1029 192; x_wconf 80' lang='lat' dir='ltr'><strong>ART.</strong></span> <span class='ocrx_word' id='word_1_4' title='bbox 1055 161 1092 192; x_wconf 89' lang='lat' dir='ltr'><strong>Il.</strong></span> <span class='ocrx_word' id='word_1_5' title='bbox 1117 160 1266 199; x_wconf 85' lang='lat' dir='ltr'><strong>QUAEST.</strong></span> <span class='ocrx_word' id='word_1_6' title='bbox 1291 161 1328 192; x_wconf 90' lang='lat' dir='ltr'><strong>Il.</strong></span> 
     </span>
    </p>
   </div>
   <div class='ocr_carea' id='block_1_2' title="bbox 193 228 983 2255">
    <p class='ocr_par' dir='ltr' id='par_1_2' title="bbox 193 228 970 535">
     <span class='ocr_line' id='line_1_2' title="bbox 234 228 968 268; baseline -0.004 -8"><span class='ocrx_word' id='word_1_7' title='bbox 234 232 263 260; x_wconf 77' lang='lat'><strong>2.</strong></span> <span class='ocrx_word' id='word_1_8' title='bbox 281 230 358 260; x_wconf 89' lang='lat' dir='ltr'><strong>Item</strong></span> <span class='ocrx_word' id='word_1_9' title='bbox 379 229 581 268; x_wconf 73' lang='lat' dir='ltr'><strong>Augustinus</strong></span> <span class='ocrx_word' id='word_1_10' title='bbox 595 230 604 246; x_wconf 90' lang='lat'>¹</span> <span class='ocrx_word' id='word_1_11' title='bbox 627 241 633 260; x_wconf 91' lang='grc'>;</span> <span class='ocrx_word' id='word_1_12' title='bbox 655 241 669 259; x_wconf 80' lang='grc' dir='ltr'><strong>(ι</strong></span> <span class='ocrx_word' id='word_1_13' title='bbox 683 229 772 266; x_wconf 81' lang='lat' dir='ltr'><strong>Quod</strong></span> <span class='ocrx_word' id='word_1_14' title='bbox 797 228 968 265; x_wconf 88' lang='lat' dir='ltr'><strong>credimus,</strong></span> 
     </span>
     <span class='ocr_line' id='line_1_3' title="bbox 194 281 969 322; baseline -0.004 -8"><span class='ocrx_word' id='word_1_15' title='bbox 194 283 346 314; x_wconf 87' lang='lat' dir='ltr'><strong>debemus</strong></span> <span class='ocrx_word' id='word_1_16' title='bbox 361 282 540 313; x_wconf 79' lang='lat' dir='ltr'><strong>auctoritati</strong></span> <span class='ocrx_word' id='word_1_17' title='bbox 557 291 564 312; x_wconf 93' lang='lat'><strong>:</strong></span> <span class='ocrx_word' id='word_1_18' title='bbox 581 282 665 322; x_wconf 87' lang='lat' dir='ltr'><strong>quod</strong></span> <span class='ocrx_word' id='word_1_19' title='bbox 681 281 900 321; x_wconf 81' lang='lat' dir='ltr'><strong>intelligimus,</strong></span> <span class='ocrx_word' id='word_1_20' title='bbox 919 290 969 311; x_wconf 88' lang='lat' dir='ltr'><strong>ra-</strong></span> 
     </span>
     <span class='ocr_line' id='line_1_4' title="bbox 194 334 970 375; baseline -0.003 -9"><span class='ocrx_word' id='word_1_21' title='bbox 194 336 284 366; x_wconf 85' lang='lat' dir='ltr'><strong>tioni.</strong></span> <span class='ocrx_word' id='word_1_22' title='bbox 301 347 316 364; x_wconf 89' lang='lat'>»</span> <span class='ocrx_word' id='word_1_23' title='bbox 333 334 394 367; x_wconf 91' lang='lat' dir='ltr'><strong>Sed</strong></span> <span class='ocrx_word' id='word_1_24' title='bbox 412 335 555 366; x_wconf 80' lang='lat' dir='ltr'><strong>doctrina</strong></span> <span class='ocrx_word' id='word_1_25' title='bbox 569 345 643 375; x_wconf 85' lang='lat' dir='ltr'><strong>quae</strong></span> <span class='ocrx_word' id='word_1_26' title='bbox 658 335 838 366; x_wconf 74' lang='lat' dir='ltr'><strong>auctoritati</strong></span> <span class='ocrx_word' id='word_1_27' title='bbox 858 334 970 364; x_wconf 76' lang='lat' dir='ltr'><strong>alienae</strong></span> 
     </span>
     <span class='ocr_line' id='line_1_5' title="bbox 193 387 969 429; baseline -0.001 -11"><span class='ocrx_word' id='word_1_28' title='bbox 193 389 354 427; x_wconf 89' lang='lat' dir='ltr'><strong>innititur,</strong></span> <span class='ocrx_word' id='word_1_29' title='bbox 367 389 407 419; x_wconf 86' lang='lat' dir='ltr'><strong>ab</strong></span> <span class='ocrx_word' id='word_1_30' title='bbox 415 388 477 419; x_wconf 89' lang='lat' dir='ltr'><strong>alio</strong></span> <span class='ocrx_word' id='word_1_31' title='bbox 491 389 666 429; x_wconf 88' lang='lat' dir='ltr'><strong>acquiritur</strong></span> <span class='ocrx_word' id='word_1_32' title='bbox 679 400 684 419; x_wconf 96' lang='lat'>:</span> <span class='ocrx_word' id='word_1_33' title='bbox 701 389 726 419; x_wconf 89' lang='lat' dir='ltr'><strong>si</strong></span> <span class='ocrx_word' id='word_1_34' title='bbox 738 397 816 428; x_wconf 88' lang='lat' dir='ltr'><strong>ergo</strong></span> <span class='ocrx_word' id='word_1_35' title='bbox 827 387 969 427; x_wconf 79' lang='lat' dir='ltr'><strong>cognitio</strong></span> 
     </span>
     <span class='ocr_line' id='line_1_6' title="bbox 194 441 970 481; baseline -0.001 -10"><span class='ocrx_word' id='word_1_36' title='bbox 194 441 267 472; x_wconf 89' lang='lat' dir='ltr'><strong>fidei</strong></span> <span class='ocrx_word' id='word_1_37' title='bbox 288 441 436 472; x_wconf 87' lang='lat' dir='ltr'><strong>innititur</strong></span> <span class='ocrx_word' id='word_1_38' title='bbox 452 442 642 480; x_wconf 82' lang='lat' dir='ltr'><strong>auctoritati,</strong></span> <span class='ocrx_word' id='word_1_39' title='bbox 660 442 788 472; x_wconf 86' lang='lat' dir='ltr'><strong>videtur</strong></span> <span class='ocrx_word' id='word_1_40' title='bbox 811 441 896 481; x_wconf 90' lang='lat' dir='ltr'><strong>quod</strong></span> <span class='ocrx_word' id='word_1_41' title='bbox 914 449 970 480; x_wconf 90' lang='lat' dir='ltr'><strong>per</strong></span> 
     </span>
     <span class='ocr_line' id='line_1_7' title="bbox 193 495 823 535; baseline 0 -10"><span class='ocrx_word' id='word_1_42' title='bbox 193 495 434 535; x_wconf 82' lang='lat' dir='ltr'><strong>acquisitionem</strong></span> <span class='ocrx_word' id='word_1_43' title='bbox 450 496 564 526; x_wconf 87' lang='lat' dir='ltr'><strong>habeat</strong></span> <span class='ocrx_word' id='word_1_44' title='bbox 579 496 613 526; x_wconf 90' lang='grc'><strong>111</strong></span> <span class='ocrx_word' id='word_1_45' title='bbox 627 495 720 526; x_wconf 91' lang='lat' dir='ltr'><strong>nobis</strong></span> <span class='ocrx_word' id='word_1_46' title='bbox 734 495 823 525; x_wconf 91' lang='lat' dir='ltr'><strong>oriri.</strong></span> 
     </span>
    </p>

    <p class='ocr_par' dir='ltr' id='par_1_3' title="bbox 194 548 972 802">
     <span class='ocr_line' id='line_1_8' title="bbox 235 548 971 588; baseline -0.001 -9"><span class='ocrx_word' id='word_1_47' title='bbox 235 550 264 579; x_wconf 90' lang='lat'><strong>3.</strong></span> <span class='ocrx_word' id='word_1_48' title='bbox 282 548 361 579; x_wconf 82' lang='lat' dir='ltr'><strong>Item</strong></span> <span class='ocrx_word' id='word_1_49' title='bbox 380 549 457 580; x_wconf 89' lang='lat' dir='ltr'><strong>alias</strong></span> <span class='ocrx_word' id='word_1_50' title='bbox 476 550 610 580; x_wconf 90' lang='lat' dir='ltr'><strong>virtutes</strong></span> <span class='ocrx_word' id='word_1_51' title='bbox 632 550 784 580; x_wconf 77' lang='lat' dir='ltr'><strong>informes</strong></span> <span class='ocrx_word' id='word_1_52' title='bbox 801 557 971 588; x_wconf 85' lang='lat' dir='ltr'><strong>possumus</strong></span> 
     </span>
     <span class='ocr_line' id='line_1_9' title="bbox 194 601 970 643; baseline -0.001 -11"><span class='ocrx_word' id='word_1_53' title='bbox 194 601 312 633; x_wconf 87' lang='lat' dir='ltr'><strong>habere</strong></span> <span class='ocrx_word' id='word_1_54' title='bbox 321 612 377 642; x_wconf 90' lang='lat' dir='ltr'><strong>per</strong></span> <span class='ocrx_word' id='word_1_55' title='bbox 387 603 642 643; x_wconf 80' lang='lat' dir='ltr'><strong>acquisitionem,</strong></span> <span class='ocrx_word' id='word_1_56' title='bbox 653 603 734 634; x_wconf 90' lang='lat' dir='ltr'><strong>sicut</strong></span> <span class='ocrx_word' id='word_1_57' title='bbox 744 602 970 633; x_wconf 74' lang='lat' dir='ltr'><strong>continentiam</strong></span> 
     </span>
     <span class='ocr_line' id='line_1_10' title="bbox 195 656 968 696; baseline -0.001 -10"><span class='ocrx_word' id='word_1_58' title='bbox 195 658 226 686; x_wconf 88' lang='lat' dir='ltr'><strong>et</strong></span> <span class='ocrx_word' id='word_1_59' title='bbox 250 657 408 695; x_wconf 91' lang='lat' dir='ltr'><strong>justitiam</strong></span> <span class='ocrx_word' id='word_1_60' title='bbox 435 666 442 685; x_wconf 88' lang='lat'>:</span> <span class='ocrx_word' id='word_1_61' title='bbox 475 666 553 696; x_wconf 87' lang='lat' dir='ltr'><strong>ergo</strong></span> <span class='ocrx_word' id='word_1_62' title='bbox 583 657 650 696; x_wconf 91' lang='lat' dir='ltr'><strong>pari</strong></span> <span class='ocrx_word' id='word_1_63' title='bbox 685 657 806 687; x_wconf 87' lang='lat' dir='ltr'><strong>ratione</strong></span> <span class='ocrx_word' id='word_1_64' title='bbox 832 656 968 692; x_wconf 86' lang='lat' dir='ltr'><strong>videtur,</strong></span> 
     </span>
     <span class='ocr_line' id='line_1_11' title="bbox 195 709 972 750; baseline -0.001 -11"><span class='ocrx_word' id='word_1_65' title='bbox 195 709 281 748; x_wconf 91' lang='lat' dir='ltr'><strong>quod</strong></span> <span class='ocrx_word' id='word_1_66' title='bbox 306 711 337 740; x_wconf 91' lang='lat' dir='ltr'><strong>et</strong></span> <span class='ocrx_word' id='word_1_67' title='bbox 350 709 447 740; x_wconf 88' lang='lat' dir='ltr'><strong>fidem</strong></span> <span class='ocrx_word' id='word_1_68' title='bbox 471 710 639 740; x_wconf 88' lang='lat' dir='ltr'><strong>informem</strong></span> <span class='ocrx_word' id='word_1_69' title='bbox 655 719 712 750; x_wconf 86' lang='lat' dir='ltr'><strong>per</strong></span> <span class='ocrx_word' id='word_1_70' title='bbox 731 709 972 749; x_wconf 81' lang='lat' dir='ltr'><strong>acquisitionem</strong></span> 
     </span>
     <span class='ocr_line' id='line_1_12' title="bbox 195 762 668 802; baseline 0.004 -10"><span class='ocrx_word' id='word_1_71' title='bbox 195 762 340 793; x_wconf 88' lang='lat' dir='ltr'><strong>similiter</strong></span> <span class='ocrx_word' id='word_1_72' title='bbox 355 771 526 802; x_wconf 89' lang='lat' dir='ltr'><strong>possumus</strong></span> <span class='ocrx_word' id='word_1_73' title='bbox 540 763 668 794; x_wconf 86' lang='lat' dir='ltr'><strong>habere.</strong></span> 
     </span>
    </p>

    <p class='ocr_par' dir='ltr' id='par_1_4' title="bbox 196 814 976 1446">
     <span class='ocr_line' id='line_1_13' title="bbox 237 814 972 856; baseline -0.001 -11"><span class='ocrx_word' id='word_1_74' title='bbox 237 817 267 846; x_wconf 73' lang='lat'><strong>4.</strong></span> <span class='ocrx_word' id='word_1_75' title='bbox 284 815 363 846; x_wconf 84' lang='lat' dir='ltr'><strong>Item</strong></span> <span class='ocrx_word' id='word_1_76' title='bbox 377 816 494 856; x_wconf 90' lang='lat' dir='ltr'><strong>aliquis</strong></span> <span class='ocrx_word' id='word_1_77' title='bbox 508 817 665 848; x_wconf 89' lang='lat' dir='ltr'><strong>transiens</strong></span> <span class='ocrx_word' id='word_1_78' title='bbox 681 816 719 848; x_wconf 89' lang='lat' dir='ltr'><strong>de</strong></span> <span class='ocrx_word' id='word_1_79' title='bbox 736 815 921 847; x_wconf 89' lang='lat' dir='ltr'><strong>infidelitate</strong></span> <span class='ocrx_word' id='word_1_80' title='bbox 933 814 972 845; x_wconf 87' lang='lat' dir='ltr'><strong>ad</strong></span> 
     </span>
     <span class='ocr_line' id='line_1_14' title="bbox 196 868 973 911; baseline -0.001 -12"><span class='ocrx_word' id='word_1_81' title='bbox 196 868 356 908; x_wconf 72' lang='lat' dir='ltr'><strong>haeresim,</strong></span> <span class='ocrx_word' id='word_1_82' title='bbox 388 870 486 901; x_wconf 88' lang='lat' dir='ltr'><strong>credit</strong></span> <span class='ocrx_word' id='word_1_83' title='bbox 512 871 634 911; x_wconf 86' lang='lat' dir='ltr'><strong>aliquos</strong></span> <span class='ocrx_word' id='word_1_84' title='bbox 654 870 803 901; x_wconf 86' lang='lat' dir='ltr'><strong>articulos</strong></span> <span class='ocrx_word' id='word_1_85' title='bbox 831 869 926 900; x_wconf 91' lang='lat' dir='ltr'><strong>fidei:</strong></span> <span class='ocrx_word' id='word_1_86' title='bbox 943 870 973 898; x_wconf 84' lang='lat' dir='ltr'><strong>et</strong></span> 
     </span>
     <span class='ocr_line' id='line_1_15' title="bbox 196 922 971 965; baseline -0.001 -12"><span class='ocrx_word' id='word_1_87' title='bbox 196 922 257 954; x_wconf 91' lang='lat' dir='ltr'><strong>hoc</strong></span> <span class='ocrx_word' id='word_1_88' title='bbox 282 923 412 963; x_wconf 89' lang='lat' dir='ltr'><strong>quidem</strong></span> <span class='ocrx_word' id='word_1_89' title='bbox 434 925 501 955; x_wconf 88' lang='lat' dir='ltr'><strong>sine</strong></span> <span class='ocrx_word' id='word_1_90' title='bbox 525 925 633 965; x_wconf 88' lang='lat' dir='ltr'><strong>aliqua</strong></span> <span class='ocrx_word' id='word_1_91' title='bbox 651 925 810 956; x_wconf 88' lang='lat' dir='ltr'><strong>infusione</strong></span> <span class='ocrx_word' id='word_1_92' title='bbox 833 923 971 960; x_wconf 87' lang='lat' dir='ltr'><strong>habitus,</strong></span> 
     </span>
     <span class='ocr_line' id='line_1_16' title="bbox 197 977 975 1017; baseline -0.001 -10"><span class='ocrx_word' id='word_1_93' title='bbox 197 986 271 1007; x_wconf 91' lang='lat' dir='ltr'><strong>cum</strong></span> <span class='ocrx_word' id='word_1_94' title='bbox 287 977 369 1008; x_wconf 89' lang='lat' dir='ltr'><strong>Deus</strong></span> <span class='ocrx_word' id='word_1_95' title='bbox 384 988 449 1009; x_wconf 92' lang='lat' dir='ltr'><strong>non</strong></span> <span class='ocrx_word' id='word_1_96' title='bbox 463 979 609 1010; x_wconf 89' lang='lat' dir='ltr'><strong>infundat</strong></span> <span class='ocrx_word' id='word_1_97' title='bbox 623 978 784 1015; x_wconf 82' lang='lat' dir='ltr'><strong>haeresim,</strong></span> <span class='ocrx_word' id='word_1_98' title='bbox 794 977 847 1008; x_wconf 91' lang='lat' dir='ltr'><strong>sed</strong></span> <span class='ocrx_word' id='word_1_99' title='bbox 860 985 916 1017; x_wconf 87' lang='lat' dir='ltr'><strong>per</strong></span> <span class='ocrx_word' id='word_1_100' title='bbox 928 985 975 1006; x_wconf 90' lang='lat' dir='ltr'><strong>so-</strong></span> 
     </span>
     <span class='ocr_line' id='line_1_17' title="bbox 197 1029 974 1071; baseline 0 -11"><span class='ocrx_word' id='word_1_101' title='bbox 197 1029 261 1061; x_wconf 88' lang='lat' dir='ltr'><strong>lam</strong></span> <span class='ocrx_word' id='word_1_102' title='bbox 277 1032 519 1071; x_wconf 84' lang='lat' dir='ltr'><strong>acquisitionem</strong></span> <span class='ocrx_word' id='word_1_103' title='bbox 541 1033 692 1064; x_wconf 70' lang='lat' dir='ltr'><strong>doctrinae</strong></span> <span class='ocrx_word' id='word_1_104' title='bbox 721 1044 727 1063; x_wconf 72' lang='grc' dir='ltr'>ε</span> <span class='ocrx_word' id='word_1_105' title='bbox 757 1032 811 1062; x_wconf 84' lang='lat' dir='ltr'><strong>sed</strong></span> <span class='ocrx_word' id='word_1_106' title='bbox 833 1041 897 1071; x_wconf 92' lang='lat' dir='ltr'><strong>qua</strong></span> <span class='ocrx_word' id='word_1_107' title='bbox 922 1039 974 1060; x_wconf 90' lang='lat' dir='ltr'><strong>ra-</strong></span> 
     </span>
     <span class='ocr_line' id='line_1_18' title="bbox 197 1084 974 1126; baseline 0.001 -13"><span class='ocrx_word' id='word_1_108' title='bbox 197 1084 281 1115; x_wconf 86' lang='lat' dir='ltr'><strong>tione</strong></span> <span class='ocrx_word' id='word_1_109' title='bbox 297 1087 398 1124; x_wconf 88' lang='lat' dir='ltr'><strong>potest</strong></span> <span class='ocrx_word' id='word_1_110' title='bbox 412 1095 602 1126; x_wconf 81' lang='lat' dir='ltr'><strong>cognoscere</strong></span> <span class='ocrx_word' id='word_1_111' title='bbox 611 1096 714 1117; x_wconf 91' lang='lat' dir='ltr'><strong>unum</strong></span> <span class='ocrx_word' id='word_1_112' title='bbox 725 1086 907 1123; x_wconf 88' lang='lat' dir='ltr'><strong>articulum,</strong></span> <span class='ocrx_word' id='word_1_113' title='bbox 918 1093 974 1115; x_wconf 88' lang='lat' dir='ltr'><strong>ea-</strong></span> 
     </span>
     <span class='ocr_line' id='line_1_19' title="bbox 198 1137 972 1180; baseline 0.001 -12"><span class='ocrx_word' id='word_1_114' title='bbox 198 1137 272 1169; x_wconf 88' lang='lat' dir='ltr'><strong>dem</strong></span> <span class='ocrx_word' id='word_1_115' title='bbox 285 1139 407 1171; x_wconf 88' lang='lat' dir='ltr'><strong>ratione</strong></span> <span class='ocrx_word' id='word_1_116' title='bbox 422 1142 524 1180; x_wconf 88' lang='lat' dir='ltr'><strong>potest</strong></span> <span class='ocrx_word' id='word_1_117' title='bbox 538 1150 729 1180; x_wconf 79' lang='lat' dir='ltr'><strong>cognoscere</strong></span> <span class='ocrx_word' id='word_1_118' title='bbox 746 1140 883 1171; x_wconf 85' lang='lat' dir='ltr'><strong>alterum</strong></span> <span class='ocrx_word' id='word_1_119' title='bbox 898 1148 905 1167; x_wconf 79' lang='lat' dir='ltr'><strong>t</strong></span> <span class='ocrx_word' id='word_1_120' title='bbox 923 1147 972 1169; x_wconf 87' lang='lat' dir='ltr'><strong>er-</strong></span> 
     </span>
     <span class='ocr_line' id='line_1_20' title="bbox 198 1194 972 1235; baseline 0 -12"><span class='ocrx_word' id='word_1_121' title='bbox 198 1202 241 1232; x_wconf 86' lang='lat' dir='ltr'><strong>go</strong></span> <span class='ocrx_word' id='word_1_122' title='bbox 256 1194 281 1223; x_wconf 93' lang='lat' dir='ltr'><strong>si</strong></span> <span class='ocrx_word' id='word_1_123' title='bbox 298 1203 354 1234; x_wconf 89' lang='lat' dir='ltr'><strong>per</strong></span> <span class='ocrx_word' id='word_1_124' title='bbox 381 1195 626 1234; x_wconf 82' lang='lat' dir='ltr'><strong>acquisitionem</strong></span> <span class='ocrx_word' id='word_1_125' title='bbox 654 1197 756 1235; x_wconf 87' lang='lat' dir='ltr'><strong>potest</strong></span> <span class='ocrx_word' id='word_1_126' title='bbox 781 1202 972 1234; x_wconf 82' lang='lat' dir='ltr'><strong>cognoscere</strong></span> 
     </span>
     <span class='ocr_line' id='line_1_21' title="bbox 197 1245 975 1288; baseline 0.001 -12"><span class='ocrx_word' id='word_1_127' title='bbox 197 1245 332 1286; x_wconf 87' lang='lat' dir='ltr'><strong>aliquos,</strong></span> <span class='ocrx_word' id='word_1_128' title='bbox 349 1248 459 1278; x_wconf 89' lang='lat' dir='ltr'><strong>eadem</strong></span> <span class='ocrx_word' id='word_1_129' title='bbox 474 1248 596 1279; x_wconf 86' lang='lat' dir='ltr'><strong>ratione</strong></span> <span class='ocrx_word' id='word_1_130' title='bbox 617 1249 744 1279; x_wconf 87' lang='lat' dir='ltr'><strong>videtur</strong></span> <span class='ocrx_word' id='word_1_131' title='bbox 768 1248 854 1288; x_wconf 87' lang='lat' dir='ltr'><strong>quod</strong></span> <span class='ocrx_word' id='word_1_132' title='bbox 877 1247 975 1287; x_wconf 86' lang='lat' dir='ltr'><strong>possit</strong></span> 
     </span>
     <span class='ocr_line' id='line_1_22' title="bbox 198 1301 975 1342; baseline 0.003 -13"><span class='ocrx_word' id='word_1_133' title='bbox 198 1307 388 1339; x_wconf 79' lang='lat' dir='ltr'><strong>cognoscere</strong></span> <span class='ocrx_word' id='word_1_134' title='bbox 406 1311 517 1333; x_wconf 89' lang='lat' dir='ltr'><strong>omnes</strong></span> <span class='ocrx_word' id='word_1_135' title='bbox 534 1313 541 1333; x_wconf 88' lang='lat'>:</span> <span class='ocrx_word' id='word_1_136' title='bbox 559 1311 637 1342; x_wconf 86' lang='lat' dir='ltr'><strong>ergo</strong></span> <span class='ocrx_word' id='word_1_137' title='bbox 652 1302 779 1333; x_wconf 89' lang='lat' dir='ltr'><strong>videtur</strong></span> <span class='ocrx_word' id='word_1_138' title='bbox 795 1301 881 1342; x_wconf 88' lang='lat' dir='ltr'><strong>quod</strong></span> <span class='ocrx_word' id='word_1_139' title='bbox 898 1301 975 1331; x_wconf 89' lang='lat' dir='ltr'><strong>fides</strong></span> 
     </span>
     <span class='ocr_line' id='line_1_23' title="bbox 200 1351 976 1395; baseline 0.001 -13"><span class='ocrx_word' id='word_1_140' title='bbox 200 1351 344 1383; x_wconf 90' lang='lat' dir='ltr'><strong>informis</strong></span> <span class='ocrx_word' id='word_1_141' title='bbox 365 1354 403 1385; x_wconf 92' lang='lat' dir='ltr'><strong>de</strong></span> <span class='ocrx_word' id='word_1_142' title='bbox 425 1355 575 1386; x_wconf 89' lang='lat' dir='ltr'><strong>omnibus</strong></span> <span class='ocrx_word' id='word_1_143' title='bbox 595 1355 736 1387; x_wconf 85' lang='lat' dir='ltr'><strong>articulis</strong></span> <span class='ocrx_word' id='word_1_144' title='bbox 758 1364 815 1395; x_wconf 86' lang='lat' dir='ltr'><strong>per</strong></span> <span class='ocrx_word' id='word_1_145' title='bbox 837 1353 976 1394; x_wconf 89' lang='lat' dir='ltr'><strong>acquisi-</strong></span> 
     </span>
     <span class='ocr_line' id='line_1_24' title="bbox 199 1405 564 1446; baseline 0.014 -11"><span class='ocrx_word' id='word_1_146' title='bbox 199 1405 318 1437; x_wconf 88' lang='lat' dir='ltr'><strong>tionem</strong></span> <span class='ocrx_word' id='word_1_147' title='bbox 333 1408 430 1446; x_wconf 85' lang='lat' dir='ltr'><strong>possit</strong></span> <span class='ocrx_word' id='word_1_148' title='bbox 443 1409 564 1440; x_wconf 89' lang='lat' dir='ltr'><strong>haberi.</strong></span> 
     </span>
    </p>

    <p class='ocr_par' dir='ltr' id='par_1_5' title="bbox 198 1460 983 2255">
     <span class='ocr_line' id='line_1_25' title="bbox 241 1460 975 1494; baseline 0.003 -4"><span class='ocrx_word' id='word_1_149' title='bbox 241 1462 269 1490; x_wconf 82' lang='lat'><strong>5.</strong></span> <span class='ocrx_word' id='word_1_150' title='bbox 292 1460 381 1494; x_wconf 89' lang='lat' dir='ltr'><strong>Item,</strong></span> <span class='ocrx_word' id='word_1_151' title='bbox 401 1462 427 1492; x_wconf 89' lang='lat' dir='ltr'><strong>si</strong></span> <span class='ocrx_word' id='word_1_152' title='bbox 448 1462 525 1493; x_wconf 90' lang='lat' dir='ltr'><strong>fides</strong></span> <span class='ocrx_word' id='word_1_153' title='bbox 546 1463 691 1494; x_wconf 83' lang='lat' dir='ltr'><strong>informis</strong></span> <span class='ocrx_word' id='word_1_154' title='bbox 706 1464 752 1493; x_wconf 88' lang='lat' dir='ltr'><strong>est</strong></span> <span class='ocrx_word' id='word_1_155' title='bbox 771 1462 899 1493; x_wconf 88' lang='lat' dir='ltr'><strong>habitus</strong></span> <span class='ocrx_word' id='word_1_156' title='bbox 923 1462 975 1492; x_wconf 86' lang='lat' dir='ltr'><strong>in-</strong></span> 
     </span>
     <span class='ocr_line' id='line_1_26' title="bbox 200 1512 977 1550; baseline 0.004 -8"><span class='ocrx_word' id='word_1_157' title='bbox 200 1512 307 1550; x_wconf 86' lang='lat' dir='ltr'><strong>fusus,</strong></span> <span class='ocrx_word' id='word_1_158' title='bbox 325 1523 399 1545; x_wconf 91' lang='lat' dir='ltr'><strong>cum</strong></span> <span class='ocrx_word' id='word_1_159' title='bbox 423 1516 551 1547; x_wconf 80' lang='lat' dir='ltr'><strong>habitus</strong></span> <span class='ocrx_word' id='word_1_160' title='bbox 572 1516 669 1547; x_wconf 82' lang='lat' dir='ltr'><strong>infusi</strong></span> <span class='ocrx_word' id='word_1_161' title='bbox 695 1516 739 1546; x_wconf 89' lang='lat' dir='ltr'><strong>ita</strong></span> <span class='ocrx_word' id='word_1_162' title='bbox 764 1516 977 1546; x_wconf 86' lang='lat' dir='ltr'><strong>infundantur</strong></span> 
     </span>
     <span class='ocr_line' id='line_1_27' title="bbox 201 1569 976 1609; baseline 0.003 -11"><span class='ocrx_word' id='word_1_163' title='bbox 201 1569 356 1607; x_wconf 88' lang='lat' dir='ltr'><strong>parvulis,</strong></span> <span class='ocrx_word' id='word_1_164' title='bbox 379 1569 460 1600; x_wconf 89' lang='lat' dir='ltr'><strong>sicut</strong></span> <span class='ocrx_word' id='word_1_165' title='bbox 480 1570 610 1609; x_wconf 85' lang='lat' dir='ltr'><strong>adultis,</strong></span> <span class='ocrx_word' id='word_1_166' title='bbox 629 1571 673 1601; x_wconf 86' lang='lat' dir='ltr'><strong>ita</strong></span> <span class='ocrx_word' id='word_1_167' title='bbox 687 1570 746 1601; x_wconf 88' lang='lat' dir='ltr'><strong>erit</strong></span> <span class='ocrx_word' id='word_1_168' title='bbox 761 1570 889 1600; x_wconf 87' lang='lat' dir='ltr'><strong>habitus</strong></span> <span class='ocrx_word' id='word_1_169' title='bbox 903 1570 976 1600; x_wconf 87' lang='lat' dir='ltr'><strong>fidei</strong></span> 
     </span>
     <span class='ocr_line' id='line_1_28' title="bbox 202 1621 977 1664; baseline 0.004 -13"><span class='ocrx_word' id='word_1_170' title='bbox 202 1621 346 1653; x_wconf 82' lang='lat' dir='ltr'><strong>informis</strong></span> <span class='ocrx_word' id='word_1_171' title='bbox 367 1623 401 1653; x_wconf 90' lang='lat' dir='ltr'><strong>in</strong></span> <span class='ocrx_word' id='word_1_172' title='bbox 424 1624 559 1664; x_wconf 90' lang='lat' dir='ltr'><strong>parvulo</strong></span> <span class='ocrx_word' id='word_1_173' title='bbox 582 1624 753 1664; x_wconf 84' lang='lat' dir='ltr'><strong>baptizato,</strong></span> <span class='ocrx_word' id='word_1_174' title='bbox 778 1624 860 1654; x_wconf 87' lang='lat' dir='ltr'><strong>sicut</strong></span> <span class='ocrx_word' id='word_1_175' title='bbox 878 1626 924 1654; x_wconf 88' lang='lat' dir='ltr'><strong>est</strong></span> <span class='ocrx_word' id='word_1_176' title='bbox 943 1624 977 1653; x_wconf 93' lang='lat' dir='ltr'><strong>in</strong></span> 
     </span>
     <span class='ocr_line' id='line_1_29' title="bbox 203 1675 978 1717; baseline 0.001 -11"><span class='ocrx_word' id='word_1_177' title='bbox 203 1675 378 1708; x_wconf 89' lang='lat' dir='ltr'><strong>Christiano</strong></span> <span class='ocrx_word' id='word_1_178' title='bbox 398 1679 466 1717; x_wconf 64' lang='lat' dir='ltr'><strong>,iam</strong></span> <span class='ocrx_word' id='word_1_179' title='bbox 491 1679 640 1717; x_wconf 81' lang='lat' dir='ltr'><strong>provecto</strong></span> <span class='ocrx_word' id='word_1_180' title='bbox 658 1678 732 1708; x_wconf 88' lang='lat' dir='ltr'><strong>:sed</strong></span> <span class='ocrx_word' id='word_1_181' title='bbox 751 1678 784 1707; x_wconf 89' lang='lat' dir='ltr'><strong>in</strong></span> <span class='ocrx_word' id='word_1_182' title='bbox 799 1677 978 1708; x_wconf 88' lang='lat' dir='ltr'><strong>Christiano</strong></span> 
     </span>
     <span class='ocr_line' id='line_1_30' title="bbox 198 1731 978 1772; baseline 0 -11"><span class='ocrx_word' id='word_1_183' title='bbox 198 1731 268 1770; x_wconf 84' lang='lat' dir='ltr'><strong>jam</strong></span> <span class='ocrx_word' id='word_1_184' title='bbox 285 1734 434 1770; x_wconf 91' lang='lat' dir='ltr'><strong>provecto</strong></span> <span class='ocrx_word' id='word_1_185' title='bbox 449 1732 474 1762; x_wconf 91' lang='lat' dir='ltr'><strong>si</strong></span> <span class='ocrx_word' id='word_1_186' title='bbox 488 1734 594 1772; x_wconf 89' lang='lat' dir='ltr'><strong>peccet</strong></span> <span class='ocrx_word' id='word_1_187' title='bbox 609 1732 798 1768; x_wconf 87' lang='lat' dir='ltr'><strong>mortaliter,</strong></span> <span class='ocrx_word' id='word_1_188' title='bbox 815 1731 978 1762; x_wconf 90' lang='lat' dir='ltr'><strong>nihilomi-</strong></span> 
     </span>
     <span class='ocr_line' id='line_1_31' title="bbox 203 1785 977 1823; baseline 0.001 -9"><span class='ocrx_word' id='word_1_189' title='bbox 203 1792 266 1815; x_wconf 88' lang='lat' dir='ltr'><strong>nus</strong></span> <span class='ocrx_word' id='word_1_190' title='bbox 291 1786 398 1816; x_wconf 89' lang='lat' dir='ltr'><strong>tamen</strong></span> <span class='ocrx_word' id='word_1_191' title='bbox 426 1787 569 1816; x_wconf 89' lang='lat' dir='ltr'><strong>remanet</strong></span> <span class='ocrx_word' id='word_1_192' title='bbox 592 1785 627 1816; x_wconf 89' lang='lat' dir='ltr'><strong>in</strong></span> <span class='ocrx_word' id='word_1_193' title='bbox 651 1794 688 1816; x_wconf 92' lang='lat' dir='ltr'><strong>eo</strong></span> <span class='ocrx_word' id='word_1_194' title='bbox 714 1785 791 1816; x_wconf 88' lang='lat' dir='ltr'><strong>fides</strong></span> <span class='ocrx_word' id='word_1_195' title='bbox 818 1785 977 1823; x_wconf 87' lang='lat' dir='ltr'><strong>informis,</strong></span> 
     </span>
     <span class='ocr_line' id='line_1_32' title="bbox 203 1838 980 1879; baseline 0 -11"><span class='ocrx_word' id='word_1_196' title='bbox 203 1840 269 1869; x_wconf 90' lang='lat' dir='ltr'><strong>esto</strong></span> <span class='ocrx_word' id='word_1_197' title='bbox 281 1838 367 1878; x_wconf 82' lang='lat' dir='ltr'><strong>quod</strong></span> <span class='ocrx_word' id='word_1_198' title='bbox 382 1839 464 1869; x_wconf 90' lang='lat' dir='ltr'><strong>nihil</strong></span> <span class='ocrx_word' id='word_1_199' title='bbox 480 1839 563 1870; x_wconf 90' lang='lat' dir='ltr'><strong>ultra</strong></span> <span class='ocrx_word' id='word_1_200' title='bbox 578 1839 718 1870; x_wconf 86' lang='lat' dir='ltr'><strong>addiscat</strong></span> <span class='ocrx_word' id='word_1_201' title='bbox 733 1850 739 1869; x_wconf 73' lang='grc' dir='ltr'>ε</span> <span class='ocrx_word' id='word_1_202' title='bbox 757 1848 835 1879; x_wconf 84' lang='lat' dir='ltr'><strong>ergo</strong></span> <span class='ocrx_word' id='word_1_203' title='bbox 850 1838 917 1878; x_wconf 79' lang='lat' dir='ltr'><strong>pari</strong></span> <span class='ocrx_word' id='word_1_204' title='bbox 931 1848 980 1868; x_wconf 76' lang='lat' dir='ltr'><strong>ra-</strong></span> 
     </span>
     <span class='ocr_line' id='line_1_33' title="bbox 204 1892 980 1932; baseline 0 -11"><span class='ocrx_word' id='word_1_205' title='bbox 204 1892 289 1922; x_wconf 90' lang='lat' dir='ltr'><strong>tione</strong></span> <span class='ocrx_word' id='word_1_206' title='bbox 313 1893 469 1932; x_wconf 83' lang='lat' dir='ltr'><strong>parvulus</strong></span> <span class='ocrx_word' id='word_1_207' title='bbox 494 1893 521 1922; x_wconf 86' lang='lat' dir='ltr'><strong>si</strong></span> <span class='ocrx_word' id='word_1_208' title='bbox 546 1895 663 1932; x_wconf 91' lang='lat' dir='ltr'><strong>peccet,</strong></span> <span class='ocrx_word' id='word_1_209' title='bbox 688 1901 761 1923; x_wconf 91' lang='lat' dir='ltr'><strong>cum</strong></span> <span class='ocrx_word' id='word_1_210' title='bbox 781 1892 821 1923; x_wconf 87' lang='lat' dir='ltr'><strong>ad</strong></span> <span class='ocrx_word' id='word_1_211' title='bbox 839 1892 980 1922; x_wconf 89' lang='lat' dir='ltr'><strong>adultam</strong></span> 
     </span>
     <span class='ocr_line' id='line_1_34' title="bbox 206 1945 980 1985; baseline -0.001 -9"><span class='ocrx_word' id='word_1_212' title='bbox 206 1946 333 1976; x_wconf 87' lang='lat' dir='ltr'><strong>aetatem</strong></span> <span class='ocrx_word' id='word_1_213' title='bbox 357 1945 556 1985; x_wconf 79' lang='lat' dir='ltr'><strong>pervenerit,</strong></span> <span class='ocrx_word' id='word_1_214' title='bbox 572 1946 668 1976; x_wconf 90' lang='lat' dir='ltr'><strong>fidem</strong></span> <span class='ocrx_word' id='word_1_215' title='bbox 690 1946 859 1976; x_wconf 85' lang='lat' dir='ltr'><strong>informem</strong></span> <span class='ocrx_word' id='word_1_216' title='bbox 882 1945 980 1975; x_wconf 84' lang='lat' dir='ltr'><strong>habe-</strong></span> 
     </span>
     <span class='ocr_line' id='line_1_35' title="bbox 207 1998 981 2037; baseline 0.001 -9"><span class='ocrx_word' id='word_1_217' title='bbox 207 1998 268 2037; x_wconf 89' lang='lat' dir='ltr'><strong>bit,</strong></span> <span class='ocrx_word' id='word_1_218' title='bbox 286 1999 411 2029; x_wconf 88' lang='lat' dir='ltr'><strong>etiamsi</strong></span> <span class='ocrx_word' id='word_1_219' title='bbox 435 1999 517 2029; x_wconf 88' lang='lat' dir='ltr'><strong>nihil</strong></span> <span class='ocrx_word' id='word_1_220' title='bbox 538 1999 578 2029; x_wconf 89' lang='lat' dir='ltr'><strong>ab</strong></span> <span class='ocrx_word' id='word_1_221' title='bbox 599 1999 669 2029; x_wconf 89' lang='lat' dir='ltr'><strong>aliis</strong></span> <span class='ocrx_word' id='word_1_222' title='bbox 685 1999 836 2029; x_wconf 89' lang='lat' dir='ltr'><strong>doceatur</strong></span> <span class='ocrx_word' id='word_1_223' title='bbox 851 2010 858 2029; x_wconf 75' lang='grc' dir='ltr'>ι</span> <span class='ocrx_word' id='word_1_224' title='bbox 875 2002 906 2029; x_wconf 91' lang='lat' dir='ltr'><strong>et</strong></span> <span class='ocrx_word' id='word_1_225' title='bbox 920 1999 981 2030; x_wconf 93' lang='lat' dir='ltr'><strong>hoc</strong></span> 
     </span>
     <span class='ocr_line' id='line_1_36' title="bbox 207 2053 983 2094; baseline 0.001 -11"><span class='ocrx_word' id='word_1_226' title='bbox 207 2055 253 2084; x_wconf 91' lang='lat' dir='ltr'><strong>est</strong></span> <span class='ocrx_word' id='word_1_227' title='bbox 267 2053 433 2084; x_wconf 88' lang='lat' dir='ltr'><strong>manifeste</strong></span> <span class='ocrx_word' id='word_1_228' title='bbox 449 2054 577 2091; x_wconf 84' lang='lat' dir='ltr'><strong>salsum,</strong></span> <span class='ocrx_word' id='word_1_229' title='bbox 595 2054 671 2094; x_wconf 86' lang='lat' dir='ltr'><strong>quia</strong></span> <span class='ocrx_word' id='word_1_230' title='bbox 686 2054 711 2084; x_wconf 90' lang='lat' dir='ltr'><strong>si</strong></span> <span class='ocrx_word' id='word_1_231' title='bbox 726 2053 795 2084; x_wconf 87' lang='lat' dir='ltr'><strong>talis</strong></span> <span class='ocrx_word' id='word_1_232' title='bbox 809 2056 983 2094; x_wconf 87' lang='lat' dir='ltr'><strong>poneretur</strong></span> 
     </span>
     <span class='ocr_line' id='line_1_37' title="bbox 208 2106 981 2147; baseline 0.001 -10"><span class='ocrx_word' id='word_1_233' title='bbox 208 2107 291 2138; x_wconf 85' lang='lat' dir='ltr'><strong>inter</strong></span> <span class='ocrx_word' id='word_1_234' title='bbox 306 2106 478 2138; x_wconf 86' lang='lat' dir='ltr'><strong>Saracenos</strong></span> <span class='ocrx_word' id='word_1_235' title='bbox 492 2110 664 2147; x_wconf 89' lang='lat' dir='ltr'><strong>antequam</strong></span> <span class='ocrx_word' id='word_1_236' title='bbox 680 2107 801 2147; x_wconf 86' lang='lat' dir='ltr'><strong>aliquid</strong></span> <span class='ocrx_word' id='word_1_237' title='bbox 814 2107 981 2145; x_wconf 88' lang='lat' dir='ltr'><strong>didicisset,</strong></span> 
     </span>
     <span class='ocr_line' id='line_1_38' title="bbox 209 2160 983 2201; baseline 0 -10"><span class='ocrx_word' id='word_1_238' title='bbox 209 2160 289 2191; x_wconf 85' lang='lat' dir='ltr'><strong>nihil</strong></span> <span class='ocrx_word' id='word_1_239' title='bbox 301 2161 372 2201; x_wconf 88' lang='lat' dir='ltr'><strong>plus</strong></span> <span class='ocrx_word' id='word_1_240' title='bbox 385 2161 517 2192; x_wconf 86' lang='lat' dir='ltr'><strong>haberet</strong></span> <span class='ocrx_word' id='word_1_241' title='bbox 531 2161 569 2192; x_wconf 87' lang='lat' dir='ltr'><strong>de</strong></span> <span class='ocrx_word' id='word_1_242' title='bbox 582 2161 656 2200; x_wconf 87' lang='lat' dir='ltr'><strong>fide,</strong></span> <span class='ocrx_word' id='word_1_243' title='bbox 667 2170 766 2201; x_wconf 85' lang='lat' dir='ltr'><strong>quam</strong></span> <span class='ocrx_word' id='word_1_244' title='bbox 776 2161 802 2191; x_wconf 92' lang='lat' dir='ltr'><strong>si</strong></span> <span class='ocrx_word' id='word_1_245' title='bbox 815 2170 983 2200; x_wconf 86' lang='lat' dir='ltr'><strong>nunquam</strong></span> 
     </span>
     <span class='ocr_line' id='line_1_39' title="bbox 208 2215 517 2255; baseline 0.003 -10"><span class='ocrx_word' id='word_1_246' title='bbox 208 2215 385 2255; x_wconf 87' lang='lat' dir='ltr'><strong>baptizatus</strong></span> <span class='ocrx_word' id='word_1_247' title='bbox 398 2215 517 2247; x_wconf 81' lang='lat' dir='ltr'><strong>fuisset.</strong></span> 
     </span>
    </p>
   </div>
   <div class='ocr_carea' id='block_1_3' title="bbox 483 2299 709 2332">
    <p class='ocr_par' dir='ltr' id='par_1_6' title="bbox 483 2299 709 2332">
     <span class='ocr_line' id='line_1_40' title="bbox 483 2299 709 2332; baseline 0.004 -1"><span class='ocrx_word' id='word_1_248' title='bbox 483 2299 709 2332; x_wconf 88' lang='lat' dir='ltr'><strong>CONCLUSIO.</strong></span> 
     </span>
    </p>
   </div>
   <div class='ocr_carea' id='block_1_4' title="bbox 211 2364 987 2437">
    <p class='ocr_par' dir='ltr' id='par_1_7' title="bbox 211 2364 987 2437">
     <span class='ocr_line' id='line_1_41' title="bbox 211 2364 987 2399; baseline -0.003 -6"><span class='ocrx_word' id='word_1_249' title='bbox 211 2365 287 2393; x_wconf 77' lang='lat' dir='ltr'><strong>Fides</strong></span> <span class='ocrx_word' id='word_1_250' title='bbox 306 2366 448 2399; x_wconf 80' lang='lat' dir='ltr'><strong>informis,</strong></span> <span class='ocrx_word' id='word_1_251' title='bbox 473 2364 614 2391; x_wconf 72' lang='lat' dir='ltr'><strong>secundum</strong></span> <span class='ocrx_word' id='word_1_252' title='bbox 629 2364 700 2399; x_wconf 80' lang='lat' dir='ltr'><strong>quod</strong></span> <span class='ocrx_word' id='word_1_253' title='bbox 712 2366 799 2391; x_wconf 80' lang='lat' dir='ltr'><strong>virtus</strong></span> <span class='ocrx_word' id='word_1_254' title='bbox 818 2367 865 2396; x_wconf 74' lang='lat' dir='ltr'><strong>est,</strong></span> <span class='ocrx_word' id='word_1_255' title='bbox 890 2364 987 2391; x_wconf 72' lang='lat' dir='ltr'><strong>domim</strong></span> 
     </span>
     <span class='ocr_line' id='line_1_42' title="bbox 346 2409 853 2437; baseline -0.002 -1"><span class='ocrx_word' id='word_1_256' title='bbox 346 2409 478 2437; x_wconf 81' lang='lat' dir='ltr'><strong>divinitus</strong></span> <span class='ocrx_word' id='word_1_257' title='bbox 494 2409 622 2436; x_wconf 81' lang='lat' dir='ltr'><strong>collatum</strong></span> <span class='ocrx_word' id='word_1_258' title='bbox 637 2411 675 2436; x_wconf 79' lang='lat' dir='ltr'><strong>est</strong></span> <span class='ocrx_word' id='word_1_259' title='bbox 689 2409 853 2436; x_wconf 75' lang='lat' dir='ltr'><strong>censendum.</strong></span> 
     </span>
    </p>
   </div>
   <div class='ocr_carea' id='block_1_5' title="bbox 215 2482 990 2684">
    <p class='ocr_par' dir='ltr' id='par_1_8' title="bbox 215 2482 990 2629">
     <span class='ocr_line' id='line_1_43' title="bbox 256 2482 989 2523; baseline 0.001 -11"><span class='ocrx_word' id='word_1_260' title='bbox 256 2482 347 2522; x_wconf 79' lang='lat' dir='ltr'><strong>Resp.</strong></span> <span class='ocrx_word' id='word_1_261' title='bbox 362 2483 401 2514; x_wconf 90' lang='lat' dir='ltr'><strong>ad</strong></span> <span class='ocrx_word' id='word_1_262' title='bbox 418 2492 488 2522; x_wconf 85' lang='lat' dir='ltr'><strong>arg.</strong></span> <span class='ocrx_word' id='word_1_263' title='bbox 505 2483 552 2514; x_wconf 87' lang='lat' dir='ltr'><strong>Ad</strong></span> <span class='ocrx_word' id='word_1_264' title='bbox 567 2483 793 2523; x_wconf 81' lang='lat' dir='ltr'><strong>praedictorum</strong></span> <span class='ocrx_word' id='word_1_265' title='bbox 807 2483 989 2522; x_wconf 85' lang='lat' dir='ltr'><strong>intelligen-</strong></span> 
     </span>
     <span class='ocr_line' id='line_1_44' title="bbox 215 2535 990 2576; baseline 0.003 -11"><span class='ocrx_word' id='word_1_266' title='bbox 215 2535 292 2566; x_wconf 84' lang='lat' dir='ltr'><strong>tiam</strong></span> <span class='ocrx_word' id='word_1_267' title='bbox 305 2537 352 2566; x_wconf 86' lang='lat' dir='ltr'><strong>est</strong></span> <span class='ocrx_word' id='word_1_268' title='bbox 365 2536 553 2574; x_wconf 82' lang='lat' dir='ltr'><strong>notandum,</strong></span> <span class='ocrx_word' id='word_1_269' title='bbox 568 2536 654 2576; x_wconf 91' lang='lat' dir='ltr'><strong>quod</strong></span> <span class='ocrx_word' id='word_1_270' title='bbox 668 2545 744 2567; x_wconf 91' lang='lat' dir='ltr'><strong>cum</strong></span> <span class='ocrx_word' id='word_1_271' title='bbox 753 2536 892 2575; x_wconf 86' lang='lat' dir='ltr'><strong>credere,</strong></span> <span class='ocrx_word' id='word_1_272' title='bbox 908 2536 990 2567; x_wconf 90' lang='lat' dir='ltr'><strong>sicut</strong></span> 
     </span>
     <span class='ocr_line' id='line_1_45' title="bbox 215 2588 988 2629; baseline 0.003 -11"><span class='ocrx_word' id='word_1_273' title='bbox 215 2588 292 2619; x_wconf 84' lang='lat' dir='ltr'><strong>dicit</strong></span> <span class='ocrx_word' id='word_1_274' title='bbox 320 2588 535 2628; x_wconf 77' lang='lat' dir='ltr'><strong>Augustinus,</strong></span> <span class='ocrx_word' id='word_1_275' title='bbox 555 2589 597 2620; x_wconf 89' lang='lat' dir='ltr'><strong>sit</strong></span> <span class='ocrx_word' id='word_1_276' title='bbox 617 2590 758 2629; x_wconf 84' lang='lat' dir='ltr'><strong>cogitare</strong></span> <span class='ocrx_word' id='word_1_277' title='bbox 782 2599 858 2621; x_wconf 90' lang='lat' dir='ltr'><strong>cum</strong></span> <span class='ocrx_word' id='word_1_278' title='bbox 881 2598 988 2621; x_wconf 87' lang='lat' dir='ltr'><strong>assen-</strong></span> 
     </span>
    </p>

    <p class='ocr_par' dir='ltr' id='par_1_9' title="bbox 248 2642 988 2684">
     <span class='ocr_line' id='line_1_46' title="bbox 248 2642 988 2684; baseline 0 -10"><span class='ocrx_word' id='word_1_279' title='bbox 248 2651 254 2666; x_wconf 89' lang='lat'><strong>¹</strong></span> <span class='ocrx_word' id='word_1_280' title='bbox 269 2652 387 2681; x_wconf 68' lang='lat' dir='ltr'><strong>August„</strong></span> <span class='ocrx_word' id='word_1_281' title='bbox 400 2650 429 2674; x_wconf 79' lang='lat' dir='ltr'><strong>de</strong></span> <span class='ocrx_word' id='word_1_282' title='bbox 446 2650 562 2675; x_wconf 77' lang='lat' dir='ltr'><strong>Utilitaee</strong></span> <span class='ocrx_word' id='word_1_283' title='bbox 575 2651 651 2684; x_wconf 62' lang='lat' dir='ltr'><strong>cred„</strong></span> <span class='ocrx_word' id='word_1_284' title='bbox 667 2659 689 2676; x_wconf 83' lang='lat' dir='ltr'><strong>c.</strong></span> <span class='ocrx_word' id='word_1_285' title='bbox 705 2658 748 2682; x_wconf 75' lang='lat' dir='ltr'><strong>xx,</strong></span> <span class='ocrx_word' id='word_1_286' title='bbox 765 2659 791 2678; x_wconf 85' lang='lat' dir='ltr'><strong>n.</strong></span> <span class='ocrx_word' id='word_1_287' title='bbox 803 2642 846 2682; x_wconf 43' lang='lat' dir='ltr'><strong>2}ss</strong></span> <span class='ocrx_word' id='word_1_288' title='bbox 871 2652 988 2679; x_wconf 56' lang='lat' dir='ltr'><strong>nebeten,</strong></span> 
     </span>
    </p>
   </div>
   <div class='ocr_carea' id='block_1_6' title="bbox 1745 166 1796 194">
    <p class='ocr_par' dir='ltr' id='par_1_10' title="bbox 1745 166 1796 194">
     <span class='ocr_line' id='line_1_47' title="bbox 1745 166 1796 194; baseline -0.039 0"><span class='ocrx_word' id='word_1_289' title='bbox 1745 166 1796 194; x_wconf 84' lang='lat'><strong>501</strong></span> 
     </span>
    </p>
   </div>
   <div class='ocr_carea' id='block_1_7' title="bbox 1026 228 1825 2577">
    <p class='ocr_par' dir='ltr' id='par_1_11' title="bbox 1026 228 1825 2577">
     <span class='ocr_line' id='line_1_48' title="bbox 1026 228 1805 269; baseline 0.003 -11"><span class='ocrx_word' id='word_1_290' title='bbox 1026 229 1114 258; x_wconf 87' lang='lat' dir='ltr'><strong>sione</strong></span> <span class='ocrx_word' id='word_1_291' title='bbox 1127 239 1134 266; x_wconf 79' lang='lat'><em>3</em></span> <span class='ocrx_word' id='word_1_292' title='bbox 1151 229 1191 259; x_wconf 85' lang='lat' dir='ltr'><strong>ad</strong></span> <span class='ocrx_word' id='word_1_293' title='bbox 1205 229 1264 258; x_wconf 90' lang='lat' dir='ltr'><strong>hoc</strong></span> <span class='ocrx_word' id='word_1_294' title='bbox 1279 228 1363 268; x_wconf 87' lang='lat' dir='ltr'><strong>quod</strong></span> <span class='ocrx_word' id='word_1_295' title='bbox 1376 228 1504 259; x_wconf 87' lang='lat' dir='ltr'><strong>habitus</strong></span> <span class='ocrx_word' id='word_1_296' title='bbox 1517 230 1588 260; x_wconf 87' lang='lat' dir='ltr'><strong>fidei</strong></span> <span class='ocrx_word' id='word_1_297' title='bbox 1605 230 1695 269; x_wconf 88' lang='lat' dir='ltr'><strong>plene</strong></span> <span class='ocrx_word' id='word_1_298' title='bbox 1709 232 1739 260; x_wconf 88' lang='lat' dir='ltr'><strong>et</strong></span> <span class='ocrx_word' id='word_1_299' title='bbox 1756 231 1805 260; x_wconf 92' lang='lat' dir='ltr'><strong>in-</strong></span> 
     </span>
     <span class='ocr_line' id='line_1_49' title="bbox 1026 281 1804 322; baseline 0.003 -11"><span class='ocrx_word' id='word_1_300' title='bbox 1026 283 1116 320; x_wconf 83' lang='lat' dir='ltr'><strong>tegre</strong></span> <span class='ocrx_word' id='word_1_301' title='bbox 1132 281 1298 317; x_wconf 84' lang='lat' dir='ltr'><strong>habeatur,</strong></span> <span class='ocrx_word' id='word_1_302' title='bbox 1316 290 1442 312; x_wconf 84' lang='lat' dir='ltr'><strong>necesse</strong></span> <span class='ocrx_word' id='word_1_303' title='bbox 1464 284 1509 312; x_wconf 88' lang='lat' dir='ltr'><strong>est.</strong></span> <span class='ocrx_word' id='word_1_304' title='bbox 1527 283 1612 322; x_wconf 88' lang='lat' dir='ltr'><strong>qnod</strong></span> <span class='ocrx_word' id='word_1_305' title='bbox 1629 283 1804 313; x_wconf 81' lang='lat' dir='ltr'><strong>intellectus</strong></span> 
     </span>
     <span class='ocr_line' id='line_1_50' title="bbox 1027 334 1804 375; baseline 0.004 -12"><span class='ocrx_word' id='word_1_306' title='bbox 1027 334 1205 365; x_wconf 84' lang='lat' dir='ltr'><strong>instruatur</strong></span> <span class='ocrx_word' id='word_1_307' title='bbox 1230 335 1266 365; x_wconf 77' lang='lat' dir='ltr'><strong>[le</strong></span> <span class='ocrx_word' id='word_1_308' title='bbox 1282 335 1500 373; x_wconf 86' lang='lat' dir='ltr'><strong>credibilibus,</strong></span> <span class='ocrx_word' id='word_1_309' title='bbox 1518 339 1553 366; x_wconf 89' lang='lat' dir='ltr'><strong>ut</strong></span> <span class='ocrx_word' id='word_1_310' title='bbox 1568 336 1665 375; x_wconf 90' lang='lat' dir='ltr'><strong>possit</strong></span> <span class='ocrx_word' id='word_1_311' title='bbox 1683 336 1734 366; x_wconf 88' lang='lat' dir='ltr'><strong>illa</strong></span> <span class='ocrx_word' id='word_1_312' title='bbox 1750 345 1804 366; x_wconf 93' lang='lat' dir='ltr'><strong>co-</strong></span> 
     </span>
     <span class='ocr_line' id='line_1_51' title="bbox 1026 387 1801 428; baseline 0.004 -12"><span class='ocrx_word' id='word_1_313' title='bbox 1026 387 1140 425; x_wconf 85' lang='lat' dir='ltr'><strong>gitare,</strong></span> <span class='ocrx_word' id='word_1_314' title='bbox 1157 389 1187 417; x_wconf 87' lang='lat' dir='ltr'><strong>et</strong></span> <span class='ocrx_word' id='word_1_315' title='bbox 1202 388 1372 418; x_wconf 84' lang='lat' dir='ltr'><strong>inclinetur</strong></span> <span class='ocrx_word' id='word_1_316' title='bbox 1386 390 1422 418; x_wconf 92' lang='lat' dir='ltr'><strong>ut</strong></span> <span class='ocrx_word' id='word_1_317' title='bbox 1437 389 1534 428; x_wconf 88' lang='lat' dir='ltr'><strong>possit</strong></span> <span class='ocrx_word' id='word_1_318' title='bbox 1552 389 1612 419; x_wconf 90' lang='lat' dir='ltr'><strong>illis</strong></span> <span class='ocrx_word' id='word_1_319' title='bbox 1627 390 1779 420; x_wconf 85' lang='lat' dir='ltr'><strong>assentire</strong></span> <span class='ocrx_word' id='word_1_320' title='bbox 1795 401 1801 419; x_wconf 75' lang='lat'>2</span> 
     </span>
     <span class='ocr_line' id='line_1_52' title="bbox 1026 440 1804 481; baseline 0.005 -12"><span class='ocrx_word' id='word_1_321' title='bbox 1026 441 1056 469; x_wconf 89' lang='lat' dir='ltr'><strong>et</strong></span> <span class='ocrx_word' id='word_1_322' title='bbox 1072 440 1213 479; x_wconf 89' lang='lat' dir='ltr'><strong>primum</strong></span> <span class='ocrx_word' id='word_1_323' title='bbox 1229 441 1359 481; x_wconf 90' lang='lat' dir='ltr'><strong>quidem</strong></span> <span class='ocrx_word' id='word_1_324' title='bbox 1375 444 1420 472; x_wconf 84' lang='lat' dir='ltr'><strong>est</strong></span> <span class='ocrx_word' id='word_1_325' title='bbox 1438 442 1599 473; x_wconf 85' lang='lat' dir='ltr'><strong>materiale</strong></span> <span class='ocrx_word' id='word_1_326' title='bbox 1615 443 1648 473; x_wconf 91' lang='lat' dir='ltr'><strong>in</strong></span> <span class='ocrx_word' id='word_1_327' title='bbox 1664 443 1737 479; x_wconf 88' lang='lat' dir='ltr'><strong>fide,</strong></span> <span class='ocrx_word' id='word_1_328' title='bbox 1753 452 1804 473; x_wconf 90' lang='lat' dir='ltr'><strong>se-</strong></span> 
     </span>
     <span class='ocr_line' id='line_1_53' title="bbox 1028 493 1804 536; baseline 0.008 -15"><span class='ocrx_word' id='word_1_329' title='bbox 1028 493 1171 523; x_wconf 86' lang='lat' dir='ltr'><strong>cundum</strong></span> <span class='ocrx_word' id='word_1_330' title='bbox 1187 503 1262 524; x_wconf 89' lang='lat' dir='ltr'><strong>vero</strong></span> <span class='ocrx_word' id='word_1_331' title='bbox 1285 498 1331 525; x_wconf 88' lang='lat' dir='ltr'><strong>est</strong></span> <span class='ocrx_word' id='word_1_332' title='bbox 1350 496 1491 532; x_wconf 80' lang='lat' dir='ltr'><strong>formale,</strong></span> <span class='ocrx_word' id='word_1_333' title='bbox 1513 499 1543 527; x_wconf 91' lang='lat' dir='ltr'><strong>et</strong></span> <span class='ocrx_word' id='word_1_334' title='bbox 1562 499 1739 536; x_wconf 87' lang='lat' dir='ltr'><strong>utrumque</strong></span> <span class='ocrx_word' id='word_1_335' title='bbox 1754 505 1804 527; x_wconf 79' lang='lat' dir='ltr'><strong>re-</strong></span> 
     </span>
     <span class='ocr_line' id='line_1_54' title="bbox 1027 546 1806 589; baseline 0.005 -14"><span class='ocrx_word' id='word_1_336' title='bbox 1027 546 1151 584; x_wconf 90' lang='lat' dir='ltr'><strong>peritur</strong></span> <span class='ocrx_word' id='word_1_337' title='bbox 1175 549 1239 577; x_wconf 86' lang='lat' dir='ltr'><strong>tam</strong></span> <span class='ocrx_word' id='word_1_338' title='bbox 1267 548 1301 577; x_wconf 90' lang='lat' dir='ltr'><strong>in</strong></span> <span class='ocrx_word' id='word_1_339' title='bbox 1323 549 1385 579; x_wconf 86' lang='lat' dir='ltr'><strong>fide</strong></span> <span class='ocrx_word' id='word_1_340' title='bbox 1407 549 1555 586; x_wconf 84' lang='lat' dir='ltr'><strong>informi,</strong></span> <span class='ocrx_word' id='word_1_341' title='bbox 1574 558 1673 589; x_wconf 89' lang='lat' dir='ltr'><strong>quam</strong></span> <span class='ocrx_word' id='word_1_342' title='bbox 1695 549 1727 579; x_wconf 92' lang='lat' dir='ltr'><strong>in</strong></span> <span class='ocrx_word' id='word_1_343' title='bbox 1744 549 1806 579; x_wconf 80' lang='lat' dir='ltr'><strong>fide</strong></span> 
     </span>
     <span class='ocr_line' id='line_1_55' title="bbox 1034 598 1807 642; baseline 0.005 -14"><span class='ocrx_word' id='word_1_344' title='bbox 1034 598 1179 630; x_wconf 89' lang='lat' dir='ltr'><strong>formata.</strong></span> <span class='ocrx_word' id='word_1_345' title='bbox 1209 599 1279 630; x_wconf 90' lang='lat' dir='ltr'><strong>Non</strong></span> <span class='ocrx_word' id='word_1_346' title='bbox 1303 601 1388 631; x_wconf 89' lang='lat' dir='ltr'><strong>enim</strong></span> <span class='ocrx_word' id='word_1_347' title='bbox 1410 602 1524 632; x_wconf 82' lang='lat' dir='ltr'><strong>dicitur</strong></span> <span class='ocrx_word' id='word_1_348' title='bbox 1553 603 1707 640; x_wconf 82' lang='lat' dir='ltr'><strong>informis,</strong></span> <span class='ocrx_word' id='word_1_349' title='bbox 1732 602 1807 642; x_wconf 86' lang='lat' dir='ltr'><strong>quia</strong></span> 
     </span>
     <span class='ocr_line' id='line_1_56' title="bbox 1034 654 1807 694; baseline 0.005 -12"><span class='ocrx_word' id='word_1_350' title='bbox 1034 655 1139 683; x_wconf 80' lang='lat' dir='ltr'><strong>careat</strong></span> <span class='ocrx_word' id='word_1_351' title='bbox 1161 654 1249 683; x_wconf 87' lang='lat' dir='ltr'><strong>omni</strong></span> <span class='ocrx_word' id='word_1_352' title='bbox 1274 654 1392 692; x_wconf 87' lang='lat' dir='ltr'><strong>forma,</strong></span> <span class='ocrx_word' id='word_1_353' title='bbox 1414 655 1468 685; x_wconf 90' lang='lat' dir='ltr'><strong>sed</strong></span> <span class='ocrx_word' id='word_1_354' title='bbox 1484 655 1562 694; x_wconf 89' lang='lat' dir='ltr'><strong>quia</strong></span> <span class='ocrx_word' id='word_1_355' title='bbox 1581 658 1685 685; x_wconf 85' lang='lat' dir='ltr'><strong>careat</strong></span> <span class='ocrx_word' id='word_1_356' title='bbox 1705 656 1807 686; x_wconf 86' lang='lat' dir='ltr'><strong>forma</strong></span> 
     </span>
     <span class='ocr_line' id='line_1_57' title="bbox 1029 707 1806 748; baseline 0.004 -12"><span class='ocrx_word' id='word_1_357' title='bbox 1029 707 1143 745; x_wconf 85' lang='lat' dir='ltr'><strong>gratiae</strong></span> <span class='ocrx_word' id='word_1_358' title='bbox 1169 709 1299 746; x_wconf 84' lang='lat' dir='ltr'><strong>gratum</strong></span> <span class='ocrx_word' id='word_1_359' title='bbox 1324 708 1476 738; x_wconf 66' lang='lat' dir='ltr'><strong>facientis</strong></span> <span class='ocrx_word' id='word_1_360' title='bbox 1494 708 1573 738; x_wconf 86' lang='lat' dir='ltr'><strong>Cum</strong></span> <span class='ocrx_word' id='word_1_361' title='bbox 1588 718 1666 747; x_wconf 81' lang='lat' dir='ltr'><strong>ergo</strong></span> <span class='ocrx_word' id='word_1_362' title='bbox 1686 710 1806 748; x_wconf 81' lang='lat' dir='ltr'><strong>quaeri-</strong></span> 
     </span>
     <span class='ocr_line' id='line_1_58' title="bbox 1028 761 1807 802; baseline 0.001 -11"><span class='ocrx_word' id='word_1_363' title='bbox 1028 762 1201 791; x_wconf 85' lang='lat' dir='ltr'><strong>turutrum</strong></span> <span class='ocrx_word' id='word_1_364' title='bbox 1214 761 1292 792; x_wconf 87' lang='lat' dir='ltr'><strong>fides</strong></span> <span class='ocrx_word' id='word_1_365' title='bbox 1306 761 1345 791; x_wconf 92' lang='lat' dir='ltr'><strong>sit</strong></span> <span class='ocrx_word' id='word_1_366' title='bbox 1359 761 1487 792; x_wconf 86' lang='lat' dir='ltr'><strong>habitus</strong></span> <span class='ocrx_word' id='word_1_367' title='bbox 1502 762 1685 802; x_wconf 78' lang='lat' dir='ltr'><strong>acquisituS,</strong></span> <span class='ocrx_word' id='word_1_368' title='bbox 1700 762 1750 793; x_wconf 88' lang='lat' dir='ltr'><strong>vel</strong></span> <span class='ocrx_word' id='word_1_369' title='bbox 1762 763 1807 792; x_wconf 91' lang='lat' dir='ltr'><strong>in-</strong></span> 
     </span>
     <span class='ocr_line' id='line_1_59' title="bbox 1030 814 1807 855; baseline 0.003 -11"><span class='ocrx_word' id='word_1_370' title='bbox 1030 814 1135 853; x_wconf 86' lang='lat' dir='ltr'><strong>fusuS,</strong></span> <span class='ocrx_word' id='word_1_371' title='bbox 1160 816 1417 855; x_wconf 87' lang='lat' dir='ltr'><strong>respondendum</strong></span> <span class='ocrx_word' id='word_1_372' title='bbox 1436 818 1482 846; x_wconf 93' lang='lat' dir='ltr'><strong>est</strong></span> <span class='ocrx_word' id='word_1_373' title='bbox 1501 826 1506 846; x_wconf 92' lang='lat'>:</span> <span class='ocrx_word' id='word_1_374' title='bbox 1531 816 1556 845; x_wconf 91' lang='lat' dir='ltr'><strong>si</strong></span> <span class='ocrx_word' id='word_1_375' title='bbox 1578 815 1748 854; x_wconf 86' lang='lat' dir='ltr'><strong>loquamur</strong></span> <span class='ocrx_word' id='word_1_376' title='bbox 1769 815 1807 846; x_wconf 87' lang='lat' dir='ltr'><strong>de</strong></span> 
     </span>
     <span class='ocr_line' id='line_1_60' title="bbox 1030 869 1807 910; baseline 0.003 -12"><span class='ocrx_word' id='word_1_377' title='bbox 1030 869 1092 899; x_wconf 91' lang='lat' dir='ltr'><strong>fide</strong></span> <span class='ocrx_word' id='word_1_378' title='bbox 1116 872 1273 909; x_wconf 86' lang='lat' dir='ltr'><strong>quantum</strong></span> <span class='ocrx_word' id='word_1_379' title='bbox 1296 870 1335 900; x_wconf 90' lang='lat' dir='ltr'><strong>ad</strong></span> <span class='ocrx_word' id='word_1_380' title='bbox 1360 870 1458 906; x_wconf 85' lang='lat' dir='ltr'><strong>illud,</strong></span> <span class='ocrx_word' id='word_1_381' title='bbox 1476 870 1561 910; x_wconf 91' lang='lat' dir='ltr'><strong>quod</strong></span> <span class='ocrx_word' id='word_1_382' title='bbox 1581 872 1627 900; x_wconf 87' lang='lat' dir='ltr'><strong>est</strong></span> <span class='ocrx_word' id='word_1_383' title='bbox 1646 870 1807 900; x_wconf 86' lang='lat' dir='ltr'><strong>materiale</strong></span> 
     </span>
     <span class='ocr_line' id='line_1_61' title="bbox 1031 922 1807 963; baseline 0.001 -11"><span class='ocrx_word' id='word_1_384' title='bbox 1031 922 1065 952; x_wconf 92' lang='lat' dir='ltr'><strong>in</strong></span> <span class='ocrx_word' id='word_1_385' title='bbox 1086 932 1141 961; x_wconf 86' lang='lat' dir='ltr'><strong>ea,</strong></span> <span class='ocrx_word' id='word_1_386' title='bbox 1171 923 1314 954; x_wconf 82' lang='lat' dir='ltr'><strong>videlicet</strong></span> <span class='ocrx_word' id='word_1_387' title='bbox 1339 925 1497 963; x_wconf 86' lang='lat' dir='ltr'><strong>quantum</strong></span> <span class='ocrx_word' id='word_1_388' title='bbox 1525 923 1564 954; x_wconf 85' lang='lat' dir='ltr'><strong>ad</strong></span> <span class='ocrx_word' id='word_1_389' title='bbox 1591 923 1807 962; x_wconf 88' lang='lat' dir='ltr'><strong>cognitionem</strong></span> 
     </span>
     <span class='ocr_line' id='line_1_62' title="bbox 1030 975 1807 1017; baseline 0.001 -12"><span class='ocrx_word' id='word_1_390' title='bbox 1030 975 1138 1014; x_wconf 88' lang='lat' dir='ltr'><strong>illam,</strong></span> <span class='ocrx_word' id='word_1_391' title='bbox 1165 985 1229 1016; x_wconf 87' lang='lat' dir='ltr'><strong>qua</strong></span> <span class='ocrx_word' id='word_1_392' title='bbox 1260 977 1484 1016; x_wconf 87' lang='lat' dir='ltr'><strong>cognoscimus</strong></span> <span class='ocrx_word' id='word_1_393' title='bbox 1510 977 1565 1017; x_wconf 89' lang='lat' dir='ltr'><strong>qui</strong></span> <span class='ocrx_word' id='word_1_394' title='bbox 1591 977 1655 1006; x_wconf 92' lang='lat' dir='ltr'><strong>sint</strong></span> <span class='ocrx_word' id='word_1_395' title='bbox 1682 976 1807 1007; x_wconf 84' lang='lat' dir='ltr'><strong>articuli</strong></span> 
     </span>
     <span class='ocr_line' id='line_1_63' title="bbox 1031 1029 1807 1070; baseline 0.001 -12"><span class='ocrx_word' id='word_1_396' title='bbox 1031 1029 1121 1067; x_wconf 85' lang='lat' dir='ltr'><strong>fidei,</strong></span> <span class='ocrx_word' id='word_1_397' title='bbox 1139 1032 1170 1060; x_wconf 88' lang='lat' dir='ltr'><strong>et</strong></span> <span class='ocrx_word' id='word_1_398' title='bbox 1188 1031 1305 1061; x_wconf 88' lang='lat' dir='ltr'><strong>scimus</strong></span> <span class='ocrx_word' id='word_1_399' title='bbox 1328 1030 1404 1069; x_wconf 90' lang='lat' dir='ltr'><strong>quid</strong></span> <span class='ocrx_word' id='word_1_400' title='bbox 1429 1032 1475 1060; x_wconf 88' lang='lat' dir='ltr'><strong>est</strong></span> <span class='ocrx_word' id='word_1_401' title='bbox 1498 1031 1583 1070; x_wconf 88' lang='lat' dir='ltr'><strong>quod</strong></span> <span class='ocrx_word' id='word_1_402' title='bbox 1612 1039 1668 1069; x_wconf 89' lang='lat' dir='ltr'><strong>per</strong></span> <span class='ocrx_word' id='word_1_403' title='bbox 1690 1038 1807 1060; x_wconf 86' lang='lat' dir='ltr'><strong>nomen</strong></span> 
     </span>
     <span class='ocr_line' id='line_1_64' title="bbox 1031 1082 1808 1123; baseline 0 -11"><span class='ocrx_word' id='word_1_404' title='bbox 1031 1082 1157 1119; x_wconf 88' lang='lat' dir='ltr'><strong>dicitur,</strong></span> <span class='ocrx_word' id='word_1_405' title='bbox 1175 1083 1218 1113; x_wconf 87' lang='lat' dir='ltr'><strong>sic</strong></span> <span class='ocrx_word' id='word_1_406' title='bbox 1238 1084 1472 1114; x_wconf 80' lang='lat' dir='ltr'><strong>concedendum</strong></span> <span class='ocrx_word' id='word_1_407' title='bbox 1489 1086 1546 1120; x_wconf 86' lang='lat' dir='ltr'><strong>est,</strong></span> <span class='ocrx_word' id='word_1_408' title='bbox 1565 1083 1649 1123; x_wconf 90' lang='lat' dir='ltr'><strong>quod</strong></span> <span class='ocrx_word' id='word_1_409' title='bbox 1669 1082 1745 1113; x_wconf 86' lang='lat' dir='ltr'><strong>fides</strong></span> <span class='ocrx_word' id='word_1_410' title='bbox 1762 1084 1808 1112; x_wconf 81' lang='lat' dir='ltr'><strong>est</strong></span> 
     </span>
     <span class='ocr_line' id='line_1_65' title="bbox 1032 1136 1807 1177; baseline 0 -12"><span class='ocrx_word' id='word_1_411' title='bbox 1032 1144 1088 1174; x_wconf 87' lang='lat' dir='ltr'><strong>per</strong></span> <span class='ocrx_word' id='word_1_412' title='bbox 1112 1136 1258 1167; x_wconf 86' lang='lat' dir='ltr'><strong>auditum</strong></span> <span class='ocrx_word' id='word_1_413' title='bbox 1287 1139 1318 1167; x_wconf 87' lang='lat' dir='ltr'><strong>et</strong></span> <span class='ocrx_word' id='word_1_414' title='bbox 1347 1146 1403 1177; x_wconf 87' lang='lat' dir='ltr'><strong>per</strong></span> <span class='ocrx_word' id='word_1_415' title='bbox 1425 1137 1666 1177; x_wconf 83' lang='lat' dir='ltr'><strong>acquisitionem</strong></span> <span class='ocrx_word' id='word_1_416' title='bbox 1693 1145 1807 1166; x_wconf 88' lang='lat' dir='ltr'><strong>secun-</strong></span> 
     </span>
     <span class='ocr_line' id='line_1_66' title="bbox 1032 1190 1805 1230; baseline 0 -10"><span class='ocrx_word' id='word_1_417' title='bbox 1032 1190 1109 1220; x_wconf 76' lang='lat' dir='ltr'><strong>dun]</strong></span> <span class='ocrx_word' id='word_1_418' title='bbox 1135 1191 1241 1230; x_wconf 87' lang='lat' dir='ltr'><strong>legem</strong></span> <span class='ocrx_word' id='word_1_419' title='bbox 1269 1201 1486 1223; x_wconf 86' lang='lat' dir='ltr'><strong>communem.</strong></span> <span class='ocrx_word' id='word_1_420' title='bbox 1513 1192 1612 1222; x_wconf 89' lang='lat' dir='ltr'><strong>Nemo</strong></span> <span class='ocrx_word' id='word_1_421' title='bbox 1636 1191 1722 1221; x_wconf 84' lang='lat' dir='ltr'><strong>enim</strong></span> <span class='ocrx_word' id='word_1_422' title='bbox 1737 1190 1805 1228; x_wconf 86' lang='lat' dir='ltr'><strong>scit,</strong></span> 
     </span>
     <span class='ocr_line' id='line_1_67' title="bbox 1032 1243 1808 1284; baseline 0 -11"><span class='ocrx_word' id='word_1_423' title='bbox 1032 1243 1099 1281; x_wconf 91' lang='lat' dir='ltr'><strong>qui,</strong></span> <span class='ocrx_word' id='word_1_424' title='bbox 1118 1246 1147 1274; x_wconf 92' lang='lat' dir='ltr'><strong>et</strong></span> <span class='ocrx_word' id='word_1_425' title='bbox 1162 1247 1240 1284; x_wconf 89' lang='lat' dir='ltr'><strong>quot</strong></span> <span class='ocrx_word' id='word_1_426' title='bbox 1261 1245 1324 1275; x_wconf 89' lang='lat' dir='ltr'><strong>sint</strong></span> <span class='ocrx_word' id='word_1_427' title='bbox 1337 1245 1463 1275; x_wconf 88' lang='lat' dir='ltr'><strong>articuli</strong></span> <span class='ocrx_word' id='word_1_428' title='bbox 1483 1245 1572 1283; x_wconf 83' lang='lat' dir='ltr'><strong>fidei,</strong></span> <span class='ocrx_word' id='word_1_429' title='bbox 1590 1244 1651 1274; x_wconf 89' lang='lat' dir='ltr'><strong>nisi</strong></span> <span class='ocrx_word' id='word_1_430' title='bbox 1664 1243 1808 1274; x_wconf 74' lang='lat' dir='ltr'><strong>didicerit</strong></span> 
     </span>
     <span class='ocr_line' id='line_1_68' title="bbox 1032 1296 1809 1336; baseline 0.001 -10"><span class='ocrx_word' id='word_1_431' title='bbox 1032 1296 1180 1336; x_wconf 86' lang='lat' dir='ltr'><strong>legendo,</strong></span> <span class='ocrx_word' id='word_1_432' title='bbox 1196 1299 1245 1329; x_wconf 88' lang='lat' dir='ltr'><strong>vel</strong></span> <span class='ocrx_word' id='word_1_433' title='bbox 1258 1299 1433 1330; x_wconf 90' lang='lat' dir='ltr'><strong>audiendo:</strong></span> <span class='ocrx_word' id='word_1_434' title='bbox 1451 1299 1511 1329; x_wconf 89' lang='lat' dir='ltr'><strong>nisi</strong></span> <span class='ocrx_word' id='word_1_435' title='bbox 1526 1299 1605 1329; x_wconf 86' lang='lat' dir='ltr'><strong>forte</strong></span> <span class='ocrx_word' id='word_1_436' title='bbox 1620 1298 1680 1328; x_wconf 88' lang='lat' dir='ltr'><strong>hoc</strong></span> <span class='ocrx_word' id='word_1_437' title='bbox 1694 1298 1809 1328; x_wconf 77' lang='lat' dir='ltr'><strong>habeat</strong></span> 
     </span>
     <span class='ocr_line' id='line_1_69' title="bbox 1032 1351 1810 1392; baseline 0.001 -12"><span class='ocrx_word' id='word_1_438' title='bbox 1032 1359 1089 1390; x_wconf 88' lang='lat' dir='ltr'><strong>per</strong></span> <span class='ocrx_word' id='word_1_439' title='bbox 1112 1352 1319 1391; x_wconf 88' lang='lat' dir='ltr'><strong>privilegium</strong></span> <span class='ocrx_word' id='word_1_440' title='bbox 1351 1353 1494 1392; x_wconf 88' lang='lat' dir='ltr'><strong>speciale.</strong></span> <span class='ocrx_word' id='word_1_441' title='bbox 1519 1352 1549 1383; x_wconf 83' lang='lat' dir='ltr'><strong>Si</strong></span> <span class='ocrx_word' id='word_1_442' title='bbox 1573 1353 1681 1382; x_wconf 85' lang='lat' dir='ltr'><strong>autem</strong></span> <span class='ocrx_word' id='word_1_443' title='bbox 1700 1351 1810 1391; x_wconf 85' lang='lat' dir='ltr'><strong>loqua-</strong></span> 
     </span>
     <span class='ocr_line' id='line_1_70' title="bbox 1034 1405 1810 1447; baseline 0 -13"><span class='ocrx_word' id='word_1_444' title='bbox 1034 1414 1108 1435; x_wconf 89' lang='lat' dir='ltr'><strong>mur</strong></span> <span class='ocrx_word' id='word_1_445' title='bbox 1125 1407 1162 1436; x_wconf 88' lang='lat' dir='ltr'><strong>de</strong></span> <span class='ocrx_word' id='word_1_446' title='bbox 1178 1407 1239 1437; x_wconf 91' lang='lat' dir='ltr'><strong>fide</strong></span> <span class='ocrx_word' id='word_1_447' title='bbox 1261 1410 1418 1447; x_wconf 87' lang='lat' dir='ltr'><strong>quantum</strong></span> <span class='ocrx_word' id='word_1_448' title='bbox 1440 1408 1479 1438; x_wconf 88' lang='lat' dir='ltr'><strong>ad</strong></span> <span class='ocrx_word' id='word_1_449' title='bbox 1495 1407 1626 1437; x_wconf 81' lang='lat' dir='ltr'><strong>formale</strong></span> <span class='ocrx_word' id='word_1_450' title='bbox 1639 1430 1646 1443; x_wconf 89' lang='lat'><strong>‚</strong></span> <span class='ocrx_word' id='word_1_451' title='bbox 1664 1405 1810 1437; x_wconf 87' lang='lat' dir='ltr'><strong>videlicet</strong></span> 
     </span>
     <span class='ocr_line' id='line_1_71' title="bbox 1034 1458 1810 1500; baseline -0.001 -11"><span class='ocrx_word' id='word_1_452' title='bbox 1034 1462 1191 1498; x_wconf 87' lang='lat' dir='ltr'><strong>quantum</strong></span> <span class='ocrx_word' id='word_1_453' title='bbox 1208 1461 1247 1491; x_wconf 82' lang='lat' dir='ltr'><strong>ad</strong></span> <span class='ocrx_word' id='word_1_454' title='bbox 1260 1461 1338 1491; x_wconf 88' lang='lat' dir='ltr'><strong>illud</strong></span> <span class='ocrx_word' id='word_1_455' title='bbox 1350 1461 1433 1500; x_wconf 91' lang='lat' dir='ltr'><strong>quod</strong></span> <span class='ocrx_word' id='word_1_456' title='bbox 1445 1461 1517 1490; x_wconf 88' lang='lat' dir='ltr'><strong>facit</strong></span> <span class='ocrx_word' id='word_1_457' title='bbox 1527 1460 1691 1496; x_wconf 86' lang='lat' dir='ltr'><strong>assentire,</strong></span> <span class='ocrx_word' id='word_1_458' title='bbox 1707 1459 1753 1489; x_wconf 84' lang='lat' dir='ltr'><strong>sic</strong></span> <span class='ocrx_word' id='word_1_459' title='bbox 1765 1458 1810 1489; x_wconf 93' lang='lat' dir='ltr'><strong>di-</strong></span> 
     </span>
     <span class='ocr_line' id='line_1_72' title="bbox 1034 1513 1811 1554; baseline 0 -12"><span class='ocrx_word' id='word_1_460' title='bbox 1034 1513 1170 1543; x_wconf 88' lang='lat' dir='ltr'><strong>cendum</strong></span> <span class='ocrx_word' id='word_1_461' title='bbox 1185 1516 1230 1544; x_wconf 89' lang='lat' dir='ltr'><strong>est</strong></span> <span class='ocrx_word' id='word_1_462' title='bbox 1247 1515 1333 1554; x_wconf 85' lang='lat' dir='ltr'><strong>quod</strong></span> <span class='ocrx_word' id='word_1_463' title='bbox 1347 1515 1495 1554; x_wconf 84' lang='lat' dir='ltr'><strong>quaedam</strong></span> <span class='ocrx_word' id='word_1_464' title='bbox 1510 1515 1587 1544; x_wconf 90' lang='lat' dir='ltr'><strong>fides</strong></span> <span class='ocrx_word' id='word_1_465' title='bbox 1601 1513 1747 1543; x_wconf 84' lang='lat' dir='ltr'><strong>informis</strong></span> <span class='ocrx_word' id='word_1_466' title='bbox 1764 1514 1811 1543; x_wconf 90' lang='lat' dir='ltr'><strong>est</strong></span> 
     </span>
     <span class='ocr_line' id='line_1_73' title="bbox 1034 1567 1807 1608; baseline -0.001 -11"><span class='ocrx_word' id='word_1_467' title='bbox 1034 1575 1090 1606; x_wconf 86' lang='lat' dir='ltr'><strong>per</strong></span> <span class='ocrx_word' id='word_1_468' title='bbox 1102 1568 1357 1607; x_wconf 77' lang='lat' dir='ltr'><strong>acquisitionem,</strong></span> <span class='ocrx_word' id='word_1_469' title='bbox 1374 1568 1523 1608; x_wconf 72' lang='lat' dir='ltr'><strong>quaedam</strong></span> <span class='ocrx_word' id='word_1_470' title='bbox 1539 1577 1593 1607; x_wconf 84' lang='lat' dir='ltr'><strong>per</strong></span> <span class='ocrx_word' id='word_1_471' title='bbox 1603 1567 1807 1597; x_wconf 84' lang='lat' dir='ltr'><strong>infusionem.</strong></span> 
     </span>
     <span class='ocr_line' id='line_1_74' title="bbox 1034 1619 1809 1660; baseline -0.001 -10"><span class='ocrx_word' id='word_1_472' title='bbox 1034 1619 1116 1650; x_wconf 89' lang='lat' dir='ltr'><strong>Nam</strong></span> <span class='ocrx_word' id='word_1_473' title='bbox 1134 1622 1264 1660; x_wconf 89' lang='lat' dir='ltr'><strong>quidam</strong></span> <span class='ocrx_word' id='word_1_474' title='bbox 1278 1623 1454 1652; x_wconf 87' lang='lat' dir='ltr'><strong>assentiunt</strong></span> <span class='ocrx_word' id='word_1_475' title='bbox 1468 1621 1595 1653; x_wconf 82' lang='lat' dir='ltr'><strong>veritati</strong></span> <span class='ocrx_word' id='word_1_476' title='bbox 1608 1620 1724 1651; x_wconf 60' lang='lat' dir='ltr'><strong>auditae</strong></span> <span class='ocrx_word' id='word_1_477' title='bbox 1733 1620 1809 1650; x_wconf 91' lang='lat' dir='ltr'><strong>moti</strong></span> 
     </span>
     <span class='ocr_line' id='line_1_75' title="bbox 1035 1674 1811 1716; baseline -0.001 -12"><span class='ocrx_word' id='word_1_478' title='bbox 1035 1674 1179 1705; x_wconf 83' lang='lat' dir='ltr'><strong>humana</strong></span> <span class='ocrx_word' id='word_1_479' title='bbox 1189 1676 1403 1714; x_wconf 88' lang='lat' dir='ltr'><strong>persuasione,</strong></span> <span class='ocrx_word' id='word_1_480' title='bbox 1412 1677 1519 1716; x_wconf 87' lang='lat' dir='ltr'><strong>utpote</strong></span> <span class='ocrx_word' id='word_1_481' title='bbox 1533 1676 1811 1715; x_wconf 86' lang='lat' dir='ltr'><strong>propteramorem</strong></span> 
     </span>
     <span class='ocr_line' id='line_1_76' title="bbox 1036 1730 1811 1770; baseline -0.001 -10"><span class='ocrx_word' id='word_1_482' title='bbox 1036 1732 1067 1760; x_wconf 90' lang='lat' dir='ltr'><strong>et</strong></span> <span class='ocrx_word' id='word_1_483' title='bbox 1081 1731 1292 1761; x_wconf 82' lang='lat' dir='ltr'><strong>reverentiam</strong></span> <span class='ocrx_word' id='word_1_484' title='bbox 1302 1732 1445 1770; x_wconf 86' lang='lat' dir='ltr'><strong>dicentis,</strong></span> <span class='ocrx_word' id='word_1_485' title='bbox 1459 1731 1509 1762; x_wconf 89' lang='lat' dir='ltr'><strong>vel</strong></span> <span class='ocrx_word' id='word_1_486' title='bbox 1525 1732 1653 1770; x_wconf 87' lang='lat' dir='ltr'><strong>propter</strong></span> <span class='ocrx_word' id='word_1_487' title='bbox 1670 1730 1811 1760; x_wconf 87' lang='lat' dir='ltr'><strong>miracu-</strong></span> 
     </span>
     <span class='ocr_line' id='line_1_77' title="bbox 1036 1782 1813 1824; baseline -0.001 -11"><span class='ocrx_word' id='word_1_488' title='bbox 1036 1783 1077 1821; x_wconf 84' lang='lat' dir='ltr'><strong>la,</strong></span> <span class='ocrx_word' id='word_1_489' title='bbox 1094 1784 1144 1814; x_wconf 89' lang='lat' dir='ltr'><strong>vel</strong></span> <span class='ocrx_word' id='word_1_490' title='bbox 1155 1787 1283 1824; x_wconf 82' lang='lat' dir='ltr'><strong>propter</strong></span> <span class='ocrx_word' id='word_1_491' title='bbox 1294 1785 1431 1815; x_wconf 84' lang='lat' dir='ltr'><strong>rationes</strong></span> <span class='ocrx_word' id='word_1_492' title='bbox 1440 1787 1470 1815; x_wconf 91' lang='lat' dir='ltr'><strong>et</strong></span> <span class='ocrx_word' id='word_1_493' title='bbox 1478 1785 1670 1823; x_wconf 83' lang='lat' dir='ltr'><strong>argumenta</strong></span> <span class='ocrx_word' id='word_1_494' title='bbox 1683 1794 1689 1814; x_wconf 78' lang='grc' dir='ltr'><strong><em>ι</em></strong></span> <span class='ocrx_word' id='word_1_495' title='bbox 1701 1785 1731 1813; x_wconf 86' lang='lat' dir='ltr'><strong>et</strong></span> <span class='ocrx_word' id='word_1_496' title='bbox 1740 1782 1813 1813; x_wconf 88' lang='lat' dir='ltr'><strong>talis</strong></span> 
     </span>
     <span class='ocr_line' id='line_1_78' title="bbox 1036 1837 1813 1878; baseline -0.001 -11"><span class='ocrx_word' id='word_1_497' title='bbox 1036 1837 1114 1867; x_wconf 87' lang='lat' dir='ltr'><strong>fides</strong></span> <span class='ocrx_word' id='word_1_498' title='bbox 1135 1840 1182 1868; x_wconf 88' lang='lat' dir='ltr'><strong>est</strong></span> <span class='ocrx_word' id='word_1_499' title='bbox 1202 1838 1386 1877; x_wconf 82' lang='lat' dir='ltr'><strong>simpliciter</strong></span> <span class='ocrx_word' id='word_1_500' title='bbox 1404 1838 1556 1878; x_wconf 86' lang='lat' dir='ltr'><strong>acquisita</strong></span> <span class='ocrx_word' id='word_1_501' title='bbox 1578 1849 1584 1868; x_wconf 90' lang='lat'>:</span> <span class='ocrx_word' id='word_1_502' title='bbox 1610 1846 1667 1867; x_wconf 88' lang='lat' dir='ltr'><strong>nec</strong></span> <span class='ocrx_word' id='word_1_503' title='bbox 1682 1837 1813 1867; x_wconf 86' lang='lat' dir='ltr'><strong>dicenda</strong></span> 
     </span>
     <span class='ocr_line' id='line_1_79' title="bbox 1038 1889 1814 1930; baseline -0.003 -9"><span class='ocrx_word' id='word_1_504' title='bbox 1038 1894 1083 1921; x_wconf 84' lang='lat' dir='ltr'><strong>est</strong></span> <span class='ocrx_word' id='word_1_505' title='bbox 1103 1891 1219 1922; x_wconf 83' lang='lat' dir='ltr'><strong>habere</strong></span> <span class='ocrx_word' id='word_1_506' title='bbox 1244 1892 1401 1923; x_wconf 87' lang='lat' dir='ltr'><strong>rationem</strong></span> <span class='ocrx_word' id='word_1_507' title='bbox 1427 1892 1572 1929; x_wconf 88' lang='lat' dir='ltr'><strong>virtutis,</strong></span> <span class='ocrx_word' id='word_1_508' title='bbox 1598 1891 1673 1930; x_wconf 89' lang='lat' dir='ltr'><strong>quia</strong></span> <span class='ocrx_word' id='word_1_509' title='bbox 1692 1889 1814 1920; x_wconf 89' lang='lat' dir='ltr'><strong>nullius</strong></span> 
     </span>
     <span class='ocr_line' id='line_1_80' title="bbox 1038 1942 1814 1985; baseline -0.004 -10"><span class='ocrx_word' id='word_1_510' title='bbox 1038 1947 1084 1975; x_wconf 88' lang='lat' dir='ltr'><strong>est</strong></span> <span class='ocrx_word' id='word_1_511' title='bbox 1102 1945 1237 1985; x_wconf 86' lang='lat' dir='ltr'><strong>vigoris,</strong></span> <span class='ocrx_word' id='word_1_512' title='bbox 1255 1955 1313 1976; x_wconf 89' lang='lat' dir='ltr'><strong>nec</strong></span> <span class='ocrx_word' id='word_1_513' title='bbox 1334 1946 1496 1983; x_wconf 75' lang='lat' dir='ltr'><strong>roboris²‚</strong></span> <span class='ocrx_word' id='word_1_514' title='bbox 1512 1945 1636 1975; x_wconf 85' lang='lat' dir='ltr'><strong>sublata</strong></span> <span class='ocrx_word' id='word_1_515' title='bbox 1651 1944 1688 1974; x_wconf 89' lang='lat' dir='ltr'><strong>‹le</strong></span> <span class='ocrx_word' id='word_1_516' title='bbox 1710 1942 1814 1973; x_wconf 82' lang='lat' dir='ltr'><strong>medio</strong></span> 
     </span>
     <span class='ocr_line' id='line_1_81' title="bbox 1038 1998 1815 2038; baseline -0.003 -10"><span class='ocrx_word' id='word_1_517' title='bbox 1038 1999 1107 2038; x_wconf 89' lang='lat' dir='ltr'><strong>ipsa</strong></span> <span class='ocrx_word' id='word_1_518' title='bbox 1122 1999 1262 2030; x_wconf 89' lang='lat' dir='ltr'><strong>humana</strong></span> <span class='ocrx_word' id='word_1_519' title='bbox 1277 1999 1411 2030; x_wconf 84' lang='lat' dir='ltr'><strong>ratione.</strong></span> <span class='ocrx_word' id='word_1_520' title='bbox 1430 1998 1565 2036; x_wconf 84' lang='lat' dir='ltr'><strong>Quidam</strong></span> <span class='ocrx_word' id='word_1_521' title='bbox 1585 2000 1692 2029; x_wconf 78' lang='lat' dir='ltr'><strong>autem</strong></span> <span class='ocrx_word' id='word_1_522' title='bbox 1712 2006 1815 2027; x_wconf 86' lang='lat' dir='ltr'><strong>assen-</strong></span> 
     </span>
     <span class='ocr_line' id='line_1_82' title="bbox 1039 2051 1814 2092; baseline -0.003 -10"><span class='ocrx_word' id='word_1_523' title='bbox 1039 2052 1123 2082; x_wconf 85' lang='lat' dir='ltr'><strong>tiunt</strong></span> <span class='ocrx_word' id='word_1_524' title='bbox 1137 2052 1263 2083; x_wconf 88' lang='lat' dir='ltr'><strong>veritati</strong></span> <span class='ocrx_word' id='word_1_525' title='bbox 1277 2053 1350 2083; x_wconf 88' lang='lat' dir='ltr'><strong>fidei</strong></span> <span class='ocrx_word' id='word_1_526' title='bbox 1365 2055 1492 2092; x_wconf 87' lang='lat' dir='ltr'><strong>propter</strong></span> <span class='ocrx_word' id='word_1_527' title='bbox 1511 2052 1653 2083; x_wconf 82' lang='lat' dir='ltr'><strong>divinam</strong></span> <span class='ocrx_word' id='word_1_528' title='bbox 1673 2051 1814 2081; x_wconf 86' lang='lat' dir='ltr'><strong>illustra-</strong></span> 
     </span>
     <span class='ocr_line' id='line_1_83' title="bbox 1040 2105 1816 2145; baseline -0.001 -10"><span class='ocrx_word' id='word_1_529' title='bbox 1040 2106 1160 2136; x_wconf 89' lang='lat' dir='ltr'><strong>tionem</strong></span> <span class='ocrx_word' id='word_1_530' title='bbox 1173 2130 1181 2143; x_wconf 82' lang='lat'><strong>,</strong></span> <span class='ocrx_word' id='word_1_531' title='bbox 1199 2106 1282 2136; x_wconf 87' lang='lat' dir='ltr'><strong>sicut</strong></span> <span class='ocrx_word' id='word_1_532' title='bbox 1296 2105 1341 2135; x_wconf 90' lang='lat' dir='ltr'><strong>illi</strong></span> <span class='ocrx_word' id='word_1_533' title='bbox 1356 2106 1409 2145; x_wconf 94' lang='lat' dir='ltr'><strong>qui</strong></span> <span class='ocrx_word' id='word_1_534' title='bbox 1425 2105 1608 2136; x_wconf 88' lang='lat' dir='ltr'><strong>innituntur</strong></span> <span class='ocrx_word' id='word_1_535' title='bbox 1628 2105 1742 2144; x_wconf 81' lang='lat' dir='ltr'><strong>primae</strong></span> <span class='ocrx_word' id='word_1_536' title='bbox 1757 2112 1816 2134; x_wconf 88' lang='lat' dir='ltr'><strong>ve-</strong></span> 
     </span>
     <span class='ocr_line' id='line_1_84' title="bbox 1041 2157 1817 2200; baseline -0.005 -9"><span class='ocrx_word' id='word_1_537' title='bbox 1041 2159 1126 2191; x_wconf 87' lang='lat' dir='ltr'><strong>ritati</strong></span> <span class='ocrx_word' id='word_1_538' title='bbox 1138 2167 1233 2200; x_wconf 85' lang='lat' dir='ltr'><strong>super</strong></span> <span class='ocrx_word' id='word_1_539' title='bbox 1248 2158 1367 2197; x_wconf 80' lang='lat' dir='ltr'><strong>omnia,</strong></span> <span class='ocrx_word' id='word_1_540' title='bbox 1386 2161 1417 2189; x_wconf 89' lang='lat' dir='ltr'><strong>et</strong></span> <span class='ocrx_word' id='word_1_541' title='bbox 1427 2161 1554 2198; x_wconf 87' lang='lat' dir='ltr'><strong>propter</strong></span> <span class='ocrx_word' id='word_1_542' title='bbox 1569 2167 1613 2196; x_wconf 86' lang='lat' dir='ltr'><strong>se,</strong></span> <span class='ocrx_word' id='word_1_543' title='bbox 1630 2158 1711 2188; x_wconf 86' lang='lat' dir='ltr'><strong>sicut</strong></span> <span class='ocrx_word' id='word_1_544' title='bbox 1726 2157 1817 2187; x_wconf 86' lang='lat' dir='ltr'><strong>multi</strong></span> 
     </span>
     <span class='ocr_line' id='line_1_85' title="bbox 1043 2211 1819 2253; baseline -0.008 -6"><span class='ocrx_word' id='word_1_545' title='bbox 1043 2215 1235 2252; x_wconf 87' lang='lat' dir='ltr'><strong>Christiani,</strong></span> <span class='ocrx_word' id='word_1_546' title='bbox 1250 2214 1305 2253; x_wconf 90' lang='lat' dir='ltr'><strong>qui</strong></span> <span class='ocrx_word' id='word_1_547' title='bbox 1332 2212 1522 2243; x_wconf 88' lang='lat' dir='ltr'><strong>charitatem</strong></span> <span class='ocrx_word' id='word_1_548' title='bbox 1545 2221 1611 2242; x_wconf 91' lang='lat' dir='ltr'><strong>non</strong></span> <span class='ocrx_word' id='word_1_549' title='bbox 1631 2211 1770 2248; x_wconf 86' lang='lat' dir='ltr'><strong>habent;</strong></span> <span class='ocrx_word' id='word_1_550' title='bbox 1787 2212 1819 2241; x_wconf 88' lang='lat' dir='ltr'><strong>et</strong></span> 
     </span>
     <span class='ocr_line' id='line_1_86' title="bbox 1043 2263 1817 2305; baseline -0.009 -5"><span class='ocrx_word' id='word_1_551' title='bbox 1043 2270 1077 2300; x_wconf 90' lang='lat' dir='ltr'><strong>in</strong></span> <span class='ocrx_word' id='word_1_552' title='bbox 1092 2269 1208 2300; x_wconf 90' lang='lat' dir='ltr'><strong>talibus</strong></span> <span class='ocrx_word' id='word_1_553' title='bbox 1230 2267 1308 2298; x_wconf 86' lang='lat' dir='ltr'><strong>fides</strong></span> <span class='ocrx_word' id='word_1_554' title='bbox 1330 2268 1376 2296; x_wconf 89' lang='lat' dir='ltr'><strong>est</strong></span> <span class='ocrx_word' id='word_1_555' title='bbox 1390 2274 1446 2305; x_wconf 89' lang='lat' dir='ltr'><strong>per</strong></span> <span class='ocrx_word' id='word_1_556' title='bbox 1464 2265 1658 2296; x_wconf 86' lang='lat' dir='ltr'><strong>infusionem</strong></span> <span class='ocrx_word' id='word_1_557' title='bbox 1677 2275 1683 2295; x_wconf 80' lang='lat'>2</span> <span class='ocrx_word' id='word_1_558' title='bbox 1701 2263 1817 2293; x_wconf 85' lang='lat' dir='ltr'><strong>volun-</strong></span> 
     </span>
     <span class='ocr_line' id='line_1_87' title="bbox 1044 2316 1821 2357; baseline -0.009 -4"><span class='ocrx_word' id='word_1_559' title='bbox 1044 2323 1122 2353; x_wconf 89' lang='lat' dir='ltr'><strong>tarie</strong></span> <span class='ocrx_word' id='word_1_560' title='bbox 1144 2322 1230 2352; x_wconf 89' lang='lat' dir='ltr'><strong>enim</strong></span> <span class='ocrx_word' id='word_1_561' title='bbox 1253 2320 1448 2357; x_wconf 86' lang='lat' dir='ltr'><strong>assentiunt,</strong></span> <span class='ocrx_word' id='word_1_562' title='bbox 1465 2318 1696 2350; x_wconf 87' lang='lat' dir='ltr'><strong>concomitante</strong></span> <span class='ocrx_word' id='word_1_563' title='bbox 1711 2316 1821 2347; x_wconf 88' lang='lat' dir='ltr'><strong>divina</strong></span> 
     </span>
     <span class='ocr_line' id='line_1_88' title="bbox 1044 2372 1820 2410; baseline -0.009 -3"><span class='ocrx_word' id='word_1_564' title='bbox 1044 2375 1297 2410; x_wconf 83' lang='lat' dir='ltr'><strong>illuminatione;</strong></span> <span class='ocrx_word' id='word_1_565' title='bbox 1313 2373 1564 2410; x_wconf 82' lang='lat' dir='ltr'><strong>illuminatione,</strong></span> <span class='ocrx_word' id='word_1_566' title='bbox 1582 2372 1729 2410; x_wconf 84' lang='lat' dir='ltr'><strong>inquam,</strong></span> <span class='ocrx_word' id='word_1_567' title='bbox 1746 2378 1820 2409; x_wconf 83' lang='lat' dir='ltr'><strong>quae</strong></span> 
     </span>
     <span class='ocr_line' id='line_1_89' title="bbox 1044 2426 1821 2465; baseline -0.01 -4"><span class='ocrx_word' id='word_1_568' title='bbox 1044 2429 1200 2461; x_wconf 87' lang='lat' dir='ltr'><strong>rationem</strong></span> <span class='ocrx_word' id='word_1_569' title='bbox 1230 2427 1333 2458; x_wconf 86' lang='lat' dir='ltr'><strong>elevat</strong></span> <span class='ocrx_word' id='word_1_570' title='bbox 1359 2427 1394 2457; x_wconf 88' lang='grc'><strong>111</strong></span> <span class='ocrx_word' id='word_1_571' title='bbox 1417 2426 1466 2456; x_wconf 89' lang='lat' dir='ltr'><strong>his</strong></span> <span class='ocrx_word' id='word_1_572' title='bbox 1479 2450 1487 2463; x_wconf 90' lang='lat'><strong>,</strong></span> <span class='ocrx_word' id='word_1_573' title='bbox 1519 2434 1591 2465; x_wconf 82' lang='lat' dir='ltr'><strong>quae</strong></span> <span class='ocrx_word' id='word_1_574' title='bbox 1621 2426 1695 2454; x_wconf 89' lang='lat' dir='ltr'><strong>sunt</strong></span> <span class='ocrx_word' id='word_1_575' title='bbox 1724 2432 1821 2463; x_wconf 90' lang='lat' dir='ltr'><strong>supra</strong></span> 
     </span>
     <span class='ocr_line' id='line_1_90' title="bbox 1045 2476 1824 2523; baseline -0.01 -9"><span class='ocrx_word' id='word_1_576' title='bbox 1045 2484 1159 2523; x_wconf 83' lang='lat' dir='ltr'><strong>ipsam.</strong></span> <span class='ocrx_word' id='word_1_577' title='bbox 1177 2480 1265 2512; x_wconf 87' lang='lat' dir='ltr'><strong>Unde</strong></span> <span class='ocrx_word' id='word_1_578' title='bbox 1281 2480 1364 2511; x_wconf 85' lang='lat' dir='ltr'><strong>sicut</strong></span> <span class='ocrx_word' id='word_1_579' title='bbox 1378 2478 1644 2510; x_wconf 88' lang='lat' dir='ltr'><strong>illuminationem</strong></span> <span class='ocrx_word' id='word_1_580' title='bbox 1659 2477 1697 2507; x_wconf 89' lang='lat' dir='ltr'><strong>ad</strong></span> <span class='ocrx_word' id='word_1_581' title='bbox 1714 2476 1824 2507; x_wconf 77' lang='lat' dir='ltr'><strong>futura</strong></span> 
     </span>
     <span class='ocr_line' id='line_1_91' title="bbox 1046 2530 1825 2577; baseline -0.012 -10"><span class='ocrx_word' id='word_1_582' title='bbox 1046 2534 1337 2577; x_wconf 79' lang='lat' dir='ltr'><strong>p1·aec0gnoscenda</strong></span> <span class='ocrx_word' id='word_1_583' title='bbox 1351 2533 1486 2564; x_wconf 90' lang='lat' dir='ltr'><strong>dicimus</strong></span> <span class='ocrx_word' id='word_1_584' title='bbox 1501 2540 1567 2562; x_wconf 90' lang='lat' dir='ltr'><strong>esse</strong></span> <span class='ocrx_word' id='word_1_585' title='bbox 1587 2530 1737 2566; x_wconf 80' lang='lat' dir='ltr'><strong>infusam,</strong></span> <span class='ocrx_word' id='word_1_586' title='bbox 1753 2538 1825 2569; x_wconf 87' lang='lat' dir='ltr'><strong>pro-</strong></span> 
     </span>
    </p>
   </div>
   <div class='ocr_carea' id='block_1_8' title="bbox 1052 2593 1826 2666">
    <p class='ocr_par' dir='ltr' id='par_1_12' title="bbox 1052 2593 1826 2666">
     <span class='ocr_line' id='line_1_92' title="bbox 1052 2593 1826 2631; baseline -0.012 -6"><span class='ocrx_word' id='word_1_587' title='bbox 1052 2601 1095 2625; x_wconf 87' lang='lat' dir='ltr'><strong>lib.</strong></span> <span class='ocrx_word' id='word_1_588' title='bbox 1113 2601 1133 2631; x_wconf 89' lang='lat' dir='ltr'><strong>l,</strong></span> <span class='ocrx_word' id='word_1_589' title='bbox 1153 2609 1174 2623; x_wconf 66' lang='lat' dir='ltr'><strong>c.</strong></span> <span class='ocrx_word' id='word_1_590' title='bbox 1193 2605 1246 2629; x_wconf 65' lang='grc' dir='ltr'><strong>ΧΠ,</strong></span> <span class='ocrx_word' id='word_1_591' title='bbox 1262 2606 1288 2622; x_wconf 89' lang='grc' dir='ltr'><strong>ιι.</strong></span> <span class='ocrx_word' id='word_1_592' title='bbox 1304 2601 1327 2621; x_wconf 70' lang='grc'><strong>3.</strong></span> <span class='ocrx_word' id='word_1_593' title='bbox 1346 2611 1372 2614; x_wconf 40' lang='grc' dir='ltr'><strong>μ</strong></span> <span class='ocrx_word' id='word_1_594' title='bbox 1390 2599 1399 2611; x_wconf 89' lang='grc'><strong>“-’</strong></span> <span class='ocrx_word' id='word_1_595' title='bbox 1414 2596 1545 2620; x_wconf 59' lang='lat' dir='ltr'><strong>consentit</strong></span> <span class='ocrx_word' id='word_1_596' title='bbox 1559 2595 1588 2618; x_wconf 80' lang='lat' dir='ltr'><strong>iis</strong></span> <span class='ocrx_word' id='word_1_597' title='bbox 1607 2595 1633 2619; x_wconf 82' lang='lat' dir='ltr'><strong>S.</strong></span> <span class='ocrx_word' id='word_1_598' title='bbox 1654 2594 1778 2623; x_wconf 80' lang='lat' dir='ltr'><strong>Thomas,</strong></span> <span class='ocrx_word' id='word_1_599' title='bbox 1795 2593 1826 2616; x_wconf 77' lang='lat' dir='ltr'><strong>‹le</strong></span> 
     </span>
     <span class='ocr_line' id='line_1_93' title="bbox 1057 2634 1374 2666; baseline -0.013 -6"><span class='ocrx_word' id='word_1_600' title='bbox 1057 2637 1144 2666; x_wconf 58' lang='lat' dir='ltr'><strong>Verit„</strong></span> <span class='ocrx_word' id='word_1_601' title='bbox 1158 2643 1184 2666; x_wconf 87' lang='lat' dir='ltr'><strong>q.</strong></span> <span class='ocrx_word' id='word_1_602' title='bbox 1200 2641 1272 2663; x_wconf 75' lang='lat' dir='ltr'><strong>xvui,</strong></span> <span class='ocrx_word' id='word_1_603' title='bbox 1289 2635 1335 2657; x_wconf 78' lang='grc'><strong>111-1.</strong></span> <span class='ocrx_word' id='word_1_604' title='bbox 1350 2634 1374 2658; x_wconf 87' lang='grc'><strong>3.</strong></span> 
     </span>
    </p>
   </div>
  </div>
 </body>
</html>
