2017 2960
263 200 321 229 114
814 195 1122 228 SENTENTIARUM
1146 195 1219 227 LIB.
1245 196 1295 227 ΙΙΙ.

262 263 367 297 Filius
382 264 500 305 Patris,
514 264 634 309 quia...
651 264 755 297 forma
774 264 831 296 Dei
859 263 981 307 accepit
1003 262 1141 295 formam
1169 263 1266 296 servi.
1283 275 1300 294 »
1329 262 1365 295 Si
1385 267 1496 296 autem
1519 264 1625 296 forma
1640 262 1697 295 Dei
1712 261 1851 294 formam

261 321 346 354 servi
362 321 494 365 accepit,
510 321 687 353 sinedubio
699 325 816 353 natura
824 324 975 352 naturam
991 319 1132 363 accepit:
1149 320 1262 352 forma}
1274 318 1851 362 enimnominenaturasignificatur,

262 383 299 410 ut
312 378 531 421 Angustinus¹
545 378 711 411 evidenter
728 377 819 409 docet
833 377 866 409 in
885 377 968 409 libro
984 376 1022 409 de
1049 376 1130 409 Fide
1145 376 1190 409 ad
1203 377 1336 410 Petrum
1356 389 1362 409 :
1386 389 1403 408 «
1421 377 1516 418 Cum,
1533 377 1653 422 inquit,
1670 376 1709 409 de
1724 375 1852 409 Christo

262 435 367 475 audis,
384 436 462 479 quia
477 440 510 467 in
527 435 631 467 forma
646 435 703 467 Dei
729 438 809 475 erat,
836 438 962 477 oportet
990 445 1175 476 agnoscere,
1205 433 1457 478 firmissimeque
1479 438 1586 468 tenere
1606 434 1639 467 in
1665 434 1723 466 illo
1738 433 1852 465 formae

262 493 394 526 nomine
409 492 592 525 naturalem
607 491 845 535 plenitudinem
860 491 977 524 debere
992 491 1144 534 intelligi.
1161 491 1199 523 In
1213 491 1319 524 forma
1335 491 1393 524 Dei
1408 503 1486 535 ergo
1501 496 1581 534 erat,
1597 492 1676 536 quia
1689 492 1723 524 in
1735 494 1852 523 natura

261 550 318 582 Dei
334 549 439 582 Patris
452 560 578 593 semper
593 552 672 590 erat,
689 548 728 581 de
743 560 809 593 qua
827 552 923 581 natus
945 553 1025 581 erat.
1038 561 1055 579 »
1086 549 1233 582 Hilarius
1260 560 1405 594 quoque,
1429 550 1463 582 in
1484 549 1568 582 libro
1592 549 1785 582 duodecimo
1813 547 1852 580 de

265 606 427 639 Trinitate
440 606 485 638 ita
498 605 543 638 ait
558 612 568 628 ²
587 618 593 637 :
614 619 629 636 «
644 606 720 639 Esse
736 606 770 638 in
786 605 891 639 forma
907 606 962 638 Dei
991 617 1057 638 non
1078 605 1143 638 alia
1170 605 1387 649 intelligentia
1401 610 1460 648 est,
1484 617 1585 650 quam
1598 606 1633 638 in
1647 605 1705 638 Dei
1721 615 1851 638 manere

261 668 416 696 natura.»
437 662 582 695 Didicisti
597 663 729 695 nomine
744 663 857 696 formae
872 663 1123 706 intelligentiam
1140 663 1212 696 fieri
1227 668 1372 702 naturae;
1390 667 1422 696 at
1438 663 1557 696 audisti
1571 663 1659 708 quod
1676 663 1780 695 forma
1794 661 1852 694 Dei

261 722 399 755 formam
410 721 494 754 servi
510 720 649 764 suscepit
666 733 672 752 :
701 720 788 753 unde
814 732 1016 765 consequens
1038 725 1096 762 est,
1124 721 1212 765 quod
1234 725 1352 754 natura
1373 721 1486 754 divina
1505 725 1657 754 naturam
1674 720 1852 753 humanam

260 779 410 823 suscepit.
428 778 522 818 Quod
539 778 636 810 etiam
651 778 873 822 Hieronymus
888 778 922 811 in
937 778 1187 823 Explanatz‘one
1198 778 1280 822 fidei
1293 778 1461 812 evidenter
1475 779 1632 820 insinuat,
1652 779 1803 824 inquiens
1816 775 1826 791 ³
1844 789 1851 809 ε

265 837 406 869 «Passus
422 841 467 868 est
478 835 582 868 Filius
596 835 668 877 Dei,
686 847 751 869 non
771 835 929 880 putative,
951 836 1006 869 sed
1024 848 1117 878 vere,
1143 836 1323 869 secundum
1340 837 1422 869 illud
1442 849 1448 868 :
1465 837 1584 870 Passus
1611 841 1658 870 est
1681 837 1769 882 quod
1788 839 1854 883 pati

261 898 397 938 poterat,
414 893 446 926 id
461 898 520 936 est,
538 904 604 926 non
619 893 798 926 secundum
823 893 914 926 illam
937 894 1153 927 substantiam
1177 905 1252 939 quae
1274 894 1460 938 assumpsit,
1475 894 1529 927 sed
1548 894 1728 928 secundum
1747 895 1850 937 illam,

260 963 334 995 quae
346 955 510 996 assumpta
525 956 583 984 est.
601 963 617 982 »
640 951 689 984 Ex
712 963 778 996 quo
802 957 935 995 apparet
957 951 1105 984 divinam
1133 952 1349 985 substantiam
1367 952 1576 996 assumpsisse
1596 952 1788 987 humanam.
1806 953 1855 986 Ex

260 1009 368 1042 verbis
382 1013 491 1042 autem
506 1009 685 1052 Augustini
705 1009 856 1053 superius
871 1008 996 1053 positis,
1021 1009 1167 1041 adhibita
1187 1009 1374 1052 diligentia,
1397 1002 1493 1041 innui
1507 1009 1638 1042 videtur
1653 1009 1760 1042 solum
1774 1010 1857 1044 Ver-

260 1068 338 1100 bum
364 1079 493 1100 carneni
518 1067 658 1108 factum,
684 1071 715 1100 et
736 1071 889 1099 naturam
914 1067 1022 1099 solum
1048 1067 1225 1111 suscepisse
1253 1066 1452 1107 humanam,
1479 1071 1510 1098 et
1532 1066 1678 1099 divinam
1703 1071 1855 1101 naturam

260 1125 407 1157 eamdem
430 1124 608 1168 aecepisse3
629 1124 675 1157 ait
696 1124 784 1156 enim
804 1125 814 1140 ²
831 1136 838 1156 ε
866 1137 881 1154 «
902 1124 1045 1157 Trinitas
1064 1135 1122 1157 nos
1142 1124 1204 1156 sibi
1225 1124 1448 1157 reconciliavit
1469 1135 1527 1168 per
1548 1124 1608 1157 hoc
1633 1124 1721 1169 quod
1745 1125 1854 1158 solum

260 1182 408 1214 Verbum
423 1193 554 1214 earnem
570 1182 639 1226 ipsa
653 1181 796 1214 Trinitas
822 1181 908 1214 feeit.
934 1182 972 1214 In
1002 1193 1068 1225 quo
1097 1182 1142 1213 sic
1168 1181 1289 1213 veritas
1317 1181 1596 1214 incommutabilis
1612 1186 1720 1215 manet
1735 1182 1856 1216 divinae

260 1239 478 1284 humanaeque
494 1244 632 1280 naturae,
651 1243 687 1271 ut
702 1238 785 1271 sicut
809 1250 885 1271 vera
903 1250 1030 1283 semper
1054 1243 1101 1272 est
1122 1238 1192 1283 ejus
1213 1238 1380 1280 divinitas,
1406 1250 1505 1283 quam
1520 1238 1559 1271 de
1575 1239 1670 1272 Patre
1685 1239 1794 1282 habet,
1812 1241 1857 1274 ita

259 1308 337 1330 vera
351 1308 478 1341 semper
491 1301 521 1329 et
536 1296 814 1329 incommutabilis
835 1296 905 1340 ejus
924 1296 965 1328 sit
984 1296 1185 1338 humanitas,
1201 1308 1302 1341 quam
1317 1296 1379 1329 sibi
1399 1296 1525 1329 unitam
1550 1308 1679 1330 summa
1699 1297 1856 1331 divinitas

260 1354 382 1397 gerit.»
396 1354 486 1395 Ecce,
503 1358 534 1386 et
548 1354 655 1386 solum
670 1353 819 1387 Verbum
834 1353 913 1386 dixit
928 1365 1058 1387 carnem
1074 1354 1210 1395 factum,
1227 1358 1258 1386 et
1272 1353 1512 1386 humanitatem
1533 1354 1697 1387 divinitati
1715 1355 1852 1388 unitam.

259 1411 486 1456 Idemquoque
497 1411 647 1456 superius
661 1414 670 1429 ⁶
686 1411 767 1443 dixit
786 1411 937 1444 servilem
949 1412 1086 1444 formam
1101 1423 1119 1444 a
1135 1412 1203 1444 solo
1219 1411 1301 1444 Filio
1311 1415 1504 1455 susceptam,
1521 1423 1622 1455 quam
1638 1416 1704 1445 tota
1714 1413 1857 1446 Trinitas

260 1469 346 1502 fecit.
363 1469 436 1501 Jam
451 1469 544 1502 facile
559 1473 605 1501 est
627 1479 813 1512 agnoscere,
838 1480 938 1513 quam
959 1469 1086 1502 diversa
1107 1473 1139 1501 et.
1164 1468 1359 1513 multiplicia
1381 1479 1479 1512 super
1498 1469 1678 1513 quaestione
1693 1470 1857 1514 proposita

260 1531 407 1559 auctores
423 1526 638 1559 tradiderunt.
655 1526 797 1571 Ideoque
819 1526 1012 1571 posteriores
1033 1538 1071 1559 ea
1093 1527 1248 1569 legentes,
1270 1526 1376 1559 varias
1398 1530 1496 1570 atque
1510 1526 1700 1569 contrarias,
1717 1538 1756 1560 ex
1773 1539 1856 1572 prae-

260 1584 354 1617 dictis
369 1585 568 1617 occasionem
583 1589 766 1626 sumentes,
784 1589 940 1629 promunt
955 1584 1143 1617 sententias.

307 1642 373 1675 Nos
388 1646 498 1675 autem
514 1642 620 1675 omnis
636 1642 796 1675 mendacii
811 1647 842 1675 et
852 1642 1116 1675 contradictionis
1130 1646 1240 1675 notam
1257 1653 1274 1674 a
1288 1641 1386 1674 sacris
1401 1641 1528 1684 paginis
1542 1641 1708 1675 secludere
1721 1642 1856 1687 cupien-

179 1708 188 1720 0
215 1708 237 1719 Ρ-
267 1705 323 1740 tes,
341 1699 529 1733 orthodoxis
545 1700 691 1744 patribus
705 1703 802 1742 atque
814 1699 980 1732 catholicis
994 1699 1181 1732 doctoribus
1195 1699 1289 1731 nulla
1306 1709 1413 1742 pravae
1427 1698 1653 1741 intelligentiae
1673 1700 1856 1744 suspicione

264 1758 382 1790 notatis
404 1758 637 1798 consentimus,
667 1757 809 1790 dieentes
831 1761 862 1789 et
890 1768 1061 1801 personam
1089 1756 1165 1789 Filii
1194 1755 1405 1800 assumpsisse
1432 1759 1584 1789 naturam
1614 1756 1808 1800 humanam,
1825 1763 1856 1792 et

201 1844 227 1856 ,0,
264 1819 413 1847 naturam
430 1815 576 1847 divinam
593 1814 745 1847 humanae
760 1814 794 1846 in
809 1814 893 1847 Filio
921 1814 1061 1855 unitam,
1084 1825 1222 1857 eamque
1242 1813 1303 1845 sibi
1325 1813 1433 1845 unisse
1449 1812 1499 1845 vel
1515 1814 1726 1859 assumpsisse
1745 1827 1751 1847 :
1768 1815 1856 1848 unde

262 1876 294 1904 et
307 1883 381 1904 vere
396 1872 565 1905 incarnata
578 1871 708 1904 dicitur.
734 1871 827 1910 Quod
854 1882 930 1905 vero
959 1871 1079 1904 dicitur
1100 1871 1190 1904 solus
1216 1870 1321 1904 Filius
1344 1870 1484 1903 formam
1508 1870 1594 1903 servi
1608 1872 1779 1916 accepisse,
1799 1884 1856 1917 per

262 1930 322 1962 hoc
337 1941 402 1962 non
418 1929 604 1962 excluditur
618 1929 731 1961 divina
746 1933 864 1962 natura
877 1928 918 1961 ab
931 1929 1116 1973 acceptione
1136 1928 1264 1961 servilis
1288 1927 1415 1969 formae,
1435 1927 1491 1960 sed
1511 1927 1582 1961 aliae
1597 1928 1670 1962 duae
1685 1940 1831 1973 personae
1842 1955 1851 1972 ‚

260 1986 357 2019 Pater
373 1987 491 2019 scilieet
506 1991 536 2019 et
552 1986 694 2030 Spiritus
721 1990 864 2019 sanctus.
893 1986 974 2019 Item
1003 1990 1035 2019 et
1061 1985 1146 2019 illud
1174 1985 1278 2028 aliud,
1306 1985 1454 2018 scilicet:
1481 1985 1603 2025 «Quod
1617 1990 1665 2019 est
1683 1987 1853 2032 proprium

261 2044 349 2085 Filii,
365 2055 429 2077 non
447 2043 534 2088 quod
549 2055 724 2076 commune
738 2048 786 2076 est
806 2044 971 2085 Trinitati,
993 2043 1160 2077 hominem
1187 2043 1322 2087 accepit,
1341 2056 1357 2074 »
1383 2043 1428 2076 sic
1443 2047 1571 2087 oportet
1587 2043 1740 2088 intelligi,
1758 2044 1792 2078 id
1807 2050 1854 2078 est

261 2102 390 2146 proprie
405 2102 439 2134 in
455 2101 619 2146 hypostasi
635 2101 723 2143 Filii,
741 2101 854 2134 nonin
878 2101 982 2134 tribus
1002 2101 1223 2134 communiter
1241 2100 1399 2145 personis,
1416 2100 1530 2133 divina
1543 2104 1661 2134 natura
1672 2101 1852 2136 humanam

260 2166 412 2192 naturam
428 2159 489 2191 sibi
505 2159 623 2192 univit.
641 2159 702 2199 Qui
717 2170 831 2192 sensus
855 2170 895 2192 ex
917 2159 1024 2192 verbis
1043 2158 1179 2192 Joannis
1200 2158 1392 2191 Damasceni
1415 2157 1641 2200 confirmatur,
1655 2159 1714 2203 qui
1728 2163 1738 2179 ⁶
1752 2163 1853 2194 totam

259 2217 405 2250 divinam
420 2221 571 2249 naturam
587 2217 621 2248 in
638 2228 738 2249 unam
763 2216 963 2261 hypostasim
982 2217 1185 2250 incarnatam
1209 2227 1276 2248 esse
1294 2215 1462 2249 evidenter
1480 2215 1605 2258 asserit,
1628 2216 1738 2250 dicens
1756 2229 1763 2249 :
1784 2231 1800 2250 α
1815 2219 1854 2251 In

259 2274 493 2307 humanatione
519 2273 577 2306 Dei
592 2274 693 2306 Verbi
713 2273 819 2306 aimus
847 2285 978 2307 omnem
999 2279 1030 2307 et
1048 2274 1221 2318 perfectam
1243 2277 1396 2306 naturam
1419 2272 1546 2306 deitatis
1569 2273 1604 2306 in
1624 2285 1726 2307 unam
1752 2274 1855 2320 hypo-

259 2337 386 2365 staseon
411 2332 611 2364 incarnatam
633 2342 713 2372 esse,
734 2330 767 2364 id
791 2336 850 2372 est,
871 2331 999 2364 unitam
1019 2332 1171 2365 humanae
1195 2335 1335 2372 naturae,
1358 2335 1390 2363 et
1406 2341 1472 2364 non
1495 2334 1621 2374 partem
1635 2332 1718 2376 parti
1736 2344 1744 2365 :
1761 2334 1852 2366 omni

259 2390 346 2422 enim
359 2389 512 2423 humanae
524 2393 647 2421 naturae
671 2389 778 2421 aimus
799 2400 866 2422 esse
888 2390 1013 2422 unitam
1038 2400 1169 2423 omnem
1191 2388 1320 2422 deitatis
1340 2392 1493 2421 naturam
1513 2388 1565 2421 vel
1591 2389 1850 2424 substantiam.»

257 2447 360 2480 Item:
383 2447 536 2479 «Eadem
564 2450 611 2478 est
639 2450 757 2478 natura
786 2447 820 2478 in
848 2447 979 2490 singula
1006 2447 1234 2492 hypostaseon,
1265 2446 1299 2479 id
1329 2450 1388 2487 est,
1417 2456 1631 2490 personarum
1649 2458 1656 2479 :
1673 2450 1705 2480 et
1718 2449 1852 2492 quando

256 2505 394 2538 dicimus
407 2509 558 2537 naturam
574 2503 675 2536 Verbi
690 2503 891 2537 incarnatam
906 2504 1174 2546 esse,secundum
1184 2503 1848 2546 beatos,scilicetsecundumAthanasium

290 2577 297 2592 ¹
317 2576 369 2600 {mo
383 2576 464 2606 Fulg,
477 2575 506 2598 de
521 2574 582 2598 Fide
596 2574 629 2596 nd
642 2574 720 2605 Palu,
735 2581 758 2597 c.
775 2580 804 2604 11,
822 2582 848 2598 n.
863 2576 898 2599 19.
910 2589 933 2592 —
951 2577 961 2591 ²
977 2576 1067 2604 Hilar„
1081 2575 1110 2599 de
1124 2576 1223 2606 Triml„
1235 2575 1278 2598 lib.
1296 2575 1348 2605 ΧΗ,
1363 2581 1415 2598 nou
1430 2573 1505 2604 longe
1520 2582 1534 2597 a
1549 2574 1669 2605 princ.—
1681 2575 1806 2602 ³111er0n,
1819 2579 1852 2603 ad

259 2613 371 2642 Damas„
387 2612 416 2633 cla:
432 2610 540 2641 Explan.
557 2609 696 2639 F1cl.,‹]i‹:i.
712 2616 730 2633 1.
741 2623 769 2626 —
782 2610 790 2625 Β
802 2611 855 2633 tino
865 2611 946 2641 Futg.,
963 2612 992 2633 dr:
1006 2611 1067 2634 Fide
1082 2611 1115 2634 ud
1123 2611 1199 2638 Petu,
1211 2618 1233 2634 e.
1250 2616 1279 2639 υ,
1291 2616 1317 2634 n.
1331 2612 1369 2633 23.
1379 2621 1408 2626 ——
1418 2609 1427 2625 ⁵
1438 2610 1514 2640 Aug„
1528 2609 1558 2632 (le
1571 2610 1672 2640 Trtnzt„
1684 2612 1728 2636 lib.
1742 2613 1792 2643 l,c.
1806 2619 1851 2644 vii,

256 2654 282 2670 u.
298 2648 323 2670 14
335 2666 340 2676 ,
356 2650 380 2670 et
391 2646 545 2670 enucleatius
560 2645 638 2670 Cone.
654 2645 734 2669 Tolet.
750 2645 792 2668 Vl.
802 2658 832 2662 —
843 2645 853 2662 θ
868 2647 995 2676 Damasc„
1010 2646 1039 2670 de
1049 2645 1151 2670 Orthod.
1167 2645 1245 2676 Fide,
1260 2645 1304 2669 lib.
1319 2645 1362 2675 lll,
1378 2651 1401 2668 c.
1417 2650 1451 2668 Vt.
