2017 2960
236 167 294 195 048

236 232 323 261 tione
345 229 484 270 corporis
507 229 620 266 nostri,
647 227 816 258 dicendum
838 224 922 264 quod
946 224 1006 254 hoe

237 284 398 315 reducitur
413 282 450 313 ad
466 282 662 313 dilectionem
678 279 739 309 sui.
763 277 809 308 Ad
834 277 911 307 illud
930 285 1006 306 vero

237 336 322 377 quod
338 335 497 375 objicitur,
514 334 598 375 quod
621 332 740 372 gradus
760 333 834 361 sunt
857 330 890 360 in
910 329 1007 360 dilec-

238 389 322 420 tione
337 389 400 426 Dei,
417 388 582 419 dicendum
605 385 689 425 quod
712 384 825 414 falsum
853 386 909 419 est,
933 382 1007 421 quia

238 452 324 474 unus
337 445 383 473 est
405 442 486 472 Deus
500 440 643 475 dilectus,
660 441 690 469 et
703 438 765 468 illae
781 446 845 467 non
860 439 931 466 sunt
949 435 1006 465 uisi

240 496 375 526 rationes
390 496 552 524 moventes
567 491 603 522 ad
619 491 819 530 diligendum
838 490 937 520 Deum
949 513 956 526 ,
979 490 1009 518 et

239 549 422 578 inducentes
442 555 498 576 nos
524 545 701 575 secundum
729 543 800 583 plus
833 544 864 573 et
888 542 1007 578 111111115,

239 610 310 640 quse
326 603 431 630 tamen
449 608 512 629 non
529 598 727 629 constituunt
743 606 784 627 ex
798 598 886 636 parte
906 595 1009 626 dilecti

239 653 451 683 diversitatem
467 651 640 690 graduum.
658 650 704 680 Ad
718 649 796 680 illud
805 649 890 689 quod
903 648 1010 687 objici-

238 710 291 738 tur
305 707 343 738 de
367 707 436 737 aliis
459 705 710 742 conditionibus,
736 703 912 734 secundum
932 711 1011 741 quas

239 759 412 790 attenditur
423 757 587 789 vinculum
597 759 627 787 et
638 758 708 796 conj
715 757 832 793 unctio,
843 755 1010 786 dicendum

239 813 323 853 quod
347 812 385 842 ad
404 812 477 841 istas
498 812 629 850 possunt
648 809 755 839 reduci
780 817 901 839 omnes.
929 806 1009 838 Nam

239 877 332 905 uxor,
350 876 423 898 011111
438 866 478 896 sit
495 874 568 896 caro
585 865 658 901 viri,
682 867 711 894 et
734 873 750 895 e
774 872 938 900 converso,
965 872 1009 893 re-

239 921 364 951 ducitur
381 920 419 950 ad
436 919 635 950 dilectionem
650 917 718 954 sui;
748 918 836 956 pater
857 925 934 947 vero
947 916 1012 956 spi-

241 973 364 1004 ritualis
377 973 415 1003 ad
431 972 628 1003 dilectionem
644 970 741 1010 patris
756 969 930 1006 naturalis,
948 978 1012 999 cae-

241 1027 299 1058 teri
324 1025 555 1064 consanguinei
576 1025 615 1054 ad
639 1023 840 1054 dilectionem
861 1022 936 1060 filii;
958 1022 1014 1052 do-

243 1081 360 1117 minus,
379 1079 533 1117 magister
547 1081 577 1109 et
592 1076 765 1116 discipulus
776 1076 815 1107 ad
829 1076 1015 1106 domesticos

240 1135 421 1165 reseruntur
447 1142 453 1163 :
475 1135 505 1163 et
524 1132 568 1163 sie
594 1133 679 1171 patet
701 1130 787 1170 quod
807 1130 885 1160 nihil
901 1138 1015 1168 super-

241 1188 357 1223 ssuum⁷
374 1186 453 1216 nihil
472 1185 568 1216 etiam
590 1184 785 1215 diminutum¹
803 1183 835 1213 in
858 1182 1016 1222 praedictis

244 1240 397 1280 gradihus
410 1239 600 1270 continetur.

564 1333 632 1355 mm.
658 1332 701 1354 XV.

384 1389 454 1413 Solet
469 1389 545 1411 ctiam
558 1387 645 1417 quaeri,
662 1386 682 1409 si
698 1387 815 1416 parentes
825 1403 831 1414 ‚
844 1386 892 1407 etc.

285 1454 399 1485 Contra
425 1463 431 1482 ;
460 1452 607 1481 Rationes
631 1449 692 1480 illae
714 1448 864 1479 videntur
885 1456 952 1478 esse
980 1447 1018 1477 ad

246 1510 414 1545 utramque
442 1507 575 1544 partem.
609 1503 740 1533 Ratione
769 1501 856 1532 enim
889 1500 1018 1540 propin-

246 1559 374 1599 quitatis
390 1557 516 1588 videtur
540 1557 624 1596 quod
643 1555 718 1586 mali
741 1557 886 1595 parentes
911 1554 1022 1594 praefe-

248 1611 337 1643 rendi
362 1611 424 1641 sint
451 1611 542 1641 bonis
570 1609 743 1645 extraneis,
772 1617 846 1638 011111
877 1608 1022 1647 parentes

248 1667 407 1705 ponantur
423 1664 455 1694 in
469 1664 560 1693 tertio
576 1662 696 1702 gradu;
714 1662 834 1691 ratione
849 1669 924 1690 vero
933 1660 1022 1691 boni-

249 1719 321 1749 tatis
335 1718 461 1749 videtur
475 1717 681 1748 contrarium.
697 1715 733 1746 Et
748 1716 773 1745 si
785 1717 819 1745 tu
832 1715 1023 1754 respondeas

249 1772 335 1812 quod
359 1781 423 1802 non
449 1773 494 1801 est
510 1770 726 1807 contrarietas,
743 1769 819 1809 quia
832 1768 964 1799 diversis
977 1777 1024 1799 re-

253 1825 413 1865 spectibus
428 1826 558 1865 possunt
580 1823 717 1853 invicem
737 1823 797 1852 sibi
817 1821 977 1862 praeponi,
995 1824 1026 1852 et

250 1879 369 1909 habent
390 1887 423 1909 se
448 1878 528 1908 sicut
549 1877 732 1907 excedentia
755 1878 784 1906 et
806 1884 944 1912 excessa,
965 1875 1025 1905 hoc

252 1941 317 1962 non
331 1931 436 1968 solvit,
454 1930 529 1970 quia
542 1929 645 1960 adhuc
658 1930 754 1959 restat
766 1928 918 1968 quaestio:
936 1927 1025 1965 Quod

254 1985 383 2015 illorum
404 1983 507 2021 magis
530 1982 671 2018 excellit,
690 1984 801 2012 utrum
820 1981 954 2019 bonitas,
975 1981 1026 2012 vel

254 2037 496 2078 propinquitas?
510 2035 638 2075 thuod
654 2035 789 2072 bonitas³
801 2034 940 2072 videtur,
953 2043 1026 2065 cum

255 2092 391 2123 charitas
406 2100 462 2130 per
476 2100 508 2121 50
523 2092 552 2120 et
567 2090 671 2129 primo
687 2089 829 2128 respiciat
842 2089 1025 2119 honitatem.

257 2145 346 2182 Quod
374 2145 492 2175 iterum
512 2142 752 2182 propinquitas,
782 2142 923 2180 videtur,
951 2141 1028 2181 quia

256 2208 353 2239 penes
377 2198 463 2227 illam
490 2195 662 2226 attenditur
686 2197 715 2225 et
748 2195 928 2234 assignatur
952 2195 1028 2226 ordo

256 2250 427 2282 charitatis.

297 2304 389 2344 Resp.
408 2302 581 2334 Dicendum
606 2301 689 2340 quod
710 2303 754 2331 est
774 2309 864 2331 amor
888 2301 1028 2340 compla-

257 2358 381 2395 centiae,
399 2358 429 2386 et
444 2354 672 2386 beneficentiae.
691 2354 807 2384 Amore
829 2354 1027 2393 complacen-

256 2411 309 2441 tiae
337 2411 422 2440 amat
445 2408 517 2448 quis
542 2407 696 2446 aliquem,
720 2406 847 2446 quando
873 2407 944 2446 quis
962 2409 1031 2447 ejus

258 2464 338 2494 facta
353 2463 504 2501 acceptat,
521 2462 551 2491 et
572 2461 676 2499 ipsum
692 2460 861 2499 approbat,
883 2462 913 2491 et
936 2460 1030 2491 etiam

258 2517 290 2547 in
305 2516 444 2547 bonitate
458 2516 528 2554 ejus
541 2513 711 2552 complacet
729 2513 802 2551 sibi;
826 2523 935 2544 amore
954 2523 1030 2544 vero

259 2568 475 2600 beneticentiae
505 2569 590 2597 amat
623 2566 694 2606 quis
723 2566 874 2606 aliquem,
903 2567 1030 2607 quando

262 2623 329 2653 vult
345 2623 372 2652 ci
389 2621 581 2657 benefacere,
599 2622 628 2650 et
641 2619 743 2658 diligit
766 2629 859 2658 eum,
883 2630 949 2651 non
964 2622 1030 2650 tan—

781 156 1090 191 SENTENTIARUM
1111 155 1186 186 LlB.
1210 155 1264 186 111.

1059 225 1129 253 tum
1143 222 1217 262 quia
1232 222 1272 252 sit
1287 221 1402 259 bonus,
1418 221 1471 252 sed
1488 222 1522 252 ut
1536 221 1576 251 sit
1591 221 1702 252 bonus.
1721 221 1826 258 Quan-

1059 277 1129 305 tum
1144 275 1182 306 ad
1196 275 1336 314 primum
1358 283 1510 312 amorem,
1526 274 1679 314 ponderat
1694 274 1828 311 bonitas;

1061 331 1217 368 quantum
1228 328 1266 358 ad
1279 328 1466 365 secundum,
1476 327 1629 367 ponderat
1641 327 1812 367 propinqui
1820 345 1830 349 -

1061 384 1119 412 tas.
1136 381 1225 412 Unde
1240 384 1305 412 esto
1320 381 1405 421 quod
1420 383 1508 421 pater
1518 389 1609 411 meus
1619 381 1658 411 sit
1671 380 1785 418 maius,
1802 383 1832 411 et

1062 435 1142 465 alius
1175 437 1346 465 extraneus
1380 434 1420 464 sit
1450 434 1553 465 bonus
1563 457 1570 470 ,
1602 434 1705 472 magis
1735 434 1832 464 debeo

1062 488 1154 526 velle,
1171 490 1201 518 et
1214 487 1400 524 desiderare,
1418 489 1448 518 et
1464 495 1633 527 procurare
1648 486 1733 526 quod
1745 489 1833 526 pater

1063 551 1154 572 meus
1168 541 1209 571 sit
1223 541 1340 579 honus,
1364 543 1395 571 et
1416 541 1448 571 in
1467 540 1617 570 charitate
1639 542 1833 580 permaneat,

1064 604 1161 635 quam
1176 595 1257 624 alius
1272 596 1453 629 extraneus,
1478 593 1550 624 licet
1574 593 1681 632 ipsum
1708 595 1739 623 et
1757 593 1836 623 sacta

1064 649 1144 688 ejuS,
1168 647 1321 687 quamdiu
1335 647 1427 677 estin
1442 648 1526 677 statu
1540 646 1668 686 peccati,
1690 655 1753 676 non
1779 646 1835 676 de-

1065 701 1157 732 beam
1172 701 1357 740 approhare.
1375 699 1413 730 Et
1427 708 1482 739 per
1495 700 1556 730 hoe
1570 701 1653 739 patet
1670 699 1832 739 responsio

1065 755 1103 785 ad
1117 754 1325 794 quaestionem
1338 753 1550 793 propositam3
1575 754 1658 792 patet
1672 753 1768 783 etiam
1787 761 1833 782 re—

1066 809 1193 848 sponsio
1208 808 1246 839 ad
1259 808 1391 847 objecta.

1394 904 1461 925 DUB.
1488 904 1518 925 V.

1232 958 1343 981 Perfecta
1357 957 1466 981 charitas
1479 956 1534 980 haec
1550 957 1606 988 est,
1622 957 1670 980 etc.

1109 1022 1263 1063 Objicitur
1277 1024 1388 1053 contra
1398 1021 1458 1052 hoc
1473 1030 1481 1052 t
1497 1021 1573 1061 quia
1588 1021 1614 1052 si
1629 1021 1698 1052 haec
1712 1023 1759 1052 est
1773 1030 1842 1061 per-

1069 1078 1148 1108 fecta
1171 1076 1308 1107 charitas
1332 1076 1369 1105 ut
1392 1075 1431 1105 sit
1454 1077 1582 1114 paratus
1608 1083 1665 1114 pro
1692 1074 1843 1105 fratribus

1070 1131 1167 1168 mori,
1191 1138 1264 1160 cum
1285 1129 1381 1159 homo
1410 1128 1444 1158 in
1478 1127 1661 1167 imperfecta
1692 1127 1844 1158 charitate

1070 1184 1243 1215 consistens
1268 1192 1332 1213 non
1355 1183 1395 1212 sit
1416 1184 1544 1222 paratus
1577 1182 1658 1211 mori
1686 1190 1745 1221 pro
1770 1181 1843 1219 Deo,

1043 1231 1046 1234 ’
1071 1237 1197 1268 videtur
1218 1236 1303 1276 quod
1323 1236 1478 1275 perfectus
1497 1235 1634 1274 amplius
1655 1234 1760 1273 diligit
1774 1243 1845 1274 pro-

1071 1290 1215 1327 ximum,
1241 1297 1339 1329 quam
1362 1288 1565 1328 imperfectus
1585 1287 1700 1318 Deum.
1725 1286 1786 1318 Sed
1812 1287 1844 1317 in

1072 1342 1268 1373 contrarium
1283 1342 1382 1380 hujus
1405 1343 1461 1378 est,
1486 1341 1564 1380 quia
1584 1340 1721 1370 charitas
1742 1348 1846 1379 quan-

1073 1397 1284 1434 tumcumque
1299 1403 1396 1434 parva
1411 1393 1514 1432 diligit
1529 1393 1628 1423 Deum
1653 1394 1782 1432 propter
1800 1402 1844 1430 se,

1076 1451 1106 1479 et
1119 1456 1215 1486 super
1229 1447 1355 1484 omnia3
1381 1447 1441 1477 hoc
1461 1448 1569 1476 autem
1589 1454 1758 1485 nunquam
1775 1445 1849 1476 facit

1077 1502 1232 1542 perfectus
1245 1501 1404 1541 proximo.
1416 1500 1513 1531 Juxta
1522 1499 1583 1530 hoc
1592 1498 1746 1538 quaeritur
1758 1509 1764 1529 z
1775 1507 1847 1529 cum

1076 1555 1211 1586 charitas
1226 1555 1265 1584 sit
1285 1553 1522 1584 nobilissimum
1547 1560 1628 1592 opus
1651 1551 1721 1588 Dei,
1743 1553 1773 1582 et
1795 1551 1849 1582 Dei

1077 1604 1211 1644 perfecta
1232 1603 1294 1633 sint
1305 1612 1411 1642 opera,
1425 1601 1552 1632 videtur
1567 1600 1652 1640 quod
1663 1600 1767 1631 omnis
1778 1600 1849 1631 cha-

1077 1658 1153 1688 ritas
1169 1657 1208 1687 sit
1220 1657 1356 1697 perfecta
1372 1665 1379 1686 :
1398 1655 1480 1686 male
1509 1663 1586 1693 ergo
1609 1654 1661 1685 hic
1683 1654 1851 1693 distinguit

1078 1720 1134 1752 per
1152 1710 1340 1750 perfectum,
1362 1711 1392 1739 et
1416 1708 1649 1747 imperfectum.
1671 1707 1768 1738 Juxta
1790 1707 1850 1737 hoc

1079 1765 1175 1796 etiam
1190 1766 1293 1803 posset
1307 1762 1425 1802 quaeri⁷
1450 1761 1610 1800 quomodo
1634 1760 1771 1790 charitas
1786 1760 1851 1790 im-

1079 1817 1215 1856 perfecta
1235 1814 1349 1845 haheat
1376 1812 1495 1852 pertici,
1517 1814 1547 1842 et
1564 1811 1692 1850 augeri3
1718 1811 1771 1841 sed
1792 1810 1853 1841 hoc

1080 1870 1139 1901 fuit
1152 1868 1397 1899 determinatum
1413 1866 1445 1896 in
1461 1866 1566 1905 primo
1586 1864 1641 1896 lib.
1655 1888 1663 1902 ‚
1684 1864 1754 1895 dist.
1771 1872 1850 1902 xvn,

1081 1925 1110 1954 et
1126 1923 1158 1952 in
1174 1921 1323 1958 secundo,
1339 1920 1410 1950 dist.
1427 1927 1518 1949 XXVI.

1122 1976 1212 2016 Resp.
1242 1973 1416 2005 Dicendum
1442 1973 1526 2013 quod
1547 1972 1678 2011 signum
1708 1971 1853 2011 perfeetae

1083 2029 1256 2066 charitatis,
1273 2030 1303 2058 et
1317 2027 1465 2064 effectus,
1494 2028 1539 2056 est
1557 2024 1774 2065 promptitudo
1789 2032 1854 2054 mo-

1083 2083 1186 2114 riendi
1202 2090 1258 2122 pro
1279 2081 1375 2111 fratre
1401 2091 1407 2109 z
1433 2080 1492 2109 ista
1510 2080 1619 2109 tamen
1637 2076 1854 2117 promptitudo

1083 2146 1148 2168 non
1164 2136 1245 2166 inest
1258 2133 1402 2165 charitati
1414 2131 1614 2163 solummodo
1629 2140 1669 2162 ex
1690 2131 1855 2161 dilectione

1087 2190 1201 2227 fratrisa
1219 2188 1273 2219 sed
1288 2197 1329 2218 ex
1344 2187 1509 2218 dilectione
1523 2185 1629 2216 fratris
1642 2184 1739 2215 relata
1753 2183 1791 2214 ad
1805 2183 1855 2214 di-

1087 2244 1253 2275 lectionem
1272 2241 1336 2279 Dei,
1355 2249 1451 2280 quem
1466 2239 1623 2280 perfectus
1636 2239 1764 2278 propter
1778 2245 1811 2267 se
1825 2238 1856 2267 et

1085 2307 1181 2338 super
1200 2295 1308 2327 omnia
1333 2294 1452 2332 diligit,
1476 2294 1506 2323 et
1532 2293 1572 2322 ob
1592 2292 1685 2331 cujus
1713 2298 1854 2320 amorem

1086 2352 1181 2382 etiam
1196 2358 1253 2390 pro
1267 2349 1334 2388 ipso
1349 2348 1443 2377 fratre
1456 2345 1525 2377 vult
1535 2344 1616 2375 mori
1627 2355 1634 2374 :
1646 2344 1725 2380 ideo,
1744 2351 1856 2381 quam-

1085 2404 1135 2435 vis
1156 2404 1216 2434 hoc
1242 2411 1306 2432 non
1327 2399 1503 2440 reperiatur
1527 2398 1561 2428 in
1580 2398 1648 2429 viro
1671 2395 1855 2435 imperfecto

1086 2458 1229 2498 respectu
1246 2455 1310 2493 Dei,
1327 2455 1510 2484 nontamen
1525 2450 1670 2490 sequitur
1688 2448 1774 2488 quod
1791 2448 1856 2478 mi-

1086 2521 1148 2543 nus
1167 2511 1279 2550 diligat
1298 2509 1414 2545 Deum,
1440 2514 1537 2546 quam
1567 2504 1724 2544 perfectus
1744 2502 1856 2542 proxi—

1087 2574 1194 2602 mum3
1210 2563 1262 2594 sed
1278 2562 1354 2602 quia
1369 2561 1473 2592 minor
1487 2561 1533 2589 est
1548 2557 1670 2588 dilectio
1691 2556 1788 2588 unius
1810 2564 1857 2586 re-

1087 2620 1196 2659 spectu
1219 2617 1291 2654 Dei,
1318 2623 1413 2655 quam
1435 2612 1573 2644 alterius,
1606 2610 1654 2641 Ad
1677 2609 1755 2640 illud
1772 2608 1856 2649 quod
