2017 2960
778 179 964 212 DISTINCT.
989 179 1094 211 XXVI.
1683 183 1735 214 561

137 249 258 280 ratione
271 249 458 289 approbant,
474 249 649 288 purificatae
664 248 780 280 mentis
796 248 909 278 intelli·
964 247 1223 287 approbationem
1238 257 1245 285 ;
1263 247 1297 278 in
1312 247 1411 278 tertiis
1426 248 1549 288 puritas
1562 249 1741 289 intelligen-

137 304 246 342 gentia
263 302 482 342 experiuntur.
501 302 535 334 In
556 303 667 343 primis
687 301 753 333 sota
776 301 853 332 fides
869 301 910 331 sa·
965 300 1016 331 tiae
1041 300 1250 340 apprehendit
1274 301 1508 332 certitudinem.
1524 301 1564 333 Et
1587 301 1631 332 sic
1658 303 1743 342 patet

138 356 178 387 cit
203 355 409 392 eiectionem;
437 355 471 386 in
495 355 642 386 secundis
664 355 745 386 ratio
764 353 911 394 adjungit
965 354 1127 393 responsio
1141 354 1180 385 ad
1194 354 1389 394 propositam
1403 354 1624 394 quaestionem.

620 513 1040 560 DISTINCTIO
1091 515 1267 560 XXVI

228 657 266 677 DE
290 655 354 677 SPE!
380 654 596 684 DIFFINITIONE,
621 655 658 677 ET
683 655 720 677 DE
744 653 851 680 QUIBUS
874 654 938 683 Sl’r;
965 654 1002 676 ET
1026 654 1106 680 QUOD
1130 655 1160 676 IN
1184 655 1310 677 CHRISTO
1335 656 1395 678 NON
1417 656 1546 679 FUERINT
1568 658 1653 681 FIDES

874 712 911 733 ET
934 712 1014 734 SPES.

186 814 266 858 Spes
280 817 389 846 autem
405 817 452 845 est
472 812 590 853 virtus,
612 823 678 856 qua
692 812 877 856 spiritualia
891 816 923 845 et
936 816 1058 845 aeterna
1073 813 1157 846 bona
1173 818 1358 858 sperantur,
1383 815 1415 847 id
1435 819 1502 857 est,
1523 827 1598 850 cum
1624 817 1745 851 fiducia
1777 837 1807 858 n„
1817 839 1869 866 spe.

141 875 365 916 expectantur.
384 870 440 903 Est
455 870 541 903 enirn
557 881 629 914 spes
644 874 731 902 certa
745 870 925 914 expectatio
946 870 1065 904 futurae
1084 872 1313 914 beatitudinis,
1332 872 1467 906 veniens
1491 885 1530 907 ex
1550 874 1608 908 Dei
1626 876 1744 919 gratia,

141 934 173 963 et
200 929 324 962 meritis
347 927 604 973 praecedentibus
631 927 683 960 vel
710 927 815 972 ipsam
843 939 950 972 spem,
988 940 1088 972 quam
1127 934 1245 962 natura
1282 930 1376 974 praeit
1404 931 1563 973 charitas,
1592 932 1645 966 vel
1678 944 1747 966 rem

141 991 316 1031 speratam,
336 985 369 1018 id
382 989 441 1027 est,
458 985 695 1018 beatitudinem
711 989 877 1018 aeternam.
895 985 974 1018 Sine
991 986 1116 1018 meritis
1140 987 1227 1019 enim
1253 988 1379 1032 aliquid
1403 1000 1550 1034 sperare,
1576 1002 1643 1024 non
1663 1002 1747 1035 speS‚

143 1045 198 1078 sed
214 1043 427 1088 praesumptio
443 1043 508 1076 dici
524 1048 639 1088 potest.

189 1103 230 1135 Et
256 1102 341 1134 sicut
369 1101 469 1142 fides,
508 1101 553 1134 ita
581 1105 611 1134 et
639 1112 710 1145 spes
739 1105 786 1134 est
812 1101 851 1134 de
878 1101 1114 1135 invisibilibus.
1145 1102 1239 1135 Unde
1271 1104 1479 1147 Augustinus
1507 1107 1514 1122 ¹
1549 1119 1556 1139 ε
1588 1118 1604 1137 «
1634 1105 1749 1140 Fidem
1815 1124 1844 1143 ne

144 1160 348 1205 appellamus
363 1170 476 1191 earum
490 1170 617 1199 rerum,
639 1170 712 1203 quae
728 1170 796 1191 non
816 1158 981 1192 videntur.
1007 1173 1023 1189 »
1049 1160 1095 1192 De
1116 1171 1171 1204 spe
1195 1171 1328 1205 quoque
1347 1161 1467 1195 dicitur
1487 1170 1497 1185 ⁵
1525 1175 1532 1195 ε
1557 1164 1652 1208 Spes,
1679 1175 1750 1208 qzcoe
1774 1154 1884 1211 qussssfi‘

145 1217 284 1257 videtur,
302 1229 367 1250 non
383 1223 430 1249 est
443 1227 526 1261 spes.
553 1216 648 1257 Quod
662 1217 749 1249 enim
765 1216 855 1249 videt
874 1217 962 1260 (μηδ’,
987 1216 1068 1260 quid
1088 1220 1221 1261 sperat?
1236 1218 1331 1257 Quod
1355 1219 1472 1252 attinet
1491 1219 1530 1253 ad
1552 1231 1619 1253 non
1640 1220 1752 1254 videre

145 1276 196 1308 vel
224 1286 299 1320 quae
322 1275 515 1316 creduntur,
532 1275 583 1307 vel
609 1286 681 1318 quae
715 1279 906 1319 sperantur,
940 1273 1018 1307 fidei
1056 1274 1190 1318 speique
1225 1286 1401 1308 commune
1434 1280 1492 1309 est.
1531 1277 1752 1321 Distinguitur

146 1337 255 1367 tamen
274 1333 356 1366 fides
378 1344 397 1365 a
418 1344 491 1377 spe,
517 1333 600 1365 sicut
618 1333 798 1374 vocabulo,
826 1332 871 1365 ita
896 1332 993 1364 etiam
1017 1332 1205 1365 rationabili
1234 1333 1429 1367 differentia.
1462 1334 1519 1368 Est
1555 1335 1643 1368 enim
1673 1335 1754 1368 fides

147 1391 310 1424 malarum
326 1401 436 1423 rerum
454 1394 485 1423 et
498 1390 674 1431 bonarum,
691 1391 770 1434 quia
792 1394 823 1422 et
848 1390 934 1423 bona
956 1389 1137 1422 creduntur
1157 1394 1188 1422 et
1213 1391 1315 1432 mala,
1340 1395 1371 1424 et
1392 1391 1454 1425 hoc
1473 1391 1539 1425 fide
1562 1392 1661 1435 bona,
1687 1404 1753 1426 non

148 1449 245 1481 mala.
264 1448 320 1480 Est
334 1448 432 1480 etiam
448 1447 530 1480 fides
549 1452 579 1480 et
594 1448 836 1492 praeteritarum
851 1458 978 1487 rerum,
997 1452 1028 1480 et
1042 1449 1252 1491 praesentium
1266 1475 1274 1490 ,
1301 1453 1332 1481 et
1355 1449 1557 1483 futurarum.
1583 1450 1755 1485 Credimus

148 1507 236 1539 enim
254 1510 392 1538 mortem
408 1505 541 1546 Christi,
559 1516 633 1549 quae
645 1505 714 1549 jam
728 1505 898 1549 praeteriit3
914 1505 1079 1538 eredimus
1094 1506 1282 1549 sessionem,
1300 1519 1372 1552 qua?
1389 1519 1477 1541 nunc
1498 1512 1566 1548 est;
1592 1509 1755 1542 credimus

148 1568 328 1598 venturum
354 1563 395 1596 ad
415 1563 652 1607 judicandum,
673 1562 762 1607 quod
783 1563 936 1596 futurum
958 1567 1016 1595 est.
1042 1563 1124 1596 Item
1149 1563 1229 1596 fides
1258 1569 1289 1597 et
1319 1577 1455 1599 suarum
1489 1577 1600 1600 rerum
1629 1571 1695 1608 est,
1725 1571 1757 1600 et

149 1622 332 1655 alienarum
351 1633 357 1652 :
376 1632 453 1653 nam
468 1625 499 1653 et
513 1632 546 1653 se
561 1621 702 1665 quisque
716 1620 818 1653 credit
838 1631 905 1653 esse
931 1620 1078 1665 coepisse,
1104 1632 1165 1654 nec
1187 1621 1285 1655 fuisse
1308 1623 1423 1668 utique
1449 1625 1698 1669 sempiternum,
1725 1628 1757 1657 et

150 1679 230 1721 alia;
247 1683 345 1723 atque
360 1690 427 1711 non
444 1678 540 1711 modo
555 1678 595 1710 de
615 1678 688 1711 aliis
707 1678 898 1711 hominibus
920 1678 1042 1720 multa,
1069 1690 1143 1723 quae
1161 1679 1201 1712 ad
1222 1680 1414 1723 religionem
1437 1682 1622 1725 pertinent,
1639 1693 1756 1715 verum

150 1737 248 1770 etiam
264 1737 303 1769 de
323 1736 449 1780 angelis
469 1735 644 1768 credimus.
667 1735 748 1780 Spes
770 1739 880 1769 autem
905 1746 971 1769 non
994 1736 1058 1768 nisi
1088 1737 1251 1770 bonarum
1275 1749 1385 1772 rerum
1411 1744 1475 1781 est,
1500 1751 1559 1773 nec
1579 1739 1643 1773 nisi
1666 1739 1758 1773 futu-

150 1805 277 1836 rarum,
294 1798 325 1827 et
338 1794 379 1827 ad
394 1805 447 1827 eos
462 1793 712 1838 pertinentium,
730 1794 790 1838 qui
805 1805 920 1827 earum
942 1805 1032 1838 spem
1051 1805 1162 1837 gerere
1177 1795 1406 1839 perhibentur.

196 1853 274 1886 Post
287 1852 349 1885 hoc
362 1856 509 1896 superest
523 1851 720 1894 investigare
736 1855 851 1884 utrum
866 1851 947 1884 fides
962 1855 994 1885 et
1009 1863 1080 1896 spes
1093 1852 1129 1885 in
1151 1853 1280 1886 Christo
1304 1854 1429 1888 fuerint
1454 1867 1461 1887 :
1487 1856 1576 1890 unde
1602 1861 1757 1892 tractatus
1790 1876 1887 1898 Reditad

150 1911 210 1943 iste
221 1910 360 1954 sumpsit
375 1909 560 1942 exordium.
578 1909 780 1949 Quibusdam
795 1921 861 1942 non
887 1909 1016 1943 indocte
1030 1911 1162 1944 videtur
1176 1911 1277 1945 fidem
1292 1912 1468 1956 virtutem,
1491 1919 1522 1947 et
1545 1915 1636 1959 spem
1660 1916 1695 1950 in
1719 1928 1756 1950 eo
1790 1909 1884 1934 mm*

1780 1945 1824 1959 Sflm
1848 1946 1888 1960 uae‘

153 1979 220 2001 non
244 1968 356 2008 fuisse,
384 1968 468 2000 sicut
491 1967 525 1999 in
549 1967 667 2000 sanctis
688 1967 757 2011 jam
781 1967 986 2009 beatificatis,
1002 1969 1055 2001 vel
1085 1969 1120 2002 in
1144 1969 1269 2013 angelis
1296 1981 1363 2003 non
1391 1976 1469 2004 sunt
1493 1976 1628 2006 :tamen
1655 1975 1758 2008 sancti
1781 1946 1885 2022 ⁵2³g¹f<iic2¹g

153 2026 291 2059 credunt
314 2030 345 2058 et
371 2029 502 2069 sperant
529 2025 801 2058 resurrectionem
826 2025 973 2058 futuram
988 2051 996 2067 ‚
1019 2030 1051 2058 et
1071 2027 1182 2070 angeli
1204 2028 1352 2061 eamdem
1381 2029 1536 2071 credunt;
1564 2042 1623 2064 nec
1650 2035 1757 2065 tamen
1791 2018 1879 2066 ‘3⁰5⁶ss

1781 2066 1802 2084 et
1810 2070 1859 2089 spes
1868 2070 1888 2083 ln

154 2084 189 2117 in
203 2085 249 2117 eis
264 2084 345 2117 fides
359 2083 411 2116 vel
426 2094 498 2127 spes
513 2082 618 2115 virtus
631 2087 690 2124 est,
717 2083 796 2127 quia
816 2087 848 2116 et
865 2083 932 2116 Deo
955 2094 1012 2128 per
1037 2084 1176 2128 speciem
1198 2086 1450 2130 contemplando
1471 2087 1653 2131 fruuntur,
1677 2094 1708 2123 et
1723 2090 1757 2123 in
1797 2095 1880 2129 Christo

154 2142 214 2175 Dei
228 2142 339 2175 Verbo
354 2141 626 2174 resurrectionem
638 2141 801 2183 futuram,
828 2141 896 2174 sive
916 2141 1093 2185 judicium.
1120 2153 1186 2175 non
1204 2154 1264 2187 per
1285 2144 1452 2188 speculum
1473 2146 1510 2179 in
1535 2147 1714 2192 aeniqmate
1728 2155 1757 2190 ³,
1792 2126 1879 2146 suenm'

155 2200 211 2234 sed
232 2199 477 2245 praeclarissime
500 2198 692 2243 inspiciunt.
714 2198 749 2231 Si
774 2199 884 2241 enim,
913 2199 994 2243 quia
1023 2199 1162 2234 credunt
1190 2202 1462 2236 resurrectionem
1491 2204 1656 2246 futuram,
1685 2206 1758 2239 ideo

156 2270 273 2292 verum
289 2261 335 2291 est
349 2268 403 2290 eos
417 2256 515 2290 fidem
537 2256 678 2298 habere3
705 2268 795 2300 ergo,
820 2268 858 2290 ea
880 2262 1109 2291 consummata
1127 2262 1199 2303 post
1217 2259 1381 2303 judicium
1395 2286 1404 2302 ,
1430 2260 1581 2296 similiter
1605 2266 1637 2295 et
1659 2262 1758 2296 fidem

156 2316 277 2350 habere
299 2316 468 2356 dicentur,
494 2315 573 2359 quia
602 2315 734 2348 credent
766 2326 837 2348 eam
859 2315 1071 2360 praeteritam.
1097 2315 1162 2349 Sed
1185 2317 1269 2350 sicut
1290 2321 1367 2351 tunc
1386 2318 1539 2361 credent,
1563 2331 1622 2353 nec
1649 2324 1758 2354 tamen

158 2374 270 2415 fidem,
287 2385 362 2418 quae
386 2372 499 2406 fideles
523 2372 615 2414 facit,
640 2372 827 2414 habebunt,
849 2373 928 2418 quia
950 2384 1017 2406 non
1043 2373 1174 2407 credent
1192 2375 1316 2419 absque
1337 2376 1494 2418 scientia,
1515 2388 1586 2422 quae
1608 2389 1676 2411 non
1699 2379 1760 2412 erit

160 2431 375 2474 aenigmatica,
390 2430 445 2464 sed
462 2442 519 2475 per
533 2430 690 2475 speciem3
708 2431 754 2464 ita
768 2435 799 2463 et
814 2430 912 2464 modo
926 2430 1065 2464 credunt
1079 2435 1111 2464 et
1125 2439 1257 2476 sperant
1270 2434 1554 2476 resurrectionem,
1572 2446 1631 2468 nec
1651 2440 1760 2470 tamen

162 2488 259 2521 fidem
286 2488 431 2531 habent,
461 2488 540 2533 quia
566 2488 728 2521 credendo
754 2493 967 2532 cognoscunt.
1006 2489 1101 2522 Venit
1123 2490 1211 2523 enim
1238 2491 1285 2524 eis
1313 2490 1401 2535 quod
1423 2493 1606 2536 qim-sectum
1636 2500 1705 2536 est,
1730 2499 1763 2528 et

164 2552 362 2580 evacuatum
385 2552 433 2579 est
455 2545 541 2591 quod
562 2557 602 2580 ex
620 2552 722 2591 parte
741 2552 788 2580 est
804 2549 827 2579 ⁶.
844 2546 945 2580 Venit
963 2547 1052 2581 enim
1069 2548 1229 2591 cognitio,
1252 2553 1284 2582 et
1307 2554 1463 2584 evacuata
1485 2554 1532 2584 est
1551 2551 1644 2586 fides.
1661 2552 1762 2587 Venit

166 2668 176 2684 ⁸
191 2632 208 2691 Ι·
216 2633 297 2691 eug„
311 2630 452 2690 Enchii'gid„
463 2636 558 2689 5313,
568 2638 605 2691 11⁰
610 2632 638 2661 2,
654 2631 872 2662 propositionibus
886 2631 1033 2656 interversis
1048 2635 1073 2656 et
1084 2632 1188 2657 vocibus
1202 2633 1331 2658 nonnullis
1345 2634 1459 2659 mutatis.
1470 2648 1501 2654 -
1512 2636 1523 2652 ¹
1533 2636 1612 2668 Rom„
1623 2643 1679 2668 vui,
1692 2640 1764 2662 24.—

236 2674 284 2698 or.,
301 2672 360 2697 1111,
407 2683 414 2690 .
423 2678 453 2684 —
516 2673 522 2689 ι
545 2684 560 2696 .,
609 2685 614 2690 .

307 2719 385 2742 rou.
413 2719 459 2742 ῐν.
1596 2720 1633 2748 36
