2017 2960
60 1550 88 1569 rw
102 1556 164 1570 causa

85 1582 139 1601 inter

72 1613 137 1632 Deum
146 1628 151 1637 7

58 1647 77 1662 ι”ι
95 1644 164 1663 homi-

59 1681 105 1693 neni
117 1690 121 1695 .
147 1678 166 1693 vt

58 1705 165 1725 diabolum

92 2360 119 2379 lt·
130 2364 169 2379 tr'-

83 2392 119 2410 ιι
123 2398 148 2410 ιι

72 2403 110 2441 ιι
125 2427 148 2442 m

63 2462 169 2503 «mi-itur

65 2514 90 2533 P
94 2518 124 2533 ι

66 2530 142 2564 fifh-³.
146 2552 168 2564 ,ἢ

178 204 234 231 -ιῑέιι
757 195 1065 229 δΕΝΤκΣΝΊίΑιιΠΜ
1088 196 1160 226 Ltss.
1185 196 1237 226 ΙΙΙ.

176 267 298 300 diaboli
312 271 514 312 potestatem,
532 266 655 299 nonita
670 265 764 297 debet
779 263 931 305 intelligi,
948 266 1105 306 tanquam
1121 262 1207 295 Deus
1222 262 1281 295 hoe
1303 263 1425 306 fecerit,
1452 271 1508 299 aut
1528 267 1600 300 fieri
1617 268 1769 312 jusserit3

177 326 231 357 sed
247 325 334 370 qnod
353 330 478 357 tantum
495 323 688 368 permiserit,
703 322 790 365 juste
806 325 926 353 tamen.
943 320 1005 352 Illo
1020 320 1107 352 enim
1124 320 1290 353 deserente
1306 327 1489 364 peccantem
1500 351 1507 365 ‚
1525 325 1645 369 peccati
1661 329 1774 359 auctor

178 383 264 416 illico
281 383 410 415 invasit.
428 382 492 414 Nec
510 386 619 413 tamen
642 380 728 412 Deus
743 379 907 412 continuit
927 379 962 410 in
982 378 1033 410 im
1056 390 1114 410 sua
1136 378 1363 412 miserationes
1383 391 1459 413 suas
1483 383 1504 422 ¹,
1528 393 1586 415 nec
1608 383 1774 416 hominem

177 453 195 473 a
212 442 282 483 lege
300 452 367 473 sna*
383 439 546 483 potestatis
561 438 669 470 amisit
688 437 743 480 (a),
762 448 835 469 cum
852 436 886 468 in
901 435 1020 468 diaboli
1039 439 1193 479 potestate
1208 447 1275 468 esse
1288 437 1447 480 permisit,
1464 439 1542 482 quia
1556 452 1614 473 nec
1625 441 1775 473 diabolus

179 511 197 531 a
212 503 366 543 potestate
385 498 441 529 Dei
461 501 506 529 est
528 496 674 536 alienus,
701 495 784 527 sicut
805 506 863 527 nec
886 505 905 526 a
927 493 1081 525 bonitate.
1107 493 1189 526 Nam
1210 494 1445 540 qualicumque
1462 497 1529 529 vita
1552 497 1701 531 diabolus
1722 499 1774 531 vel

179 557 275 589 homo
303 567 368 588 non
393 554 596 595 subsisteret,
628 553 691 585 nisi
715 564 772 596 per
796 563 871 585 enm
894 551 951 595 qui
973 551 1117 584 vivificat
1141 551 1262 584 omnia.
1289 552 1362 585 Non
1386 565 1463 596 ergo
1494 554 1580 587 Deus
1608 555 1774 589 hominem

178 613 331 653 deseruit,
355 617 391 644 ut
412 623 477 644 non
498 623 530 644 se
552 612 601 643 illi
626 611 793 643 exhiberet
817 610 941 649 Deum;
966 609 1019 642 sed
1043 609 1128 641 inter
1151 610 1239 642 mala
1263 611 1405 654 poenalia
1429 612 1527 645 etiam
1553 613 1647 646 malis
1672 614 1776 647 multa

179 671 327 716 prm-stitit
345 671 431 703 bona
457 682 463 702 :
489 674 519 702 et
539 669 669 702 tandem
692 668 878 709 hominem,
900 678 998 711 quem
1019 667 1203 700 commissio
1231 672 1435 712 peccatorum
1463 669 1593 703 diabolo
1616 671 1773 713 subdidit,

179 729 324 761 remissio
339 733 542 772 peccatorum
560 739 616 772 per
633 727 826 769 sanguinem
843 725 963 759 Christi
977 725 1051 758 data
1064 738 1083 758 a
1098 726 1228 759 diabolo
1244 727 1348 769 eruit,
1372 732 1408 760 ut
1426 728 1470 760 sic
1489 732 1498 747 ²
1513 728 1643 772 justitia
1663 729 1776 762 vince-

179 792 268 819 retur
283 786 449 827 diabolus,
468 798 533 819 non
549 785 702 830 potentia.
722 784 785 816 Sed
801 784 810 799 ³
825 795 891 828 qua
909 783 1057 827 justitia?
1084 783 1161 816 Jesu
1185 784 1318 817 Christi.
1342 785 1383 817 Et
1411 786 1576 829 quomodo
1606 787 1710 819 vietus
1730 790 1776 819 est

178 847 233 877 ea‘?
250 845 334 884 Quia
347 845 380 877 in
394 857 430 876 eo
446 844 528 876 nihil
544 844 681 886 dignum
699 847 802 874 morte
817 841 1001 883 inveniens,
1019 841 1134 874 occidit
1149 853 1225 874 eum
1243 846 1360 876 tamen.
1378 843 1419 875 Et
1434 843 1548 888 utique
1562 844 1691 887 justum
1714 848 1773 884 est,

178 908 214 935 nt
229 903 389 935 debitores
405 913 486 946 quos
504 901 642 942 tenebat,
660 900 755 932 liberi
770 899 991 940 dimittantur,
1009 899 1042 931 in
1058 911 1134 932 eum
1158 899 1340 942 credentes,
1366 912 1464 944 quem
1485 901 1554 934 sine
1575 901 1644 934 ullo
1666 901 1776 934 debito

177 960 302 993 occidit.
328 960 403 992 Ideo
427 965 536 992 autem
557 962 566 976 ⁵
592 958 735 1002 potentia
758 958 889 991 vincere
913 956 1037 997 noluit,
1067 957 1146 1001 quia
1167 957 1318 990 diabolus
1344 957 1424 990 vitio
1461 959 1682 1001 perversitatis
1710 969 1774 991 suae

177 1024 302 1051 amator
322 1023 368 1051 est
390 1018 559 1062 potentiae,
586 1021 617 1050 et
636 1017 780 1049 desertor
803 1019 1076 1060 oppugnatorque
1092 1015 1243 1058 justitiae3
1270 1015 1305 1047 in
1324 1026 1390 1059 qno
1411 1015 1561 1048 homines
1576 1015 1680 1058 magis
1701 1027 1777 1048 eum

177 1077 361 1117 imitantur,
380 1077 437 1120 qui
453 1076 599 1118 neglecta
614 1075 665 1108 vel
681 1074 778 1106 etiam
796 1085 908 1117 perosa
920 1073 1048 1117 justitia
1061 1099 1068 1113 ,
1095 1073 1247 1116 potentiae
1269 1073 1373 1115 magis
1397 1073 1528 1106 student
1543 1099 1551 1115 ,
1575 1073 1712 1117 ejusque
1726 1073 1777 1106 vel

176 1135 347 1179 adeptione
363 1135 527 1174 laetantur,
549 1133 600 1165 vel
623 1132 799 1176 cupiditate
819 1132 1082 1164 inflammantur.
1100 1131 1241 1175 Ideoque
1257 1131 1380 1175 placuit
1395 1131 1475 1172 Deo,
1488 1135 1525 1164 ut
1539 1143 1604 1164 non
1619 1131 1776 1176 potentia,

176 1194 229 1225 sed
243 1193 371 1237 justitia
386 1192 531 1231 vincens,
548 1191 715 1223 hominem
734 1194 875 1229 erueret,
893 1189 927 1221 in
943 1201 1009 1233 quo
1025 1189 1123 1221 homo
1139 1200 1214 1221 eum
1237 1188 1359 1221 imitari
1381 1189 1528 1222 disceret.
1550 1189 1628 1222 Post
1648 1200 1725 1222 vero
1744 1189 1778 1221 in

177 1251 414 1283 resurrectione
428 1254 537 1282 secuta
551 1253 597 1281 est
611 1251 620 1266 ⁵
634 1248 777 1292 potentia
790 1273 797 1287 ,
822 1247 900 1291 quia
920 1246 1039 1279 revixit
1063 1250 1228 1288 mortuus,
1254 1258 1426 1291 nunqnam
1452 1251 1562 1291 postea
1583 1247 1775 1280 moriturus.

178 1309 241 1341 Sed
257 1308 453 1352 nonnejure
479 1307 665 1351 aequissimo
680 1306 867 1338 vinceretur
892 1304 1060 1346 diabolus,
1087 1304 1111 1336 si
1138 1304 1281 1348 potentia
1301 1308 1428 1337 tantum
1451 1304 1600 1337 Christus
1623 1316 1697 1337 cum
1721 1304 1779 1337 illo

179 1378 273 1409 agere
302 1366 476 1399 voluisset?
505 1365 641 1409 Utique,
665 1363 719 1396 sed
747 1362 928 1407 postposuit
951 1362 1100 1394 Christus
1124 1362 1212 1406 quod
1238 1361 1361 1406 potuit,
1389 1366 1425 1394 ut
1451 1362 1543 1406 prius
1562 1366 1672 1405 ageret
1691 1362 1779 1406 quod

179 1425 333 1469 oportuit.
353 1437 368 1454 ι)
387 1423 519 1455 Justitia
533 1433 610 1465 ergo
626 1421 823 1454 humilitatis
839 1420 1005 1453 hominem
1023 1419 1192 1458 liberavit,
1216 1430 1315 1464 quem
1340 1419 1409 1452 sola
1430 1420 1575 1463 potentia
1596 1419 1781 1464 aequissime

179 1483 317 1515 liberare
335 1482 453 1526 potuit.

227 1540 262 1573 Si
277 1540 365 1572 enim
382 1544 445 1572 tres
460 1539 509 1571 illi
525 1539 558 1571 in
574 1549 703 1570 causam
721 1537 883 1577 venirent,
899 1536 1019 1568 scilicet
1034 1535 1132 1577 Deus,
1146 1535 1297 1568 diabolus
1312 1541 1342 1569 et
1355 1535 1465 1579 homo,
1478 1536 1629 1569 diabolus
1640 1539 1671 1568 et
1683 1535 1782 1568 homo

182 1599 260 1643 quid
276 1598 432 1631 adversus
447 1597 551 1629 Deum
568 1596 729 1636 dicerent,
746 1607 812 1628 non
833 1594 1004 1627 haberent.
1029 1593 1187 1626 Diabolus
1211 1594 1298 1626 enim
1319 1593 1357 1626 de
1382 1593 1505 1638 injuria
1529 1593 1588 1626 Dei
1609 1593 1782 1627 convince-

182 1662 284 1698 retur,
301 1657 380 1701 quia
394 1667 524 1688 servum
540 1655 622 1698 ejus,
640 1654 760 1686 scilicet
777 1652 959 1694 hominem,
977 1656 1009 1684 et
1022 1651 1250 1684 fraudulenter
1271 1651 1421 1693 abduxit,
1439 1656 1470 1684 et
1484 1651 1645 1684 violenter
1660 1651 1778 1684 tenuit.

182 1715 288 1747 Homo
304 1715 401 1747 etiam
422 1714 565 1757 injurius
587 1713 653 1745 Deo
672 1711 941 1752 convinceretur,
963 1710 1042 1754 quia
1060 1714 1220 1754 praecepta
1244 1709 1314 1753 ejus
1337 1710 1547 1754 contempsit,
1569 1713 1601 1742 et
1619 1721 1652 1742 se
1675 1709 1782 1742 alieno

181 1773 326 1805 dominio
343 1772 552 1816 mancipavit.
579 1771 624 1803 De
648 1770 791 1802 hominis
810 1769 909 1801 etiam
935 1768 1057 1812 injuria
1080 1768 1328 1801 convinceretur
1347 1767 1509 1809 diabolus,
1534 1767 1613 1811 quia
1633 1771 1663 1799 et
1685 1767 1781 1799 illum

182 1831 271 1875 prius
286 1831 393 1863 fallaci
409 1829 623 1874 promissione
645 1828 788 1872 decepit,
811 1831 842 1859 et
864 1830 935 1871 post
955 1826 1042 1858 mala
1061 1825 1232 1858 inferendo
1255 1826 1348 1858 laesit.
1375 1825 1499 1869 Injuste
1519 1836 1596 1868 ergo
1618 1824 1780 1866 diabolus,

180 1894 340 1933 qnantum
357 1888 396 1920 ad
412 1899 457 1928 se,
474 1887 604 1919 tenebat
619 1886 805 1926 hominem3
823 1885 876 1917 sed
898 1884 997 1916 homo
1014 1883 1101 1927 juste
1122 1883 1307 1925 tenebatur,
1333 1883 1412 1928 quia
1431 1883 1583 1916 diabolus
1609 1894 1782 1927 nunquam

181 1947 300 1979 meruit
315 1950 503 1990 potestatem
529 1945 647 1977 habere
668 1955 765 1988 super
784 1942 975 1983 hominem,
1000 1941 1054 1973 sed
1075 1941 1173 1974 homo
1198 1941 1318 1974 meruit
1338 1952 1394 1985 per
1416 1941 1545 1985 culpam
1568 1941 1636 1986 pati
1659 1940 1784 1974 diaboli

180 2004 401 2048 tyrannidem.
420 2003 455 2035 Si
470 2014 546 2046 ergo
562 2002 661 2043 Deus,
679 2001 737 2046 qui
754 2001 887 2045 utrique
905 2003 1053 2044 praeerat,
1071 1999 1215 2044 potentia
1230 1999 1398 2032 hominem
1416 2000 1556 2032 liberare
1578 1999 1692 2040 vellet,
1715 1998 1784 2032 sola

177 2062 332 2105 jussionis
348 2062 468 2093 virtute
484 2061 649 2093 hominem
666 2059 773 2104 potuit
790 2058 965 2091 rectissime
982 2058 1137 2099 liberare3
1155 2057 1209 2090 sed
1229 2057 1271 2090 ob
1285 2069 1416 2090 causam
1436 2057 1635 2102 praemissam
1655 2056 1784 2101 justitia

182 2120 376 2153 humilitatis
392 2119 440 2151 uti
456 2119 570 2151 voluit.
589 2117 653 2157 Qui
668 2117 749 2150 dum
769 2116 803 2149 in
821 2127 916 2149 carne
932 2115 1061 2148 mortali
1078 2115 1256 2148 crucifixus
1270 2119 1328 2157 est,
1341 2115 1514 2159 justificati
1529 2126 1656 2157 sumus,
1675 2114 1708 2147 id
1723 2118 1782 2156 est,

182 2191 238 2224 per
253 2178 475 2211 remissionem
492 2181 694 2221 peccatorum
711 2175 793 2208 eruti
809 2175 847 2207 de
863 2177 1022 2218 potestate
1037 2173 1172 2215 diaboli,
1190 2179 1220 2206 et
1240 2174 1285 2206 ita
1304 2185 1323 2206 a
1345 2173 1473 2206 Christo
1489 2173 1617 2217 justitia
1633 2172 1784 2205 diabolus

183 2237 286 2270 victus
305 2241 368 2278 est,
387 2247 452 2269 non
469 2235 622 2280 potentia.
639 2233 811 2273 Quomodo
827 2236 937 2265 autem
956 2232 990 2263 in
1011 2231 1036 2275 ej
1045 2243 1080 2264 us
1100 2232 1260 2274 sanguine
1279 2230 1374 2264 nobis
1395 2234 1523 2276 peecata
1547 2230 1612 2264 sint
1639 2229 1782 2271 dimissa,

183 2307 282 2340 supra
296 2300 305 2316 ⁰
322 2295 506 2338 expositum
521 2298 579 2325 est.

229 2353 377 2386 Christus
391 2363 468 2395 ergo
481 2356 527 2383 cst
543 2350 711 2383 sacerdos⁷
718 2348 891 2392 ,idemque
907 2348 1035 2380 hostia⁸
1040 2351 1091 2389 ,et
1107 2347 1248 2391 pretium
1265 2352 1384 2380 nostrae
1400 2345 1671 2380 reconciliationis
1685 2349 1707 2386 ⁹,
1726 2344 1784 2389 qui

185 2424 217 2443 se
233 2412 267 2443 in
283 2423 338 2443 aia
351 2410 456 2443 ciucis
470 2420 534 2441 non
550 2408 692 2448 diabolo,
709 2407 763 2439 sed
780 2407 845 2439 Deo
861 2406 1017 2438 Tiinitati
1035 2405 1155 2438 obtulit
1176 2417 1234 2450 pto
1250 2406 1420 2448 omnibus,
1442 2408 1603 2450 quantum
1622 2403 1662 2436 ad
1688 2403 1784 2447 pretii

185 2469 431 2509 sullicientiam;
459 2466 514 2499 sed
544 2477 602 2510 pro
631 2465 738 2498 electis
769 2469 916 2506 tantum,
950 2467 1112 2508 quantum
1143 2463 1183 2496 ad
1211 2463 1406 2505 efficaciam,
1441 2463 1519 2507 quia
1547 2461 1785 2506 praedestinatis

154 2517 313 2560 tantum
329 2527 468 2559 salutem
483 2524 599 2557 effecit.
617 2523 663 2555 De
678 2534 744 2567 quo
761 2527 791 2555 et
806 2522 940 2565 legitur,
966 2521 1055 2566 quod
1070 2521 1111 2553 sit
1128 2521 1268 2554 tiaditus
1286 2533 1304 2554 a
1322 2521 1416 2554 Patre
1432 2520 1466 2562 ¹⁰,
1483 2524 1515 2552 et
1531 2519 1619 2564 quod
1639 2519 1783 2564 seipsum

218 2608 224 2623 ¹
238 2607 277 2629 Pe.
293 2611 381 2635 Lxxu,
401 2607 435 2628 ιο.
453 2617 476 2620 ψ
491 2604 501 2619 ¹
512 2604 587 2634 Aug„
601 2602 631 2625 ‹Je
648 2602 747 2630 Τνιηίι.,
764 2601 806 2625 lib.
826 2602 890 2629 xm,
902 2608 923 2624 c.
937 2606 994 2629 xui,
1010 2607 1034 2624 n.
1056 2601 1124 2623 17.—
1136 2600 1233 2630 ³Ib1d.,
1252 2605 1344 2627 c.x1V,
1359 2599 1467 2622 n.18.—
1480 2598 1489 2613 ⁶
1504 2597 1578 2628 leid„
1596 2604 1692 2626 c.x111,
1705 2598 1783 2621 n.17.

185 2655 213 2659 -
226 2641 323 2670 ⁵!t1'«l.,
339 2650 361 2663 e.
378 2646 430 2668 xiv,
446 2647 470 2662 n,
491 2640 562 2661 18.-
577 2638 587 2653 ⁸
603 2637 664 2661 Dist.
681 2637 792 2667 praecod.
807 2650 828 2654 -v
849 2637 888 2660 Ps.
903 2642 942 2659 cix
955 2654 961 2665 ,
983 2638 1034 2659 ι.-
1045 2635 1055 2651 ⁸
1069 2634 1152 2662 Helm,
1169 2641 1204 2665 ix,
1216 2636 1254 2658 28.
1265 2634 1314 2651 -0
1326 2633 1401 2662 Rom,
1418 2639 1442 2663 v,
1460 2636 1495 2657 ιι,
1508 2646 1538 2651 -
1554 2633 1575 2649 ¹⁰
1589 2632 1663 2663 Ibid.,
1677 2638 1732 2661 vm,
1745 2633 1783 2656 32.

225 2692 247 2715 ιι)
266 2688 304 2709 At.
323 2690 414 2708 emisit,
