2017 2960
58 1929 162 1951 tundam.

504 165 692 198 DlSTlNCT.
719 167 770 199 ΙΙΙ.
797 167 913 200 PART.
943 169 980 200 ll.
1005 168 1095 201 ΛΒΤ.
1121 169 1174 200 ill.
1199 169 1350 207 QIJAEST.
1376 171 1412 201 ll.

179 233 330 274 draginta
344 242 401 265 sex
422 233 534 264 diebus
549 235 727 274 perfectum
747 235 803 273 sit,
821 236 900 276 quia
919 237 957 267 ad

179 286 405 327 perfectionem
428 287 512 318 hanc
532 297 598 319 non
625 289 770 329 pervenit
795 299 896 331 usqne
920 291 958 321 ad

178 351 279 374 annos
291 342 418 382 viginti.

217 399 246 427 2.
267 395 362 427 item¹
383 407 389 426 :
408 397 468 428 Per
482 399 592 430 οηιηιά
609 397 717 430 debuit
729 399 888 438 fratribus
905 408 959 431 as-

176 449 320 482 similari
333 450 372 490 (a)
386 461 396 482 .·
408 460 486 490 crgo
505 451 628 482 videtur
640 452 723 492 quod
738 453 770 482 in
788 454 882 484 modo
898 454 958 484 sor-

179 503 327 534 mationis
349 505 491 544 corporis
515 505 660 545 seqnitur
685 505 824 536 aliorum
849 506 957 536 homi-

177 565 257 587 num
277 566 409 598 corpora
435 569 440 588 :
460 558 513 589 red
538 567 670 598 corpora
692 559 828 590 aliorum
855 560 959 590 homi-

177 619 258 641 num
285 611 462 642 successive
488 612 669 642 formantur
696 624 702 643 :
727 622 807 652 ergo
831 613 960 645 videtur

177 664 262 704 quod
278 665 424 696 similiter
439 674 552 705 corpus
569 665 694 696 Christi.

218 719 247 748 3.
272 717 350 748 Item
375 728 492 759 corpus
511 718 625 750 Christi
642 719 800 751 nutritum
823 724 853 752 et
875 731 958 761 aug-

178 773 356 802 mentatum
371 772 431 802 fuit
444 773 631 811 successive,
644 774 726 805 sicut
741 783 875 815 corpora
885 775 960 807 alio-

177 835 251 857 rum
266 826 437 857 hominum
455 835 463 858 ε
486 836 565 864 ergo
579 827 707 859 videtur
726 829 794 868 pari
818 829 957 868 ratione,

176 880 261 920 quod
277 880 372 911 fuerit
387 881 565 913 successive
580 883 764 914 formatum.

217 937 247 966 A.
266 934 345 966 Item
360 936 583 968 formationem
601 938 668 969 veri
681 938 823 979 corporis
838 941 960 970 antece-

176 988 222 1019 dit
237 989 454 1027 consolidatio,
466 992 497 1022 et
509 991 789 1023 consolidationem
805 993 959 1024 antecedit

177 1043 354 1081 conversio,
371 1046 402 1074 et
417 1045 660 1076 conversionem
675 1046 807 1077 seminis
821 1047 956 1078 decisio:

177 1096 204 1127 si
228 1105 307 1136 ergo
323 1097 474 1137 quaelihet
499 1099 627 1130 illarum
653 1101 876 1140 operationum
895 1109 959 1132 non

177 1153 280 1190 potest
304 1151 374 1182 sseri
396 1151 430 1182 in
454 1152 569 1183 minori
593 1162 691 1193 quam
714 1153 747 1184 in
764 1154 912 1192 instanti,
929 1156 961 1184 et

178 1212 244 1235 uua
267 1207 314 1235 est
341 1204 487 1236 ordinata
515 1206 555 1236 ad
585 1206 701 1244 aliam,
726 1216 806 1247 ergo
833 1208 960 1238 videtur

177 1257 262 1298 quod
287 1258 437 1290 formatio
467 1260 611 1300 corporis
635 1270 702 1292 non
729 1262 869 1302 potuerit
892 1271 959 1293 esse

176 1311 388 1343 instantanea.

218 1366 278 1399 Sed
295 1370 405 1399 contra
421 1377 429 1399 :
451 1371 477 1399 t.
495 1369 721 1409 Augustinus²
733 1394 741 1408 ,
760 1370 794 1401 in
816 1370 896 1401 libro
920 1370 959 1403 de

178 1420 258 1453 Fide
271 1421 316 1453 ad
330 1422 481 1454 Petrum:
497 1422 721 1454 «Firmissime
736 1426 820 1461 tene,
835 1427 866 1455 et
882 1425 958 1455 nul—

177 1476 303 1508 latenus
317 1477 454 1517 dubites,
472 1488 538 1510 non
553 1488 683 1510 carnem
699 1480 812 1511 Christi
829 1481 896 1511 sine
911 1481 956 1511 di-

178 1531 312 1563 vinitate
327 1532 361 1562 iu
376 1535 468 1563 utero
485 1533 628 1573 Virginis
641 1536 837 1574 conceptam,
851 1535 958 1574 prins-

177 1594 276 1625 quam
291 1586 508 1626 susciperetur
521 1597 539 1617 a
554 1587 668 1625 Verbo,
687 1588 782 1618 fuisse
801 1588 849 1627 (b).
864 1599 878 1616 υ
899 1588 958 1619 Sed

179 1638 321 1670 Verbum
344 1649 407 1670 non
431 1642 586 1681 suscepit,
603 1641 662 1672 nisi
685 1651 814 1672 carnem
841 1643 960 1673 forma·

179 1695 242 1724 tam
259 1697 443 1735 conceptam
465 1695 616 1735 perfecte,
639 1697 671 1726 et
691 1695 724 1726 in
747 1695 876 1726 instanti
891 1706 958 1727 sus-

178 1748 260 1787 cepit
283 1757 354 1779 eam
377 1758 385 1779 :
407 1758 486 1788 ergo
513 1749 641 1781 videtur
663 1749 749 1790 quod
774 1750 806 1780 in
830 1750 960 1780 instanti

179 1810 295 1843 corpus
318 1803 432 1834 Christi
448 1804 542 1835 fuerit
559 1803 598 1835 ad
614 1803 816 1845 perfectionis
831 1804 960 1844 organi—

177 1856 335 1888 zationem
353 1856 541 1889 deductum.

220 1910 298 1942 item
313 1911 534 1951 Augustinus,
559 1913 592 1943 in
608 1912 689 1943 libro
706 1912 745 1944 cle
774 1914 932 1945 Trinitate
949 1923 959 1942 -·

183 1976 198 1994 (ι
211 1964 280 1996 Non
296 1974 336 1996 ex
355 1968 444 1996 utero
461 1965 602 2005 Virginis
618 1968 707 2007 prius
721 1977 795 1999 earo
809 1970 960 2007 concepta

179 2021 244 2057 est,
270 2021 301 2049 et
324 2021 432 2059 postea
454 2020 604 2051 divinitas
627 2020 715 2052 venit
736 2021 769 2051 in
794 2031 923 2053 carnem
950 2030 957 2052 ι

179 2072 232 2104 sed
252 2081 329 2103 mox
353 2075 389 2103 ut
412 2073 465 2104 Dei
488 2073 630 2104 Verbum
653 2074 687 2104 in
708 2076 838 2105 uterum
855 2075 959 2112 venit,

179 2127 298 2158 factum
314 2130 360 2158 est
375 2135 459 2165 caro,
474 2130 600 2158 servata
614 2128 806 2168 proprietate
823 2131 959 2168 naturae,

180 2184 211 2212 et
236 2181 393 2221 perfectus
430 2181 527 2213 homo
562 2181 594 2211 in
626 2181 760 2213 veritate
797 2182 901 2213 carnis
931 2186 961 2214 et

180 2234 308 2265 animae.
327 2246 341 2263 υ

223 2288 301 2320 Item
326 2288 425 2329 Virgo
448 2289 540 2320 beata
569 2289 686 2320 dicitur
709 2289 889 2330 concepisse
913 2289 962 2321 Fi-

181 2342 262 2374 lium
279 2342 332 2374 Dei
352 2344 474 2374 ratione
490 2343 594 2374 carnis
613 2345 786 2384 assumptae
802 2353 843 2374 ex
867 2344 935 2384 ipsa
952 2353 959 2374 :

182 2396 236 2428 sed
255 2406 321 2428 non
341 2399 388 2428 est
409 2396 453 2427 ibi
478 2396 725 2428 communicatio
751 2397 959 2437 idiomatum,

184 2451 243 2481 nisi
259 2453 388 2492 propter
402 2451 556 2482 unionem
573 2460 580 2481 :
599 2460 663 2482 non
685 2453 733 2482 est
753 2453 862 2482 autem
884 2452 962 2483 unio

184 2504 244 2535 nisi
269 2505 308 2537 ad
332 2508 481 2537 naturam
504 2505 675 2545 perfectam
699 2516 707 2537 :
732 2516 807 2538 cum
830 2516 909 2547 ergo
929 2507 961 2538 in

218 2604 253 2634 (α)
271 2604 344 2635 Vuly.
354 2605 544 2635 similari.—(b)
554 2605 623 2629 Edit.
634 2606 724 2630 Bened.
739 2606 797 2631 add.
814 2608 864 2632 Sed
878 2608 961 2639 ipsum

187 2639 301 2665 verbum
315 2640 397 2665 Deum
411 2648 464 2665 suae
481 2641 565 2666 caruis
579 2642 728 2673 acceptione
745 2646 906 2675 conceptum.
923 2644 961 2675 ip-

186 2683 291 2707 samque
306 2683 410 2701 carnem
421 2677 499 2701 Verbi
511 2677 685 2702 incarnatione
699 2682 860 2711 conceptam.

1758 176 1796 205 87

1015 237 1145 268 instanti
1154 237 1370 278 conceptionis
1380 247 1495 269 verum
1511 239 1552 269 sit
1565 239 1670 270 dicere
1682 240 1798 272 Filium

1016 291 1069 322 Dei
1097 294 1286 331 conceptum
1319 301 1360 322 ex
1396 291 1527 331 Virgine
1541 316 1548 330 ‚
1579 302 1706 324 necesse
1741 295 1800 325 suit

1015 345 1111 375 etiam
1131 354 1248 385 corpus
1267 345 1305 376 acl
1332 345 1502 385 perfectam
1526 347 1799 386 organizationem

1016 408 1083 429 csse
1100 399 1285 429 deductum.

1058 452 1136 482 Item
1156 453 1319 492 conceptio
1341 452 1454 484 Christi
1478 453 1537 484 suit
1559 453 1678 485 virtute
1704 455 1802 485 mira-

1016 505 1082 543 bili,
1100 507 1131 536 et
1148 506 1334 536 mirabiliter
1351 509 1502 546 operante
1520 518 1526 538 :
1545 507 1598 537 sed
1622 508 1725 538 virtus
1741 508 1800 539 mi-

1016 558 1158 588 rabiliter
1171 568 1307 598 operans
1323 562 1369 590 cst
1386 560 1520 598 infinita,
1537 563 1567 591 et
1579 570 1715 600 operans
1732 561 1802 592 infi-

1019 611 1084 642 nite
1105 623 1110 642 :
1129 621 1208 651 ergo
1221 612 1349 643 videtur
1364 613 1448 654 quod
1464 615 1534 653 ejus
1548 615 1691 654 operatio
1706 614 1801 646 debe-

1015 667 1068 698 bat
1081 676 1146 697 uss-c
1163 667 1363 698 instantanea
1376 678 1382 698 :
1393 670 1423 698 ct
1438 668 1463 698 si
1475 668 1546 707 hoc,
1562 677 1678 709 corpus
1699 669 1801 700 domi-

1016 721 1126 752 nicum
1142 721 1174 751 in
1190 721 1323 752 instanti
1345 721 1379 752 in
1401 723 1539 762 perfecta
1559 723 1801 763 organizatione

1016 775 1075 806 suit
1091 775 1313 807 constitutum.

1294 904 1518 937 CONCLUSIO.

1018 986 1118 1021 Corpus
1134 986 1236 1014 Christi
1250 986 1284 1013 ab
1308 987 1428 1013 instanti
1441 993 1494 1013 suoe
1508 988 1690 1022 conceptionis
1711 987 1801 1015 subito

1051 1034 1108 1066 fuit
1133 1034 1298 1067 formatum,
1320 1035 1345 1060 et
1369 1033 1546 1060 membrorum
1569 1033 1665 1060 habuit
1690 1033 1802 1061 distinc-

1055 1079 1163 1104 tionem.

1058 1156 1149 1197 Resp.
1167 1157 1205 1187 ad
1221 1165 1292 1196 arg.
1312 1157 1485 1188 Dicendum
1503 1156 1590 1197 quod
1605 1157 1727 1197 absque
1739 1157 1802 1188 du-

1017 1210 1082 1248 bio,
1108 1211 1190 1241 sicut
1208 1211 1283 1241 dicit
1309 1211 1526 1251 Augustinus,
1553 1220 1668 1251 corpus
1685 1211 1798 1242 Christi

1016 1265 1056 1295 ab
1071 1264 1200 1295 instanti
1218 1265 1434 1305 conceptionis
1448 1265 1560 1295 babuit
1574 1265 1799 1305 perfectionem

1016 1319 1276 1358 organizationis.
1303 1318 1341 1349 Et
1363 1319 1444 1349 ratio
1466 1318 1568 1358 hujus
1588 1318 1674 1349 sumi
1698 1320 1800 1359 potest

1015 1382 1056 1404 ex
1071 1374 1160 1413 parte
1175 1372 1269 1404 Verbi
1284 1372 1487 1408 assumentis,
1498 1374 1582 1403 etex
1595 1374 1683 1413 parte
1697 1373 1799 1404 virtu-

1016 1427 1055 1458 tis
1067 1427 1242 1464 efficientis,
1261 1429 1343 1457 etex
1361 1428 1449 1466 parte
1465 1426 1608 1466 Virginis
1622 1426 1801 1466 concipien-

1015 1481 1065 1512 tis.
1093 1480 1140 1511 Ex
1166 1483 1255 1520 parte
1276 1479 1371 1511 Verbi
1395 1481 1608 1517 assumentis,
1633 1481 1709 1521 quia
1733 1489 1798 1511 non

1016 1535 1147 1565 decebat
1162 1534 1304 1565 Verbum
1326 1543 1488 1565 assumere
1507 1536 1630 1574 partem
1647 1534 1800 1566 humanae

1017 1591 1154 1624 naturae,
1172 1590 1202 1619 et
1221 1597 1287 1618 esse
1308 1588 1474 1618 homiuem
1498 1588 1676 1619 secundum
1700 1589 1796 1629 quid;

1016 1644 1069 1674 scd
1090 1645 1189 1673 totam
1211 1642 1389 1673 humanam
1414 1643 1582 1680 naturam,
1604 1643 1635 1673 et
1661 1642 1705 1673 ita
1729 1650 1799 1673 car-

1016 1706 1107 1735 nem,
1123 1698 1155 1726 et
1179 1696 1339 1734 animam,
1357 1696 1497 1726 maxime
1518 1704 1594 1726 cum
1616 1695 1725 1726 anima
1747 1695 1799 1726 det

1017 1750 1104 1780 carni
1118 1750 1366 1789 congruentiam
1379 1773 1387 1786 ,
1403 1752 1438 1779 ut
1455 1749 1587 1780 uniatur
1601 1758 1675 1780 cum
1689 1749 1799 1780 divina

1017 1806 1142 1841 natura,
1159 1803 1241 1834 sicut
1259 1806 1425 1835 ostensum
1440 1805 1487 1834 est
1503 1812 1600 1844 supra
1615 1806 1636 1833 ³.
1657 1803 1695 1834 Et
1716 1812 1797 1843 quo-

1017 1857 1106 1888 niam
1127 1858 1236 1888 anima
1257 1867 1322 1889 non
1343 1859 1389 1889 est
1412 1860 1487 1889 nata
1510 1857 1616 1894 uniri,
1632 1857 1693 1887 nisi
1711 1857 1798 1888 carni

1017 1913 1161 1943 formatae
1184 1915 1215 1943 et
1233 1913 1445 1952 organizatae3
1468 1912 1538 1943 ideo
1562 1912 1596 1942 in
1611 1911 1716 1952 primo
1732 1911 1800 1942 ins-

1017 1966 1095 1997 tanti
1111 1966 1324 2007 conceptionis
1338 1976 1465 1997 necesse
1480 1966 1540 1997 fnit
1551 1974 1667 2006 corpus
1683 1964 1798 1996 Christi

1017 2021 1055 2052 ad
1071 2021 1297 2061 perfectionem
1312 2019 1561 2060 organizationis
1577 2019 1717 2060 perduci.
1737 2019 1799 2049 Ra-

1018 2075 1062 2106 tio
1091 2075 1187 2105 etiam
1211 2076 1257 2105 cst
1287 2083 1327 2104 cx
1349 2076 1437 2114 parte
1461 2073 1591 2104 virtutis
1616 2073 1796 2113 operantis,

1017 2128 1093 2168 quia
1112 2128 1155 2158 ibi
1176 2128 1280 2159 virtus
1301 2128 1408 2159 divina
1430 2127 1620 2168 operabatur
1641 2126 1798 2158 mirabili-

1018 2185 1076 2213 ter.
1096 2182 1161 2213 Hoc
1175 2182 1262 2213 enim
1277 2184 1323 2213 est
1336 2181 1530 2212 miraculum
1546 2180 1775 2211 miraculorum
1789 2204 1796 2217 ,

1018 2236 1103 2277 quod
1116 2236 1235 2267 semina
1249 2235 1405 2276 concipiat
1420 2235 1533 2266 Deum.
1545 2234 1583 2265 Et
1597 2234 1667 2265 ideo
1681 2234 1719 2264 ad
1731 2242 1799 2264 suae

1018 2290 1174 2321 mirabilis
1195 2290 1346 2331 potentiae
1366 2289 1581 2321 ostensionem
1602 2288 1707 2319 subito
1731 2288 1799 2318 for-

1019 2345 1139 2376 mativa
1153 2345 1231 2376 illud
1247 2353 1373 2385 corpus,
1387 2344 1472 2384 quod
1488 2345 1604 2374 natura
1618 2351 1682 2373 non
1698 2344 1800 2382 potest

1019 2400 1169 2438 formare,
1185 2399 1244 2430 nisi
1269 2398 1457 2430 successive.
1479 2398 1568 2429 Ratio
1583 2406 1660 2429 vero
1678 2397 1800 2428 nihilo-

1019 2453 1128 2484 minus
1152 2456 1199 2484 est
1222 2462 1263 2484 ex
1289 2454 1377 2493 parte
1404 2452 1546 2492 Virginis
1571 2450 1797 2491 concipientis,

1019 2516 1103 2548 quae,
1120 2507 1225 2538 statim
1237 2509 1274 2538 ut
1288 2506 1458 2545 consensit,
1471 2505 1590 2546 repleta
1605 2505 1663 2536 suit
1677 2504 1798 2545 Spiritu

1019 2564 1139 2600 sancto,
1155 2564 1186 2593 et
1200 2561 1299 2593 Mater
1309 2561 1365 2592 Dei
1380 2560 1502 2598 effecta,
1512 2561 1607 2599 juxta
1618 2558 1697 2590 illud
1711 2559 1796 2599 quod

1052 2644 1059 2660 ¹
1074 2643 1140 2668 Helu·
1153 2662 1160 2674 ,
1183 2649 1211 2673 n,
1230 2645 1265 2667 Π.
1278 2655 1309 2660 —-·
1328 2644 1337 2658 ²
1357 2642 1409 2666 lino
1425 2641 1540 2671 Fulgent,
1555 2639 1584 2663 (Ie
1600 2639 1656 2664 Fr‘d.
1672 2639 1706 2663 nd
1719 2640 1797 2667 verr„

1020 2686 1130 2709 c.xv1n,
1144 2687 1169 2704 n.
1186 2681 1267 2703 61.-
1279 2679 1288 2695 ⁸
1302 2679 1365 2703 Dist.
1382 2683 1400 2708 t,
1414 2679 1463 2701 art.
1477 2678 1507 2706 2,
1523 2683 1548 2707 ιι.
1563 2682 1590 2700 n.
