<?xml version="1.0" encoding="UTF-8"?>
<!DOCTYPE html PUBLIC "-//W3C//DTD XHTML 1.0 Transitional//EN"
    "http://www.w3.org/TR/xhtml1/DTD/xhtml1-transitional.dtd">
<html xmlns="http://www.w3.org/1999/xhtml" xml:lang="en" lang="en">
 <head>
  <title>
</title>
<meta http-equiv="Content-Type" content="text/html;charset=utf-8" />
  <meta name='ocr-system' content='tesseract 3.04.00' />
  <meta name='ocr-capabilities' content='ocr_page ocr_carea ocr_par ocr_line ocrx_word'/>
</head>
<body>
  <div class='ocr_page' id='page_1' title='image "./operaomniasixtiv04bonauoft/operaomniasixtiv04bonauoft_0528.png"; bbox 0 0 2017 2960; ppageno 0'>
   <div class='ocr_carea' id='block_1_1' title="bbox 100 1397 195 1423">
    <p class='ocr_par' dir='ltr' id='par_1_1' title="bbox 100 1397 195 1423">
     <span class='ocr_line' id='line_1_1' title="bbox 100 1397 195 1423; baseline 0.011 -6"><span class='ocrx_word' id='word_1_1' title='bbox 100 1397 162 1423; x_wconf 57' lang='lat' dir='ltr'>typhi⁴</span> <span class='ocrx_word' id='word_1_2' title='bbox 178 1400 195 1418; x_wconf 81' lang='lat' dir='ltr'>t.</span> 
     </span>
    </p>
   </div>
   <div class='ocr_carea' id='block_1_2' title="bbox 237 194 295 225">
    <p class='ocr_par' dir='ltr' id='par_1_2' title="bbox 237 194 295 225">
     <span class='ocr_line' id='line_1_2' title="bbox 237 194 295 225; baseline 0 -1"><span class='ocrx_word' id='word_1_3' title='bbox 237 194 295 225; x_wconf 78' lang='lat'>506</span> 
     </span>
    </p>
   </div>
   <div class='ocr_carea' id='block_1_3' title="bbox 224 261 1000 619">
    <p class='ocr_par' dir='ltr' id='par_1_3' title="bbox 224 261 1000 619">
     <span class='ocr_line' id='line_1_3' title="bbox 228 261 1000 295; baseline 0.005 -4"><span class='ocrx_word' id='word_1_4' title='bbox 228 264 283 291; x_wconf 78' lang='lat' dir='ltr'>aut</span> <span class='ocrx_word' id='word_1_5' title='bbox 297 261 389 293; x_wconf 86' lang='lat' dir='ltr'>datur</span> <span class='ocrx_word' id='word_1_6' title='bbox 403 263 431 293; x_wconf 84' lang='lat' dir='ltr'>ei</span> <span class='ocrx_word' id='word_1_7' title='bbox 450 273 554 295; x_wconf 86' lang='lat' dir='ltr'>novus</span> <span class='ocrx_word' id='word_1_8' title='bbox 568 265 696 294; x_wconf 84' lang='lat' dir='ltr'>habitus</span> <span class='ocrx_word' id='word_1_9' title='bbox 710 264 781 294; x_wconf 85' lang='lat' dir='ltr'>fidei</span> <span class='ocrx_word' id='word_1_10' title='bbox 800 275 806 294; x_wconf 87' lang='lat'>:</span> <span class='ocrx_word' id='word_1_11' title='bbox 822 265 875 295; x_wconf 89' lang='lat' dir='ltr'>sed</span> <span class='ocrx_word' id='word_1_12' title='bbox 891 265 1000 295; x_wconf 84' lang='lat' dir='ltr'>infide-</span> 
     </span>
     <span class='ocr_line' id='line_1_4' title="bbox 226 314 1000 356; baseline 0.006 -12"><span class='ocrx_word' id='word_1_13' title='bbox 226 314 263 344; x_wconf 86' lang='lat' dir='ltr'>lis</span> <span class='ocrx_word' id='word_1_14' title='bbox 280 324 343 346; x_wconf 90' lang='lat' dir='ltr'>non</span> <span class='ocrx_word' id='word_1_15' title='bbox 359 317 513 354; x_wconf 70' lang='lat' dir='ltr'>efficitur,</span> <span class='ocrx_word' id='word_1_16' title='bbox 530 317 607 347; x_wconf 73' lang='lat' dir='ltr'>sicut</span> <span class='ocrx_word' id='word_1_17' title='bbox 632 319 732 356; x_wconf 79' lang='lat' dir='ltr'>patet,</span> <span class='ocrx_word' id='word_1_18' title='bbox 750 326 806 348; x_wconf 89' lang='lat' dir='ltr'>nec</span> <span class='ocrx_word' id='word_1_19' title='bbox 824 327 927 348; x_wconf 90' lang='lat' dir='ltr'>novus</span> <span class='ocrx_word' id='word_1_20' title='bbox 941 319 1000 349; x_wconf 84' lang='lat' dir='ltr'>ha-</span> 
     </span>
     <span class='ocr_line' id='line_1_5' title="bbox 226 368 998 410; baseline 0.004 -12"><span class='ocrx_word' id='word_1_21' title='bbox 226 368 311 399; x_wconf 86' lang='lat' dir='ltr'>bitus</span> <span class='ocrx_word' id='word_1_22' title='bbox 335 370 448 407; x_wconf 77' lang='lat' dir='ltr'>datur,</span> <span class='ocrx_word' id='word_1_23' title='bbox 465 371 539 409; x_wconf 82' lang='lat' dir='ltr'>quia</span> <span class='ocrx_word' id='word_1_24' title='bbox 562 378 625 399; x_wconf 90' lang='lat' dir='ltr'>non</span> <span class='ocrx_word' id='word_1_25' title='bbox 649 370 737 400; x_wconf 85' lang='lat' dir='ltr'>decet</span> <span class='ocrx_word' id='word_1_26' title='bbox 758 373 794 401; x_wconf 87' lang='lat' dir='ltr'>nt</span> <span class='ocrx_word' id='word_1_27' title='bbox 810 372 949 410; x_wconf 75' lang='lat' dir='ltr'>peccanti</span> <span class='ocrx_word' id='word_1_28' title='bbox 966 372 998 401; x_wconf 92' lang='lat' dir='ltr'>in</span> 
     </span>
     <span class='ocr_line' id='line_1_6' title="bbox 225 421 998 463; baseline 0.004 -12"><span class='ocrx_word' id='word_1_29' title='bbox 225 421 293 461; x_wconf 89' lang='lat' dir='ltr'>ipso</span> <span class='ocrx_word' id='word_1_30' title='bbox 315 425 386 453; x_wconf 78' lang='lat' dir='ltr'>actu</span> <span class='ocrx_word' id='word_1_31' title='bbox 412 423 527 461; x_wconf 81' lang='lat' dir='ltr'>peccati</span> <span class='ocrx_word' id='word_1_32' title='bbox 555 423 740 453; x_wconf 72' lang='lat' dir='ltr'>infundatur</span> <span class='ocrx_word' id='word_1_33' title='bbox 763 424 883 454; x_wconf 89' lang='lat' dir='ltr'>donum</span> <span class='ocrx_word' id='word_1_34' title='bbox 898 425 998 463; x_wconf 82' lang='lat' dir='ltr'>gratis</span> 
     </span>
     <span class='ocr_line' id='line_1_7' title="bbox 224 474 998 516; baseline 0.006 -13"><span class='ocrx_word' id='word_1_35' title='bbox 224 474 330 504; x_wconf 82' lang='lat' dir='ltr'>datum</span> <span class='ocrx_word' id='word_1_36' title='bbox 348 486 353 504; x_wconf 88' lang='lat'>:</span> <span class='ocrx_word' id='word_1_37' title='bbox 369 484 447 513; x_wconf 71' lang='lat' dir='ltr'>crgo</span> <span class='ocrx_word' id='word_1_38' title='bbox 464 484 527 505; x_wconf 87' lang='lat' dir='ltr'>non</span> <span class='ocrx_word' id='word_1_39' title='bbox 542 475 669 506; x_wconf 82' lang='lat' dir='ltr'>videtur</span> <span class='ocrx_word' id='word_1_40' title='bbox 685 477 769 516; x_wconf 86' lang='lat' dir='ltr'>quod</span> <span class='ocrx_word' id='word_1_41' title='bbox 785 477 912 507; x_wconf 86' lang='lat' dir='ltr'>habitus</span> <span class='ocrx_word' id='word_1_42' title='bbox 926 478 998 508; x_wconf 76' lang='lat' dir='ltr'>fidei</span> 
     </span>
     <span class='ocr_line' id='line_1_8' title="bbox 225 527 995 569; baseline 0.005 -12"><span class='ocrx_word' id='word_1_43' title='bbox 225 527 368 557; x_wconf 75' lang='lat' dir='ltr'>informis</span> <span class='ocrx_word' id='word_1_44' title='bbox 392 537 448 566; x_wconf 88' lang='lat' dir='ltr'>per</span> <span class='ocrx_word' id='word_1_45' title='bbox 473 529 611 566; x_wconf 77' lang='lat' dir='ltr'>gratiam</span> <span class='ocrx_word' id='word_1_46' title='bbox 637 530 913 569; x_wconf 72' lang='lat' dir='ltr'>supervenientem</span> <span class='ocrx_word' id='word_1_47' title='bbox 939 531 995 561; x_wconf 85' lang='lat' dir='ltr'>ha-</span> 
     </span>
     <span class='ocr_line' id='line_1_9' title="bbox 224 580 434 619; baseline 0 -10"><span class='ocrx_word' id='word_1_48' title='bbox 224 580 293 610; x_wconf 86' lang='lat' dir='ltr'>beat</span> <span class='ocrx_word' id='word_1_49' title='bbox 310 580 434 619; x_wconf 68' lang='lat' dir='ltr'>expelli.</span> 
     </span>
    </p>
   </div>
   <div class='ocr_carea' id='block_1_4' title="bbox 489 675 714 708">
    <p class='ocr_par' dir='ltr' id='par_1_4' title="bbox 489 675 714 708">
     <span class='ocr_line' id='line_1_10' title="bbox 489 675 714 708; baseline 0.004 -1"><span class='ocrx_word' id='word_1_50' title='bbox 489 675 714 708; x_wconf 87' lang='lat' dir='ltr'>CONCLUSIO.</span> 
     </span>
    </p>
   </div>
   <div class='ocr_carea' id='block_1_5' title="bbox 220 743 996 866">
    <p class='ocr_par' dir='ltr' id='par_1_5' title="bbox 220 743 996 866">
     <span class='ocr_line' id='line_1_11' title="bbox 220 743 996 783; baseline 0.008 -14"><span class='ocrx_word' id='word_1_51' title='bbox 220 743 296 770; x_wconf 75' lang='lat' dir='ltr'>fides</span> <span class='ocrx_word' id='word_1_52' title='bbox 312 745 436 776; x_wconf 76' lang='lat' dir='ltr'>informis</span> <span class='ocrx_word' id='word_1_53' title='bbox 450 753 498 779; x_wconf 82' lang='lat' dir='ltr'>per</span> <span class='ocrx_word' id='word_1_54' title='bbox 513 747 611 778; x_wconf 67' lang='lat' dir='ltr'>(pruti&#39;oe</span> <span class='ocrx_word' id='word_1_55' title='bbox 626 746 767 773; x_wconf 76' lang='lat' dir='ltr'>adventum</span> <span class='ocrx_word' id='word_1_56' title='bbox 785 755 836 774; x_wconf 78' lang='lat' dir='ltr'>non</span> <span class='ocrx_word' id='word_1_57' title='bbox 850 749 996 783; x_wconf 63' lang='lat' dir='ltr'>expellitur</span> 
     </span>
     <span class='ocr_line' id='line_1_12' title="bbox 256 787 996 823; baseline 0.009 -12"><span class='ocrx_word' id='word_1_58' title='bbox 256 789 386 820; x_wconf 77' lang='lat' dir='ltr'>quantum</span> <span class='ocrx_word' id='word_1_59' title='bbox 401 787 437 813; x_wconf 64' lang='lat'>&lt;111</span> <span class='ocrx_word' id='word_1_60' title='bbox 447 788 568 814; x_wconf 71' lang='lat' dir='ltr'>habitum</span> <span class='ocrx_word' id='word_1_61' title='bbox 586 791 710 823; x_wconf 78' lang='lat' dir='ltr'>etusum,</span> <span class='ocrx_word' id='word_1_62' title='bbox 726 789 771 816; x_wconf 81' lang='lat' dir='ltr'>secl</span> <span class='ocrx_word' id='word_1_63' title='bbox 784 793 918 822; x_wconf 75' lang='lat' dir='ltr'>renzanct;</span> <span class='ocrx_word' id='word_1_64' title='bbox 935 791 996 818; x_wconf 62' lang='lat' dir='ltr'>licet</span> 
     </span>
     <span class='ocr_line' id='line_1_13' title="bbox 257 832 667 866; baseline 0.007 -10"><span class='ocrx_word' id='word_1_65' title='bbox 257 832 416 858; x_wconf 62' lang='lat' dir='ltr'>excludatur</span> <span class='ocrx_word' id='word_1_66' title='bbox 430 832 518 865; x_wconf 73' lang='lat' dir='ltr'>quoad</span> <span class='ocrx_word' id='word_1_67' title='bbox 531 833 667 866; x_wconf 51' lang='lat' dir='ltr'>defectum.</span> 
     </span>
    </p>
   </div>
   <div class='ocr_carea' id='block_1_6' title="bbox 206 909 994 2597">
    <p class='ocr_par' dir='ltr' id='par_1_6' title="bbox 206 909 994 2597">
     <span class='ocr_line' id='line_1_14' title="bbox 260 909 994 954; baseline 0.01 -15"><span class='ocrx_word' id='word_1_68' title='bbox 260 909 354 949; x_wconf 78' lang='lat' dir='ltr'>Resp.</span> <span class='ocrx_word' id='word_1_69' title='bbox 367 910 405 940; x_wconf 88' lang='lat' dir='ltr'>ad</span> <span class='ocrx_word' id='word_1_70' title='bbox 421 920 491 950; x_wconf 86' lang='lat' dir='ltr'>arg.</span> <span class='ocrx_word' id='word_1_71' title='bbox 508 911 555 942; x_wconf 75' lang='lat' dir='ltr'>Ad</span> <span class='ocrx_word' id='word_1_72' title='bbox 572 912 795 952; x_wconf 67' lang='lat' dir='ltr'>praedictorum</span> <span class='ocrx_word' id='word_1_73' title='bbox 816 914 994 954; x_wconf 85' lang='lat' dir='ltr'>intelligen-</span> 
     </span>
     <span class='ocr_line' id='line_1_15' title="bbox 218 963 992 1006; baseline 0.008 -13"><span class='ocrx_word' id='word_1_74' title='bbox 218 963 292 993; x_wconf 79' lang='lat' dir='ltr'>tiam</span> <span class='ocrx_word' id='word_1_75' title='bbox 317 966 361 994; x_wconf 81' lang='lat' dir='ltr'>est</span> <span class='ocrx_word' id='word_1_76' title='bbox 388 965 583 1002; x_wconf 82' lang='lat' dir='ltr'>notandum,</span> <span class='ocrx_word' id='word_1_77' title='bbox 605 966 690 1006; x_wconf 92' lang='lat' dir='ltr'>quod</span> <span class='ocrx_word' id='word_1_78' title='bbox 714 976 788 997; x_wconf 85' lang='lat' dir='ltr'>cnm</span> <span class='ocrx_word' id='word_1_79' title='bbox 804 967 873 998; x_wconf 90' lang='lat' dir='ltr'>dico</span> <span class='ocrx_word' id='word_1_80' title='bbox 897 968 992 999; x_wconf 84' lang='lat' dir='ltr'>fidem</span> 
     </span>
     <span class='ocr_line' id='line_1_16' title="bbox 217 1015 992 1059; baseline 0.009 -14"><span class='ocrx_word' id='word_1_81' title='bbox 217 1015 386 1046; x_wconf 78' lang='lat' dir='ltr'>insomnem</span> <span class='ocrx_word' id='word_1_82' title='bbox 400 1041 407 1053; x_wconf 92' lang='lat'><em>,</em></span> <span class='ocrx_word' id='word_1_83' title='bbox 425 1017 496 1048; x_wconf 88' lang='lat' dir='ltr'>dico</span> <span class='ocrx_word' id='word_1_84' title='bbox 516 1017 576 1048; x_wconf 78' lang='lat' dir='ltr'>tria</span> <span class='ocrx_word' id='word_1_85' title='bbox 590 1042 598 1056; x_wconf 88' lang='lat'>,</span> <span class='ocrx_word' id='word_1_86' title='bbox 615 1018 759 1050; x_wconf 86' lang='lat' dir='ltr'>videlicet</span> <span class='ocrx_word' id='word_1_87' title='bbox 780 1020 925 1051; x_wconf 89' lang='lat' dir='ltr'>habitum</span> <span class='ocrx_word' id='word_1_88' title='bbox 938 1046 945 1059; x_wconf 83' lang='lat'>‚</span> <span class='ocrx_word' id='word_1_89' title='bbox 962 1025 992 1052; x_wconf 87' lang='lat' dir='ltr'>et</span> 
     </span>
     <span class='ocr_line' id='line_1_17' title="bbox 216 1069 988 1109; baseline 0.008 -10"><span class='ocrx_word' id='word_1_90' title='bbox 216 1069 315 1109; x_wconf 79' lang='lat' dir='ltr'>ipsius</span> <span class='ocrx_word' id='word_1_91' title='bbox 330 1070 458 1101; x_wconf 85' lang='lat' dir='ltr'>habitus</span> <span class='ocrx_word' id='word_1_92' title='bbox 472 1080 578 1109; x_wconf 82' lang='lat' dir='ltr'>usum⁷</span> <span class='ocrx_word' id='word_1_93' title='bbox 594 1074 625 1102; x_wconf 85' lang='lat' dir='ltr'>et</span> <span class='ocrx_word' id='word_1_94' title='bbox 640 1072 798 1103; x_wconf 85' lang='lat' dir='ltr'>defectum</span> <span class='ocrx_word' id='word_1_95' title='bbox 814 1083 988 1106; x_wconf 81' lang='lat' dir='ltr'>annexum.</span> 
     </span>
     <span class='ocr_line' id='line_1_18' title="bbox 217 1121 991 1167; baseline 0.009 -15"><span class='ocrx_word' id='word_1_96' title='bbox 217 1121 253 1153; x_wconf 89' lang='lat' dir='ltr'>Et</span> <span class='ocrx_word' id='word_1_97' title='bbox 268 1126 423 1162; x_wconf 84' lang='lat' dir='ltr'>quantum</span> <span class='ocrx_word' id='word_1_98' title='bbox 439 1125 478 1155; x_wconf 85' lang='lat' dir='ltr'>ad</span> <span class='ocrx_word' id='word_1_99' title='bbox 492 1125 560 1156; x_wconf 82' lang='lat' dir='ltr'>liaec</span> <span class='ocrx_word' id='word_1_100' title='bbox 573 1125 633 1156; x_wconf 87' lang='lat' dir='ltr'>tria</span> <span class='ocrx_word' id='word_1_101' title='bbox 649 1128 749 1166; x_wconf 88' lang='lat' dir='ltr'>potest</span> <span class='ocrx_word' id='word_1_102' title='bbox 766 1127 930 1167; x_wconf 69' lang='lat' dir='ltr'>tripliciter</span> <span class='ocrx_word' id='word_1_103' title='bbox 946 1128 991 1160; x_wconf 94' lang='lat' dir='ltr'>in-</span> 
     </span>
     <span class='ocr_line' id='line_1_19' title="bbox 215 1177 989 1220; baseline 0.009 -14"><span class='ocrx_word' id='word_1_104' title='bbox 215 1177 315 1215; x_wconf 84' lang='lat' dir='ltr'>telligi</span> <span class='ocrx_word' id='word_1_105' title='bbox 328 1200 337 1214; x_wconf 85' lang='lat'><em>,</em></span> <span class='ocrx_word' id='word_1_106' title='bbox 354 1178 438 1216; x_wconf 90' lang='lat' dir='ltr'>quod</span> <span class='ocrx_word' id='word_1_107' title='bbox 455 1179 533 1209; x_wconf 79' lang='lat' dir='ltr'>fides</span> <span class='ocrx_word' id='word_1_108' title='bbox 547 1179 692 1210; x_wconf 88' lang='lat' dir='ltr'>informis</span> <span class='ocrx_word' id='word_1_109' title='bbox 708 1181 886 1220; x_wconf 77' lang='lat' dir='ltr'>expellatur</span> <span class='ocrx_word' id='word_1_110' title='bbox 897 1206 904 1219; x_wconf 79' lang='grc'>,</span> <span class='ocrx_word' id='word_1_111' title='bbox 921 1182 989 1213; x_wconf 90' lang='lat' dir='ltr'>sive</span> 
     </span>
     <span class='ocr_line' id='line_1_20' title="bbox 213 1233 990 1272; baseline 0.009 -13"><span class='ocrx_word' id='word_1_112' title='bbox 213 1233 387 1261; x_wconf 75' lang='lat' dir='ltr'>evacuetur</span> <span class='ocrx_word' id='word_1_113' title='bbox 403 1241 459 1270; x_wconf 89' lang='lat' dir='ltr'>per</span> <span class='ocrx_word' id='word_1_114' title='bbox 478 1233 616 1270; x_wconf 78' lang='lat' dir='ltr'>gratiam</span> <span class='ocrx_word' id='word_1_115' title='bbox 641 1234 933 1272; x_wconf 75' lang='lat' dir='ltr'>supervenientem.</span> <span class='ocrx_word' id='word_1_116' title='bbox 951 1235 990 1266; x_wconf 89' lang='lat' dir='ltr'>Et</span> 
     </span>
     <span class='ocr_line' id='line_1_21' title="bbox 214 1281 985 1322; baseline 0.008 -12"><span class='ocrx_word' id='word_1_117' title='bbox 214 1281 393 1311; x_wconf 81' lang='lat' dir='ltr'>secundum</span> <span class='ocrx_word' id='word_1_118' title='bbox 418 1281 505 1312; x_wconf 88' lang='lat' dir='ltr'>hunc</span> <span class='ocrx_word' id='word_1_119' title='bbox 527 1283 681 1322; x_wconf 78' lang='lat' dir='ltr'>triplicem</span> <span class='ocrx_word' id='word_1_120' title='bbox 709 1285 841 1315; x_wconf 88' lang='lat' dir='ltr'>modum</span> <span class='ocrx_word' id='word_1_121' title='bbox 872 1286 985 1316; x_wconf 89' lang='lat' dir='ltr'>intelli-</span> 
     </span>
     <span class='ocr_line' id='line_1_22' title="bbox 214 1334 985 1378; baseline 0.009 -16"><span class='ocrx_word' id='word_1_122' title='bbox 214 1334 308 1372; x_wconf 87' lang='lat' dir='ltr'>gendi</span> <span class='ocrx_word' id='word_1_123' title='bbox 322 1358 331 1371; x_wconf 91' lang='lat'><em>,</em></span> <span class='ocrx_word' id='word_1_124' title='bbox 359 1336 422 1364; x_wconf 84' lang='lat' dir='ltr'>tres</span> <span class='ocrx_word' id='word_1_125' title='bbox 450 1336 580 1366; x_wconf 84' lang='lat' dir='ltr'>fuerunt</span> <span class='ocrx_word' id='word_1_126' title='bbox 611 1337 691 1367; x_wconf 86' lang='lat' dir='ltr'>circa</span> <span class='ocrx_word' id='word_1_127' title='bbox 723 1338 782 1368; x_wconf 84' lang='lat' dir='ltr'>hoc</span> <span class='ocrx_word' id='word_1_128' title='bbox 810 1339 985 1378; x_wconf 79' lang='lat' dir='ltr'>opiniones.</span> 
     </span>
     <span class='ocr_line' id='line_1_23' title="bbox 214 1387 987 1431; baseline 0.009 -15"><span class='ocrx_word' id='word_1_129' title='bbox 214 1387 349 1423; x_wconf 76' lang='lat' dir='ltr'>Quidam</span> <span class='ocrx_word' id='word_1_130' title='bbox 372 1397 511 1427; x_wconf 87' lang='lat' dir='ltr'>namque</span> <span class='ocrx_word' id='word_1_131' title='bbox 535 1389 639 1420; x_wconf 88' lang='lat' dir='ltr'>dicere</span> <span class='ocrx_word' id='word_1_132' title='bbox 662 1391 848 1430; x_wconf 78' lang='lat' dir='ltr'>voluerunt,</span> <span class='ocrx_word' id='word_1_133' title='bbox 869 1393 952 1431; x_wconf 89' lang='lat' dir='ltr'>quod</span> <span class='ocrx_word' id='word_1_134' title='bbox 969 1403 987 1423; x_wconf 86' lang='lat' dir='ltr'>a</span> 
     </span>
     <span class='ocr_line' id='line_1_24' title="bbox 213 1441 985 1485; baseline 0.009 -16"><span class='ocrx_word' id='word_1_135' title='bbox 213 1441 317 1479; x_wconf 85' lang='lat' dir='ltr'>gratia</span> <span class='ocrx_word' id='word_1_136' title='bbox 341 1442 585 1480; x_wconf 79' lang='lat' dir='ltr'>superveniente</span> <span class='ocrx_word' id='word_1_137' title='bbox 600 1443 677 1473; x_wconf 89' lang='lat' dir='ltr'>fides</span> <span class='ocrx_word' id='word_1_138' title='bbox 695 1443 839 1474; x_wconf 80' lang='lat' dir='ltr'>informis</span> <span class='ocrx_word' id='word_1_139' title='bbox 854 1446 985 1485; x_wconf 80' lang='lat' dir='ltr'>expelli-</span> 
     </span>
     <span class='ocr_line' id='line_1_25' title="bbox 212 1494 984 1534; baseline 0.009 -11"><span class='ocrx_word' id='word_1_140' title='bbox 212 1496 264 1523; x_wconf 85' lang='lat' dir='ltr'>tur</span> <span class='ocrx_word' id='word_1_141' title='bbox 280 1503 344 1524; x_wconf 87' lang='lat' dir='ltr'>non</span> <span class='ocrx_word' id='word_1_142' title='bbox 362 1494 465 1524; x_wconf 86' lang='lat' dir='ltr'>solum</span> <span class='ocrx_word' id='word_1_143' title='bbox 483 1496 641 1534; x_wconf 85' lang='lat' dir='ltr'>quantum</span> <span class='ocrx_word' id='word_1_144' title='bbox 661 1496 700 1526; x_wconf 88' lang='lat' dir='ltr'>ad</span> <span class='ocrx_word' id='word_1_145' title='bbox 716 1497 917 1528; x_wconf 71' lang='lat' dir='ltr'>informitatis</span> <span class='ocrx_word' id='word_1_146' title='bbox 931 1499 984 1530; x_wconf 87' lang='lat' dir='ltr'>de-</span> 
     </span>
     <span class='ocr_line' id='line_1_26' title="bbox 210 1547 987 1590; baseline 0.008 -13"><span class='ocrx_word' id='word_1_147' title='bbox 210 1547 346 1585; x_wconf 85' lang='lat' dir='ltr'>fectum,</span> <span class='ocrx_word' id='word_1_148' title='bbox 371 1548 425 1578; x_wconf 85' lang='lat' dir='ltr'>sed</span> <span class='ocrx_word' id='word_1_149' title='bbox 450 1548 545 1578; x_wconf 88' lang='lat' dir='ltr'>etiam</span> <span class='ocrx_word' id='word_1_150' title='bbox 570 1552 730 1588; x_wconf 87' lang='lat' dir='ltr'>quantum</span> <span class='ocrx_word' id='word_1_151' title='bbox 755 1551 793 1581; x_wconf 87' lang='lat' dir='ltr'>ad</span> <span class='ocrx_word' id='word_1_152' title='bbox 819 1561 934 1590; x_wconf 85' lang='lat' dir='ltr'>usum,</span> <span class='ocrx_word' id='word_1_153' title='bbox 956 1555 987 1584; x_wconf 85' lang='lat' dir='ltr'>et</span> 
     </span>
     <span class='ocr_line' id='line_1_27' title="bbox 209 1601 984 1643; baseline 0.008 -13"><span class='ocrx_word' id='word_1_154' title='bbox 209 1603 368 1640; x_wconf 86' lang='lat' dir='ltr'>quantum</span> <span class='ocrx_word' id='word_1_155' title='bbox 383 1601 422 1631; x_wconf 87' lang='lat' dir='ltr'>ad</span> <span class='ocrx_word' id='word_1_156' title='bbox 441 1601 599 1633; x_wconf 86' lang='lat' dir='ltr'>habitum.</span> <span class='ocrx_word' id='word_1_157' title='bbox 616 1602 654 1633; x_wconf 90' lang='lat' dir='ltr'>Et</span> <span class='ocrx_word' id='word_1_158' title='bbox 670 1603 730 1633; x_wconf 82' lang='lat' dir='ltr'>hoc</span> <span class='ocrx_word' id='word_1_159' title='bbox 744 1604 873 1643; x_wconf 88' lang='lat' dir='ltr'>quidem</span> <span class='ocrx_word' id='word_1_160' title='bbox 895 1605 984 1636; x_wconf 84' lang='lat' dir='ltr'>dixe-</span> 
     </span>
     <span class='ocr_line' id='line_1_28' title="bbox 211 1655 986 1697; baseline 0.009 -14"><span class='ocrx_word' id='word_1_161' title='bbox 211 1656 285 1684; x_wconf 88' lang='lat' dir='ltr'>runt</span> <span class='ocrx_word' id='word_1_162' title='bbox 299 1657 475 1694; x_wconf 86' lang='lat' dir='ltr'>propterea,</span> <span class='ocrx_word' id='word_1_163' title='bbox 487 1655 562 1694; x_wconf 86' lang='lat' dir='ltr'>quia</span> <span class='ocrx_word' id='word_1_164' title='bbox 579 1657 682 1695; x_wconf 86' lang='lat' dir='ltr'>gratia</span> <span class='ocrx_word' id='word_1_165' title='bbox 698 1660 928 1697; x_wconf 89' lang='lat' dir='ltr'>superveniens</span> <span class='ocrx_word' id='word_1_166' title='bbox 941 1669 986 1690; x_wconf 87' lang='lat' dir='ltr'>se-</span> 
     </span>
     <span class='ocr_line' id='line_1_29' title="bbox 209 1706 986 1748; baseline 0.009 -14"><span class='ocrx_word' id='word_1_167' title='bbox 209 1714 283 1734; x_wconf 89' lang='lat' dir='ltr'>cum</span> <span class='ocrx_word' id='word_1_168' title='bbox 309 1706 366 1735; x_wconf 84' lang='lat' dir='ltr'>fert</span> <span class='ocrx_word' id='word_1_169' title='bbox 390 1715 501 1736; x_wconf 90' lang='lat' dir='ltr'>omnes</span> <span class='ocrx_word' id='word_1_170' title='bbox 524 1707 656 1737; x_wconf 88' lang='lat' dir='ltr'>virtutes</span> <span class='ocrx_word' id='word_1_171' title='bbox 673 1718 680 1738; x_wconf 72' lang='grc' dir='ltr'>ε</span> <span class='ocrx_word' id='word_1_172' title='bbox 697 1710 727 1738; x_wconf 89' lang='lat' dir='ltr'>et</span> <span class='ocrx_word' id='word_1_173' title='bbox 751 1709 826 1748; x_wconf 86' lang='lat' dir='ltr'>quia</span> <span class='ocrx_word' id='word_1_174' title='bbox 850 1719 913 1740; x_wconf 91' lang='lat' dir='ltr'>non</span> <span class='ocrx_word' id='word_1_175' title='bbox 940 1714 986 1742; x_wconf 87' lang='lat' dir='ltr'>est</span> 
     </span>
     <span class='ocr_line' id='line_1_30' title="bbox 210 1761 982 1799; baseline 0.009 -11"><span class='ocrx_word' id='word_1_176' title='bbox 210 1761 446 1798; x_wconf 79' lang='lat' dir='ltr'>opportunum⁷</span> <span class='ocrx_word' id='word_1_177' title='bbox 464 1768 521 1789; x_wconf 88' lang='lat' dir='ltr'>nec</span> <span class='ocrx_word' id='word_1_178' title='bbox 545 1762 589 1789; x_wconf 92' lang='lat' dir='ltr'>est</span> <span class='ocrx_word' id='word_1_179' title='bbox 612 1761 759 1799; x_wconf 85' lang='lat' dir='ltr'>possibile</span> <span class='ocrx_word' id='word_1_180' title='bbox 774 1762 807 1792; x_wconf 89' lang='lat' dir='ltr'>in</span> <span class='ocrx_word' id='word_1_181' title='bbox 822 1772 888 1793; x_wconf 87' lang='lat' dir='ltr'>uno</span> <span class='ocrx_word' id='word_1_182' title='bbox 904 1766 933 1794; x_wconf 88' lang='lat' dir='ltr'>et</span> <span class='ocrx_word' id='word_1_183' title='bbox 950 1765 982 1794; x_wconf 90' lang='lat' dir='ltr'>in</span> 
     </span>
     <span class='ocr_line' id='line_1_31' title="bbox 208 1812 985 1850; baseline 0.01 -9"><span class='ocrx_word' id='word_1_184' title='bbox 208 1812 318 1842; x_wconf 89' lang='lat' dir='ltr'>eodem</span> <span class='ocrx_word' id='word_1_185' title='bbox 342 1822 409 1842; x_wconf 81' lang='lat' dir='ltr'>esse</span> <span class='ocrx_word' id='word_1_186' title='bbox 433 1813 510 1843; x_wconf 88' lang='lat' dir='ltr'>fides</span> <span class='ocrx_word' id='word_1_187' title='bbox 535 1813 628 1850; x_wconf 84' lang='lat' dir='ltr'>duas,</span> <span class='ocrx_word' id='word_1_188' title='bbox 654 1824 728 1844; x_wconf 87' lang='lat' dir='ltr'>cum</span> <span class='ocrx_word' id='word_1_189' title='bbox 753 1816 830 1847; x_wconf 89' lang='lat' dir='ltr'>fides</span> <span class='ocrx_word' id='word_1_190' title='bbox 850 1818 985 1849; x_wconf 85' lang='lat' dir='ltr'>formata</span> 
     </span>
     <span class='ocr_line' id='line_1_32' title="bbox 208 1865 984 1908; baseline 0.01 -14"><span class='ocrx_word' id='word_1_191' title='bbox 208 1865 478 1904; x_wconf 82' lang='lat' dir='ltr'>superinducatur</span> <span class='ocrx_word' id='word_1_192' title='bbox 493 1875 569 1896; x_wconf 89' lang='lat' dir='ltr'>cum</span> <span class='ocrx_word' id='word_1_193' title='bbox 583 1867 703 1905; x_wconf 80' lang='lat' dir='ltr'>gratia,</span> <span class='ocrx_word' id='word_1_194' title='bbox 721 1871 752 1898; x_wconf 86' lang='lat' dir='ltr'>et</span> <span class='ocrx_word' id='word_1_195' title='bbox 767 1872 926 1908; x_wconf 86' lang='lat' dir='ltr'>quantum</span> <span class='ocrx_word' id='word_1_196' title='bbox 946 1872 984 1902; x_wconf 83' lang='lat' dir='ltr'>ad</span> 
     </span>
     <span class='ocr_line' id='line_1_33' title="bbox 207 1919 983 1961; baseline 0.006 -11"><span class='ocrx_word' id='word_1_197' title='bbox 207 1921 320 1950; x_wconf 82' lang='lat' dir='ltr'>sormae</span> <span class='ocrx_word' id='word_1_198' title='bbox 358 1919 629 1958; x_wconf 82' lang='lat' dir='ltr'>complementum</span> <span class='ocrx_word' id='word_1_199' title='bbox 645 1943 654 1958; x_wconf 86' lang='lat'><em>,</em></span> <span class='ocrx_word' id='word_1_200' title='bbox 689 1923 720 1951; x_wconf 88' lang='lat' dir='ltr'>et</span> <span class='ocrx_word' id='word_1_201' title='bbox 753 1926 911 1961; x_wconf 87' lang='lat' dir='ltr'>quantum</span> <span class='ocrx_word' id='word_1_202' title='bbox 945 1924 983 1955; x_wconf 87' lang='lat' dir='ltr'>ad</span> 
     </span>
     <span class='ocr_line' id='line_1_34' title="bbox 210 1973 984 2017; baseline 0.009 -16"><span class='ocrx_word' id='word_1_203' title='bbox 210 1981 316 2009; x_wconf 77' lang='lat' dir='ltr'>nsum⁷</span> <span class='ocrx_word' id='word_1_204' title='bbox 330 1975 359 2002; x_wconf 82' lang='lat' dir='ltr'>et</span> <span class='ocrx_word' id='word_1_205' title='bbox 375 1974 531 2011; x_wconf 86' lang='lat' dir='ltr'>quantum</span> <span class='ocrx_word' id='word_1_206' title='bbox 543 1974 580 2003; x_wconf 86' lang='lat' dir='ltr'>ad</span> <span class='ocrx_word' id='word_1_207' title='bbox 597 1973 743 2004; x_wconf 84' lang='lat' dir='ltr'>habitum</span> <span class='ocrx_word' id='word_1_208' title='bbox 757 1986 764 2012; x_wconf 79' lang='lat'><em>3</em></span> <span class='ocrx_word' id='word_1_209' title='bbox 779 1976 849 2007; x_wconf 91' lang='lat' dir='ltr'>ideo</span> <span class='ocrx_word' id='word_1_210' title='bbox 863 1977 899 2007; x_wconf 90' lang='lat' dir='ltr'>ad</span> <span class='ocrx_word' id='word_1_211' title='bbox 914 1979 984 2017; x_wconf 75' lang='lat' dir='ltr'>eJus</span> 
     </span>
     <span class='ocr_line' id='line_1_35' title="bbox 210 2025 981 2069; baseline 0.012 -16"><span class='ocrx_word' id='word_1_212' title='bbox 210 2025 392 2063; x_wconf 86' lang='lat' dir='ltr'>ingressum</span> <span class='ocrx_word' id='word_1_213' title='bbox 404 2025 480 2055; x_wconf 82' lang='lat' dir='ltr'>tides</span> <span class='ocrx_word' id='word_1_214' title='bbox 493 2025 638 2056; x_wconf 72' lang='lat' dir='ltr'>Informis</span> <span class='ocrx_word' id='word_1_215' title='bbox 649 2028 782 2058; x_wconf 89' lang='lat' dir='ltr'>omnino</span> <span class='ocrx_word' id='word_1_216' title='bbox 793 2030 981 2069; x_wconf 79' lang='lat' dir='ltr'>expellitur:</span> 
     </span>
     <span class='ocr_line' id='line_1_36' title="bbox 209 2078 984 2123; baseline 0.009 -16"><span class='ocrx_word' id='word_1_217' title='bbox 209 2080 239 2108; x_wconf 88' lang='lat' dir='ltr'>et</span> <span class='ocrx_word' id='word_1_218' title='bbox 254 2078 298 2108; x_wconf 84' lang='lat' dir='ltr'>sic</span> <span class='ocrx_word' id='word_1_219' title='bbox 314 2080 436 2118; x_wconf 87' lang='lat' dir='ltr'>ponunt</span> <span class='ocrx_word' id='word_1_220' title='bbox 451 2087 520 2108; x_wconf 88' lang='lat' dir='ltr'>eam</span> <span class='ocrx_word' id='word_1_221' title='bbox 538 2079 652 2118; x_wconf 72' lang='lat' dir='ltr'>expelli</span> <span class='ocrx_word' id='word_1_222' title='bbox 669 2083 796 2120; x_wconf 88' lang='lat' dir='ltr'>propter</span> <span class='ocrx_word' id='word_1_223' title='bbox 810 2082 984 2123; x_wconf 80' lang='lat' dir='ltr'>incompos-</span> 
     </span>
     <span class='ocr_line' id='line_1_37' title="bbox 207 2131 981 2176; baseline 0.009 -16"><span class='ocrx_word' id='word_1_224' title='bbox 207 2131 389 2161; x_wconf 84' lang='lat' dir='ltr'>sibilitatem</span> <span class='ocrx_word' id='word_1_225' title='bbox 407 2133 436 2161; x_wconf 86' lang='lat' dir='ltr'>ct</span> <span class='ocrx_word' id='word_1_226' title='bbox 454 2132 620 2162; x_wconf 89' lang='lat' dir='ltr'>unitatem.</span> <span class='ocrx_word' id='word_1_227' title='bbox 637 2132 674 2163; x_wconf 86' lang='lat' dir='ltr'>Et</span> <span class='ocrx_word' id='word_1_228' title='bbox 692 2134 765 2164; x_wconf 91' lang='lat' dir='ltr'>situ</span> <span class='ocrx_word' id='word_1_229' title='bbox 782 2136 910 2175; x_wconf 82' lang='lat' dir='ltr'>objicias</span> <span class='ocrx_word' id='word_1_230' title='bbox 926 2138 981 2176; x_wconf 85' lang='lat' dir='ltr'>eis,</span> 
     </span>
     <span class='ocr_line' id='line_1_38' title="bbox 207 2184 981 2230; baseline 0.009 -16"><span class='ocrx_word' id='word_1_231' title='bbox 207 2184 294 2224; x_wconf 89' lang='lat' dir='ltr'>quod</span> <span class='ocrx_word' id='word_1_232' title='bbox 310 2187 384 2215; x_wconf 88' lang='lat' dir='ltr'>tunc</span> <span class='ocrx_word' id='word_1_233' title='bbox 400 2194 455 2224; x_wconf 87' lang='lat' dir='ltr'>per</span> <span class='ocrx_word' id='word_1_234' title='bbox 472 2185 598 2225; x_wconf 79' lang='lat' dir='ltr'>culpam</span> <span class='ocrx_word' id='word_1_235' title='bbox 614 2187 703 2217; x_wconf 86' lang='lat' dir='ltr'>fieret</span> <span class='ocrx_word' id='word_1_236' title='bbox 718 2188 815 2218; x_wconf 86' lang='lat' dir='ltr'>homo</span> <span class='ocrx_word' id='word_1_237' title='bbox 833 2189 981 2230; x_wconf 85' lang='lat' dir='ltr'>infidelis,</span> 
     </span>
     <span class='ocr_line' id='line_1_39' title="bbox 209 2238 983 2281; baseline 0.009 -14"><span class='ocrx_word' id='word_1_238' title='bbox 209 2238 403 2277; x_wconf 87' lang='lat' dir='ltr'>respondent</span> <span class='ocrx_word' id='word_1_239' title='bbox 419 2239 566 2276; x_wconf 71' lang='lat' dir='ltr'>breviter,</span> <span class='ocrx_word' id='word_1_240' title='bbox 578 2240 661 2278; x_wconf 88' lang='lat' dir='ltr'>quod</span> <span class='ocrx_word' id='word_1_241' title='bbox 676 2240 757 2271; x_wconf 84' lang='lat' dir='ltr'>Deus</span> <span class='ocrx_word' id='word_1_242' title='bbox 771 2251 828 2272; x_wconf 81' lang='lat' dir='ltr'>sua</span> <span class='ocrx_word' id='word_1_243' title='bbox 842 2245 983 2281; x_wconf 81' lang='lat' dir='ltr'>gratuita</span> 
     </span>
     <span class='ocr_line' id='line_1_40' title="bbox 207 2293 981 2334; baseline 0.01 -12"><span class='ocrx_word' id='word_1_244' title='bbox 207 2293 363 2330; x_wconf 77' lang='lat' dir='ltr'>bonitate,</span> <span class='ocrx_word' id='word_1_245' title='bbox 381 2303 444 2333; x_wconf 85' lang='lat' dir='ltr'>qua</span> <span class='ocrx_word' id='word_1_246' title='bbox 464 2303 530 2324; x_wconf 91' lang='lat' dir='ltr'>non</span> <span class='ocrx_word' id='word_1_247' title='bbox 553 2296 706 2334; x_wconf 87' lang='lat' dir='ltr'>permittit</span> <span class='ocrx_word' id='word_1_248' title='bbox 721 2297 885 2329; x_wconf 88' lang='lat' dir='ltr'>hominem</span> <span class='ocrx_word' id='word_1_249' title='bbox 904 2302 981 2330; x_wconf 88' lang='lat' dir='ltr'>tota-</span> 
     </span>
     <span class='ocr_line' id='line_1_41' title="bbox 206 2345 982 2385; baseline 0.009 -9"><span class='ocrx_word' id='word_1_250' title='bbox 206 2345 277 2377; x_wconf 87' lang='lat' dir='ltr'>liter</span> <span class='ocrx_word' id='word_1_251' title='bbox 292 2347 419 2385; x_wconf 79' lang='lat' dir='ltr'>cadere,</span> <span class='ocrx_word' id='word_1_252' title='bbox 437 2347 576 2378; x_wconf 73' lang='lat' dir='ltr'>infundit</span> <span class='ocrx_word' id='word_1_253' title='bbox 592 2350 619 2378; x_wconf 88' lang='lat' dir='ltr'>ei</span> <span class='ocrx_word' id='word_1_254' title='bbox 639 2349 783 2381; x_wconf 86' lang='lat' dir='ltr'>habitum</span> <span class='ocrx_word' id='word_1_255' title='bbox 803 2351 871 2382; x_wconf 90' lang='lat' dir='ltr'>fidei</span> <span class='ocrx_word' id='word_1_256' title='bbox 888 2353 982 2383; x_wconf 86' lang='lat' dir='ltr'>infor·</span> 
     </span>
     <span class='ocr_line' id='line_1_42' title="bbox 207 2399 980 2440; baseline 0.01 -12"><span class='ocrx_word' id='word_1_257' title='bbox 207 2399 282 2436; x_wconf 87' lang='lat' dir='ltr'>mis,</span> <span class='ocrx_word' id='word_1_258' title='bbox 297 2409 336 2430; x_wconf 92' lang='lat' dir='ltr'>ne</span> <span class='ocrx_word' id='word_1_259' title='bbox 351 2400 483 2430; x_wconf 90' lang='lat' dir='ltr'>omnino</span> <span class='ocrx_word' id='word_1_260' title='bbox 498 2403 604 2440; x_wconf 86' lang='lat' dir='ltr'>pereat</span> <span class='ocrx_word' id='word_1_261' title='bbox 622 2402 655 2431; x_wconf 90' lang='lat' dir='ltr'>in</span> <span class='ocrx_word' id='word_1_262' title='bbox 678 2411 715 2432; x_wconf 91' lang='lat' dir='ltr'>eo</span> <span class='ocrx_word' id='word_1_263' title='bbox 736 2403 980 2436; x_wconf 84' lang='lat' dir='ltr'>fundamentum</span> 
     </span>
     <span class='ocr_line' id='line_1_43' title="bbox 207 2452 979 2491; baseline 0.012 -10"><span class='ocrx_word' id='word_1_264' title='bbox 207 2452 378 2491; x_wconf 87' lang='lat' dir='ltr'>spiritualis</span> <span class='ocrx_word' id='word_1_265' title='bbox 391 2453 529 2484; x_wconf 75' lang='lat' dir='ltr'>aedificii.</span> <span class='ocrx_word' id='word_1_266' title='bbox 550 2453 635 2485; x_wconf 83' lang='lat' dir='ltr'>Unde</span> <span class='ocrx_word' id='word_1_267' title='bbox 650 2455 730 2486; x_wconf 83' lang='lat' dir='ltr'>sicut</span> <span class='ocrx_word' id='word_1_268' title='bbox 751 2465 790 2486; x_wconf 72' lang='lat' dir='ltr'>ex</span> <span class='ocrx_word' id='word_1_269' title='bbox 812 2458 905 2488; x_wconf 85' lang='lat' dir='ltr'>malis</span> <span class='ocrx_word' id='word_1_270' title='bbox 922 2459 979 2489; x_wconf 87' lang='lat' dir='ltr'>eli-</span> 
     </span>
     <span class='ocr_line' id='line_1_44' title="bbox 208 2505 979 2550; baseline 0.012 -15"><span class='ocrx_word' id='word_1_271' title='bbox 208 2505 336 2536; x_wconf 88' lang='lat' dir='ltr'>ciuntur</span> <span class='ocrx_word' id='word_1_272' title='bbox 357 2506 460 2544; x_wconf 85' lang='lat' dir='ltr'>bona,</span> <span class='ocrx_word' id='word_1_273' title='bbox 480 2506 523 2537; x_wconf 90' lang='lat' dir='ltr'>sic</span> <span class='ocrx_word' id='word_1_274' title='bbox 538 2507 694 2547; x_wconf 86' lang='lat' dir='ltr'>contingit</span> <span class='ocrx_word' id='word_1_275' title='bbox 712 2509 743 2538; x_wconf 91' lang='lat' dir='ltr'>in</span> <span class='ocrx_word' id='word_1_276' title='bbox 759 2510 862 2550; x_wconf 80' lang='lat' dir='ltr'>culpae</span> <span class='ocrx_word' id='word_1_277' title='bbox 878 2513 979 2543; x_wconf 86' lang='lat' dir='ltr'>trans-</span> 
     </span>
     <span class='ocr_line' id='line_1_45' title="bbox 209 2559 978 2597; baseline 0.012 -9"><span class='ocrx_word' id='word_1_278' title='bbox 209 2559 372 2596; x_wconf 83' lang='lat' dir='ltr'>gressione</span> <span class='ocrx_word' id='word_1_279' title='bbox 387 2560 481 2590; x_wconf 86' lang='lat' dir='ltr'>alicui</span> <span class='ocrx_word' id='word_1_280' title='bbox 497 2560 621 2591; x_wconf 82' lang='lat' dir='ltr'>infundi</span> <span class='ocrx_word' id='word_1_281' title='bbox 635 2561 782 2593; x_wconf 84' lang='lat' dir='ltr'>habitum</span> <span class='ocrx_word' id='word_1_282' title='bbox 799 2564 978 2597; x_wconf 80' lang='lat' dir='ltr'>informem.</span> 
     </span>
    </p>
   </div>
   <div class='ocr_carea' id='block_1_7' title="bbox 97 2609 979 2651">
    <p class='ocr_par' dir='ltr' id='par_1_7' title="bbox 97 2609 979 2651">
     <span class='ocr_line' id='line_1_46' title="bbox 97 2609 979 2651; baseline 0.011 -11"><span class='ocrx_word' id='word_1_283' title='bbox 97 2619 194 2647; x_wconf 78' lang='lat' dir='ltr'>Improb.</span> <span class='ocrx_word' id='word_1_284' title='bbox 210 2609 269 2641; x_wconf 86' lang='lat' dir='ltr'>Sed</span> <span class='ocrx_word' id='word_1_285' title='bbox 286 2612 452 2651; x_wconf 77' lang='lat' dir='ltr'>quiaillud</span> <span class='ocrx_word' id='word_1_286' title='bbox 470 2622 533 2644; x_wconf 90' lang='lat' dir='ltr'>non</span> <span class='ocrx_word' id='word_1_287' title='bbox 549 2614 675 2645; x_wconf 88' lang='lat' dir='ltr'>videtur</span> <span class='ocrx_word' id='word_1_288' title='bbox 688 2616 826 2648; x_wconf 86' lang='lat' dir='ltr'>multum</span> <span class='ocrx_word' id='word_1_289' title='bbox 841 2619 979 2650; x_wconf 82' lang='lat' dir='ltr'>rationa-</span> 
     </span>
    </p>
   </div>
   <div class='ocr_carea' id='block_1_8' title="bbox 211 2662 978 2709">
    <p class='ocr_par' dir='ltr' id='par_1_8' title="bbox 211 2662 978 2709">
     <span class='ocr_line' id='line_1_47' title="bbox 211 2662 978 2709; baseline 0.013 -16"><span class='ocrx_word' id='word_1_290' title='bbox 211 2662 282 2699; x_wconf 78' lang='lat' dir='ltr'>hile,</span> <span class='ocrx_word' id='word_1_291' title='bbox 293 2665 378 2705; x_wconf 88' lang='lat' dir='ltr'>quod</span> <span class='ocrx_word' id='word_1_292' title='bbox 395 2665 477 2696; x_wconf 90' lang='lat' dir='ltr'>Deus</span> <span class='ocrx_word' id='word_1_293' title='bbox 489 2666 572 2697; x_wconf 87' lang='lat' dir='ltr'>dona</span> <span class='ocrx_word' id='word_1_294' title='bbox 587 2667 699 2706; x_wconf 81' lang='lat' dir='ltr'>gratiae</span> <span class='ocrx_word' id='word_1_295' title='bbox 711 2668 769 2708; x_wconf 87' lang='lat' dir='ltr'>ipsi</span> <span class='ocrx_word' id='word_1_296' title='bbox 782 2672 933 2709; x_wconf 83' lang='lat' dir='ltr'>peccanti,</span> <span class='ocrx_word' id='word_1_297' title='bbox 948 2675 978 2704; x_wconf 90' lang='lat' dir='ltr'>et</span> 
     </span>
    </p>
   </div>
   <div class='ocr_carea' id='block_1_9' title="bbox 796 197 1274 233">
    <p class='ocr_par' dir='ltr' id='par_1_9' title="bbox 796 197 1274 233">
     <span class='ocr_line' id='line_1_48' title="bbox 796 197 1274 233; baseline 0.01 -5"><span class='ocrx_word' id='word_1_298' title='bbox 796 197 1104 230; x_wconf 84' lang='lat' dir='ltr'><strong>SENTENTIARUM</strong></span> <span class='ocrx_word' id='word_1_299' title='bbox 1126 200 1198 232; x_wconf 88' lang='lat' dir='ltr'>LlB.</span> <span class='ocrx_word' id='word_1_300' title='bbox 1222 202 1274 233; x_wconf 88' lang='lat' dir='ltr'>Ill.</span> 
     </span>
    </p>
   </div>
   <div class='ocr_carea' id='block_1_10' title="bbox 1059 270 1828 315">
    <p class='ocr_par' dir='ltr' id='par_1_10' title="bbox 1059 270 1828 315">
     <span class='ocr_line' id='line_1_49' title="bbox 1059 270 1828 315; baseline 0.014 -18"><span class='ocrx_word' id='word_1_301' title='bbox 1059 276 1092 297; x_wconf 89' lang='lat' dir='ltr'>se</span> <span class='ocrx_word' id='word_1_302' title='bbox 1106 277 1125 298; x_wconf 88' lang='lat' dir='ltr'>a</span> <span class='ocrx_word' id='word_1_303' title='bbox 1138 277 1171 298; x_wconf 88' lang='lat' dir='ltr'>se</span> <span class='ocrx_word' id='word_1_304' title='bbox 1186 270 1356 307; x_wconf 81' lang='lat' dir='ltr'>avertenti,</span> <span class='ocrx_word' id='word_1_305' title='bbox 1367 271 1512 303; x_wconf 81' lang='lat' dir='ltr'>infundat</span> <span class='ocrx_word' id='word_1_306' title='bbox 1526 273 1558 303; x_wconf 90' lang='lat' dir='ltr'>in</span> <span class='ocrx_word' id='word_1_307' title='bbox 1574 274 1642 314; x_wconf 84' lang='lat' dir='ltr'>ipsa</span> <span class='ocrx_word' id='word_1_308' title='bbox 1655 277 1828 315; x_wconf 88' lang='lat' dir='ltr'>aversione;</span> 
     </span>
    </p>
   </div>
   <div class='ocr_carea' id='block_1_11' title="bbox 1056 321 1940 370">
    <p class='ocr_par' dir='ltr' id='par_1_11' title="bbox 1056 321 1940 370">
     <span class='ocr_line' id='line_1_50' title="bbox 1056 321 1940 370; baseline 0.017 -20"><span class='ocrx_word' id='word_1_309' title='bbox 1056 321 1126 351; x_wconf 89' lang='lat' dir='ltr'>ideo</span> <span class='ocrx_word' id='word_1_310' title='bbox 1136 322 1216 352; x_wconf 84' lang='lat' dir='ltr'>alius</span> <span class='ocrx_word' id='word_1_311' title='bbox 1233 323 1346 353; x_wconf 86' lang='lat' dir='ltr'>modus</span> <span class='ocrx_word' id='word_1_312' title='bbox 1362 326 1408 354; x_wconf 88' lang='lat' dir='ltr'>est</span> <span class='ocrx_word' id='word_1_313' title='bbox 1423 324 1558 363; x_wconf 86' lang='lat' dir='ltr'>dicendi,</span> <span class='ocrx_word' id='word_1_314' title='bbox 1576 329 1659 367; x_wconf 88' lang='lat' dir='ltr'>quod</span> <span class='ocrx_word' id='word_1_315' title='bbox 1675 329 1755 360; x_wconf 84' lang='lat' dir='ltr'>sicut</span> <span class='ocrx_word' id='word_1_316' title='bbox 1771 340 1826 370; x_wconf 91' lang='lat' dir='ltr'>per</span> <span class='ocrx_word' id='word_1_317' title='bbox 1844 343 1906 370; x_wconf 83' lang='lat' dir='ltr'>Opin.</span> <span class='ocrx_word' id='word_1_318' title='bbox 1920 345 1940 365; x_wconf 83' lang='lat'>2.</span> 
     </span>
    </p>
   </div>
   <div class='ocr_carea' id='block_1_12' title="bbox 1046 376 1826 1272">
    <p class='ocr_par' dir='ltr' id='par_1_12' title="bbox 1046 376 1826 1272">
     <span class='ocr_line' id='line_1_51' title="bbox 1057 376 1826 413; baseline 0.017 -12"><span class='ocrx_word' id='word_1_319' title='bbox 1057 377 1217 411; x_wconf 80' lang='lat' dir='ltr'>peccatum</span> <span class='ocrx_word' id='word_1_320' title='bbox 1233 384 1295 405; x_wconf 88' lang='lat' dir='ltr'>non</span> <span class='ocrx_word' id='word_1_321' title='bbox 1319 376 1531 409; x_wconf 87' lang='lat' dir='ltr'>introducitur</span> <span class='ocrx_word' id='word_1_322' title='bbox 1544 381 1671 411; x_wconf 89' lang='lat' dir='ltr'>habitus</span> <span class='ocrx_word' id='word_1_323' title='bbox 1691 382 1762 413; x_wconf 86' lang='lat' dir='ltr'>fidei</span> <span class='ocrx_word' id='word_1_324' title='bbox 1777 383 1826 413; x_wconf 89' lang='lat' dir='ltr'>in-</span> 
     </span>
     <span class='ocr_line' id='line_1_52' title="bbox 1055 426 1824 473; baseline 0.014 -17"><span class='ocrx_word' id='word_1_325' title='bbox 1055 426 1180 465; x_wconf 76' lang='lat' dir='ltr'>formis,</span> <span class='ocrx_word' id='word_1_326' title='bbox 1202 429 1254 459; x_wconf 89' lang='lat' dir='ltr'>sed</span> <span class='ocrx_word' id='word_1_327' title='bbox 1279 430 1493 461; x_wconf 87' lang='lat' dir='ltr'>introducitur</span> <span class='ocrx_word' id='word_1_328' title='bbox 1517 432 1672 473; x_wconf 82' lang='lat' dir='ltr'>desectus,</span> <span class='ocrx_word' id='word_1_329' title='bbox 1690 438 1720 466; x_wconf 92' lang='lat' dir='ltr'>et</span> <span class='ocrx_word' id='word_1_330' title='bbox 1743 437 1824 467; x_wconf 88' lang='lat' dir='ltr'>alius</span> 
     </span>
     <span class='ocr_line' id='line_1_53' title="bbox 1055 479 1823 525; baseline 0.013 -17"><span class='ocrx_word' id='word_1_331' title='bbox 1055 479 1200 510; x_wconf 81' lang='lat' dir='ltr'>credendi</span> <span class='ocrx_word' id='word_1_332' title='bbox 1223 481 1335 511; x_wconf 90' lang='lat' dir='ltr'>modus</span> <span class='ocrx_word' id='word_1_333' title='bbox 1352 482 1407 520; x_wconf 71' lang='lat' dir='ltr'>(a),</span> <span class='ocrx_word' id='word_1_334' title='bbox 1423 482 1467 512; x_wconf 85' lang='lat' dir='ltr'>sic</span> <span class='ocrx_word' id='word_1_335' title='bbox 1492 483 1587 514; x_wconf 82' lang='lat' dir='ltr'>etiam</span> <span class='ocrx_word' id='word_1_336' title='bbox 1611 494 1665 524; x_wconf 92' lang='lat' dir='ltr'>per</span> <span class='ocrx_word' id='word_1_337' title='bbox 1685 489 1823 525; x_wconf 80' lang='lat' dir='ltr'>gratiam</span> 
     </span>
     <span class='ocr_line' id='line_1_54' title="bbox 1055 533 1825 578; baseline 0.013 -17"><span class='ocrx_word' id='word_1_338' title='bbox 1055 540 1117 562; x_wconf 89' lang='lat' dir='ltr'>non</span> <span class='ocrx_word' id='word_1_339' title='bbox 1135 533 1314 564; x_wconf 78' lang='lat' dir='ltr'>excluditur</span> <span class='ocrx_word' id='word_1_340' title='bbox 1326 535 1423 574; x_wconf 87' lang='lat' dir='ltr'>ipsius</span> <span class='ocrx_word' id='word_1_341' title='bbox 1439 536 1511 566; x_wconf 87' lang='lat' dir='ltr'>fidei</span> <span class='ocrx_word' id='word_1_342' title='bbox 1526 536 1668 568; x_wconf 87' lang='lat' dir='ltr'>informis</span> <span class='ocrx_word' id='word_1_343' title='bbox 1682 539 1825 578; x_wconf 82' lang='lat' dir='ltr'>habitus,</span> 
     </span>
     <span class='ocr_line' id='line_1_55' title="bbox 1054 585 1822 632; baseline 0.012 -17"><span class='ocrx_word' id='word_1_344' title='bbox 1054 585 1106 615; x_wconf 87' lang='lat' dir='ltr'>sed</span> <span class='ocrx_word' id='word_1_345' title='bbox 1119 587 1222 617; x_wconf 84' lang='lat' dir='ltr'>solum</span> <span class='ocrx_word' id='word_1_346' title='bbox 1237 597 1315 618; x_wconf 85' lang='lat' dir='ltr'>usus</span> <span class='ocrx_word' id='word_1_347' title='bbox 1324 611 1332 624; x_wconf 77' lang='lat'><strong>‚</strong></span> <span class='ocrx_word' id='word_1_348' title='bbox 1348 590 1379 618; x_wconf 91' lang='lat' dir='ltr'>et</span> <span class='ocrx_word' id='word_1_349' title='bbox 1391 588 1540 620; x_wconf 85' lang='lat' dir='ltr'>desectus.</span> <span class='ocrx_word' id='word_1_350' title='bbox 1554 589 1592 621; x_wconf 88' lang='lat' dir='ltr'>Et</span> <span class='ocrx_word' id='word_1_351' title='bbox 1601 591 1626 620; x_wconf 92' lang='lat' dir='ltr'>si</span> <span class='ocrx_word' id='word_1_352' title='bbox 1636 593 1671 621; x_wconf 87' lang='lat' dir='ltr'>tu</span> <span class='ocrx_word' id='word_1_353' title='bbox 1682 592 1822 632; x_wconf 85' lang='lat' dir='ltr'>objicias,</span> 
     </span>
     <span class='ocr_line' id='line_1_56' title="bbox 1054 640 1823 685; baseline 0.01 -16"><span class='ocrx_word' id='word_1_354' title='bbox 1054 640 1138 679; x_wconf 87' lang='lat' dir='ltr'>quod</span> <span class='ocrx_word' id='word_1_355' title='bbox 1159 641 1275 671; x_wconf 78' lang='lat' dir='ltr'>frustra</span> <span class='ocrx_word' id='word_1_356' title='bbox 1294 641 1353 671; x_wconf 87' lang='lat' dir='ltr'>erit</span> <span class='ocrx_word' id='word_1_357' title='bbox 1373 641 1501 672; x_wconf 88' lang='lat' dir='ltr'>habitus</span> <span class='ocrx_word' id='word_1_358' title='bbox 1516 642 1584 674; x_wconf 89' lang='lat' dir='ltr'>sine</span> <span class='ocrx_word' id='word_1_359' title='bbox 1598 653 1659 675; x_wconf 92' lang='lat' dir='ltr'>usu</span> <span class='ocrx_word' id='word_1_360' title='bbox 1669 667 1678 682; x_wconf 95' lang='lat'>‚</span> <span class='ocrx_word' id='word_1_361' title='bbox 1695 654 1823 685; x_wconf 88' lang='lat' dir='ltr'>respon-</span> 
     </span>
     <span class='ocr_line' id='line_1_57' title="bbox 1053 693 1824 738; baseline 0.01 -15"><span class='ocrx_word' id='word_1_362' title='bbox 1053 693 1127 724; x_wconf 87' lang='lat' dir='ltr'>dent</span> <span class='ocrx_word' id='word_1_363' title='bbox 1143 694 1227 733; x_wconf 88' lang='lat' dir='ltr'>quod</span> <span class='ocrx_word' id='word_1_364' title='bbox 1248 704 1310 725; x_wconf 90' lang='lat' dir='ltr'>non</span> <span class='ocrx_word' id='word_1_365' title='bbox 1336 696 1452 726; x_wconf 81' lang='lat' dir='ltr'>frustra</span> <span class='ocrx_word' id='word_1_366' title='bbox 1473 698 1534 734; x_wconf 79' lang='lat' dir='ltr'>est,</span> <span class='ocrx_word' id='word_1_367' title='bbox 1552 706 1609 736; x_wconf 88' lang='lat' dir='ltr'>pro</span> <span class='ocrx_word' id='word_1_368' title='bbox 1623 707 1660 728; x_wconf 89' lang='lat' dir='ltr'>eo</span> <span class='ocrx_word' id='word_1_369' title='bbox 1674 699 1760 738; x_wconf 90' lang='lat' dir='ltr'>quod</span> <span class='ocrx_word' id='word_1_370' title='bbox 1774 709 1824 731; x_wconf 89' lang='lat' dir='ltr'>ce-</span> 
     </span>
     <span class='ocr_line' id='line_1_58' title="bbox 1053 746 1822 789; baseline 0.01 -13"><span class='ocrx_word' id='word_1_371' title='bbox 1053 746 1097 777; x_wconf 85' lang='lat' dir='ltr'>dit</span> <span class='ocrx_word' id='word_1_372' title='bbox 1114 747 1146 777; x_wconf 91' lang='lat' dir='ltr'>in</span> <span class='ocrx_word' id='word_1_373' title='bbox 1162 748 1402 787; x_wconf 81' lang='lat' dir='ltr'>dispositionem</span> <span class='ocrx_word' id='word_1_374' title='bbox 1418 752 1562 789; x_wconf 86' lang='lat' dir='ltr'>respectu</span> <span class='ocrx_word' id='word_1_375' title='bbox 1576 751 1650 781; x_wconf 87' lang='lat' dir='ltr'>fidei</span> <span class='ocrx_word' id='word_1_376' title='bbox 1665 752 1822 784; x_wconf 81' lang='lat' dir='ltr'>formatae.</span> 
     </span>
     <span class='ocr_line' id='line_1_59' title="bbox 1052 800 1820 837; baseline 0.009 -7"><span class='ocrx_word' id='word_1_377' title='bbox 1052 800 1211 832; x_wconf 82' lang='lat' dir='ltr'>Praetcrea</span> <span class='ocrx_word' id='word_1_378' title='bbox 1232 805 1376 832; x_wconf 83' lang='lat' dir='ltr'>remanet</span> <span class='ocrx_word' id='word_1_379' title='bbox 1399 805 1435 833; x_wconf 89' lang='lat' dir='ltr'>ut</span> <span class='ocrx_word' id='word_1_380' title='bbox 1458 803 1554 834; x_wconf 89' lang='lat' dir='ltr'>homo</span> <span class='ocrx_word' id='word_1_381' title='bbox 1579 804 1746 836; x_wconf 80' lang='lat' dir='ltr'>utilitatem</span> <span class='ocrx_word' id='word_1_382' title='bbox 1760 806 1820 837; x_wconf 84' lang='lat' dir='ltr'>ha-</span> 
     </span>
     <span class='ocr_line' id='line_1_60' title="bbox 1051 854 1817 900; baseline 0.008 -16"><span class='ocrx_word' id='word_1_383' title='bbox 1051 854 1122 885; x_wconf 86' lang='lat' dir='ltr'>beat</span> <span class='ocrx_word' id='word_1_384' title='bbox 1136 855 1174 885; x_wconf 89' lang='lat' dir='ltr'>de</span> <span class='ocrx_word' id='word_1_385' title='bbox 1189 864 1226 885; x_wconf 90' lang='lat' dir='ltr'>eo</span> <span class='ocrx_word' id='word_1_386' title='bbox 1245 856 1278 885; x_wconf 93' lang='lat' dir='ltr'>in</span> <span class='ocrx_word' id='word_1_387' title='bbox 1295 858 1437 895; x_wconf 90' lang='lat' dir='ltr'>tempore</span> <span class='ocrx_word' id='word_1_388' title='bbox 1457 859 1647 896; x_wconf 86' lang='lat' dir='ltr'>opportuno.</span> <span class='ocrx_word' id='word_1_389' title='bbox 1665 858 1725 889; x_wconf 88' lang='lat' dir='ltr'>Sed</span> <span class='ocrx_word' id='word_1_390' title='bbox 1740 869 1817 900; x_wconf 90' lang='lat' dir='ltr'>quo-</span> 
     </span>
     <span class='ocr_line' id='line_1_61' title="bbox 1050 907 1820 944; baseline 0.01 -8"><span class='ocrx_word' id='word_1_391' title='bbox 1050 907 1138 937; x_wconf 80' lang='lat' dir='ltr'>niam</span> <span class='ocrx_word' id='word_1_392' title='bbox 1153 910 1241 938; x_wconf 85' lang='lat' dir='ltr'>actus</span> <span class='ocrx_word' id='word_1_393' title='bbox 1256 911 1286 938; x_wconf 84' lang='lat' dir='ltr'>et</span> <span class='ocrx_word' id='word_1_394' title='bbox 1302 919 1378 939; x_wconf 87' lang='lat' dir='ltr'>usus</span> <span class='ocrx_word' id='word_1_395' title='bbox 1392 909 1464 940; x_wconf 88' lang='lat' dir='ltr'>fidei</span> <span class='ocrx_word' id='word_1_396' title='bbox 1479 910 1622 941; x_wconf 78' lang='lat' dir='ltr'>informis</span> <span class='ocrx_word' id='word_1_397' title='bbox 1637 914 1682 942; x_wconf 88' lang='lat' dir='ltr'>est</span> <span class='ocrx_word' id='word_1_398' title='bbox 1693 913 1820 944; x_wconf 87' lang='lat' dir='ltr'>credere</span> 
     </span>
     <span class='ocr_line' id='line_1_62' title="bbox 1049 962 1820 1002; baseline 0.008 -11"><span class='ocrx_word' id='word_1_399' title='bbox 1049 962 1079 991; x_wconf 87' lang='lat' dir='ltr'>et</span> <span class='ocrx_word' id='word_1_400' title='bbox 1094 962 1244 992; x_wconf 88' lang='lat' dir='ltr'>assentire</span> <span class='ocrx_word' id='word_1_401' title='bbox 1260 963 1372 1002; x_wconf 77' lang='lat' dir='ltr'>primae</span> <span class='ocrx_word' id='word_1_402' title='bbox 1389 963 1513 994; x_wconf 88' lang='lat' dir='ltr'>veritati</span> <span class='ocrx_word' id='word_1_403' title='bbox 1526 964 1560 994; x_wconf 92' lang='lat' dir='ltr'>in</span> <span class='ocrx_word' id='word_1_404' title='bbox 1580 965 1729 996; x_wconf 90' lang='lat' dir='ltr'>omnibus</span> <span class='ocrx_word' id='word_1_405' title='bbox 1744 967 1820 997; x_wconf 84' lang='lat' dir='ltr'>arti-</span> 
     </span>
     <span class='ocr_line' id='line_1_63' title="bbox 1048 1014 1821 1058; baseline 0.008 -14"><span class='ocrx_word' id='word_1_406' title='bbox 1048 1014 1145 1053; x_wconf 85' lang='lat' dir='ltr'>culis,</span> <span class='ocrx_word' id='word_1_407' title='bbox 1170 1017 1200 1045; x_wconf 86' lang='lat' dir='ltr'>et</span> <span class='ocrx_word' id='word_1_408' title='bbox 1222 1016 1278 1046; x_wconf 87' lang='lat' dir='ltr'>iste</span> <span class='ocrx_word' id='word_1_409' title='bbox 1294 1025 1370 1046; x_wconf 86' lang='lat' dir='ltr'>usus</span> <span class='ocrx_word' id='word_1_410' title='bbox 1393 1016 1555 1056; x_wconf 84' lang='lat' dir='ltr'>potissime</span> <span class='ocrx_word' id='word_1_411' title='bbox 1580 1019 1733 1058; x_wconf 89' lang='lat' dir='ltr'>competit</span> <span class='ocrx_word' id='word_1_412' title='bbox 1747 1020 1821 1050; x_wconf 94' lang='lat' dir='ltr'>usui</span> 
     </span>
     <span class='ocr_line' id='line_1_64' title="bbox 1048 1068 1821 1112; baseline 0.006 -14"><span class='ocrx_word' id='word_1_413' title='bbox 1048 1068 1177 1106; x_wconf 78' lang='lat' dir='ltr'>gratiae,</span> <span class='ocrx_word' id='word_1_414' title='bbox 1196 1078 1268 1099; x_wconf 88' lang='lat' dir='ltr'>cum</span> <span class='ocrx_word' id='word_1_415' title='bbox 1295 1069 1411 1110; x_wconf 83' lang='lat' dir='ltr'>aliquid</span> <span class='ocrx_word' id='word_1_416' title='bbox 1437 1079 1502 1100; x_wconf 92' lang='lat' dir='ltr'>non</span> <span class='ocrx_word' id='word_1_417' title='bbox 1526 1071 1654 1102; x_wconf 83' lang='lat' dir='ltr'>tollatur</span> <span class='ocrx_word' id='word_1_418' title='bbox 1677 1072 1737 1102; x_wconf 90' lang='lat' dir='ltr'>nisi</span> <span class='ocrx_word' id='word_1_419' title='bbox 1764 1081 1821 1112; x_wconf 90' lang='lat' dir='ltr'>per</span> 
     </span>
     <span class='ocr_line' id='line_1_65' title="bbox 1047 1123 1820 1162; baseline 0.008 -11"><span class='ocrx_word' id='word_1_420' title='bbox 1047 1131 1143 1152; x_wconf 88' lang='lat' dir='ltr'>suum</span> <span class='ocrx_word' id='word_1_421' title='bbox 1169 1123 1369 1162; x_wconf 83' lang='lat' dir='ltr'>oppositum,</span> <span class='ocrx_word' id='word_1_422' title='bbox 1395 1132 1461 1154; x_wconf 90' lang='lat' dir='ltr'>non</span> <span class='ocrx_word' id='word_1_423' title='bbox 1482 1124 1608 1156; x_wconf 87' lang='lat' dir='ltr'>videtur</span> <span class='ocrx_word' id='word_1_424' title='bbox 1629 1125 1820 1157; x_wconf 80' lang='lat' dir='ltr'>rationabile</span> 
     </span>
     <span class='ocr_line' id='line_1_66' title="bbox 1047 1176 1819 1218; baseline 0.008 -14"><span class='ocrx_word' id='word_1_425' title='bbox 1047 1184 1276 1215; x_wconf 81' lang='lat' dir='ltr'>usquequaque</span> <span class='ocrx_word' id='word_1_426' title='bbox 1301 1176 1427 1215; x_wconf 81' lang='lat' dir='ltr'>dicere,</span> <span class='ocrx_word' id='word_1_427' title='bbox 1453 1178 1538 1217; x_wconf 85' lang='lat' dir='ltr'>quod</span> <span class='ocrx_word' id='word_1_428' title='bbox 1564 1187 1620 1218; x_wconf 89' lang='lat' dir='ltr'>per</span> <span class='ocrx_word' id='word_1_429' title='bbox 1645 1179 1819 1210; x_wconf 84' lang='lat' dir='ltr'>adventum</span> 
     </span>
     <span class='ocr_line' id='line_1_67' title="bbox 1046 1229 1819 1272; baseline 0.008 -14"><span class='ocrx_word' id='word_1_430' title='bbox 1046 1229 1159 1267; x_wconf 81' lang='lat' dir='ltr'>gratiae</span> <span class='ocrx_word' id='word_1_431' title='bbox 1175 1229 1303 1260; x_wconf 85' lang='lat' dir='ltr'>tollatur</span> <span class='ocrx_word' id='word_1_432' title='bbox 1318 1230 1390 1260; x_wconf 85' lang='lat' dir='ltr'>fidei</span> <span class='ocrx_word' id='word_1_433' title='bbox 1406 1240 1485 1261; x_wconf 90' lang='lat' dir='ltr'>usus</span> <span class='ocrx_word' id='word_1_434' title='bbox 1499 1231 1660 1269; x_wconf 81' lang='lat' dir='ltr'>informis,</span> <span class='ocrx_word' id='word_1_435' title='bbox 1677 1241 1751 1263; x_wconf 90' lang='lat' dir='ltr'>cum</span> <span class='ocrx_word' id='word_1_436' title='bbox 1767 1242 1819 1272; x_wconf 90' lang='lat' dir='ltr'>po-</span> 
     </span>
    </p>
   </div>
   <div class='ocr_carea' id='block_1_13' title="bbox 1044 1281 1926 1327">
    <p class='ocr_par' dir='ltr' id='par_1_13' title="bbox 1044 1281 1926 1327">
     <span class='ocr_line' id='line_1_68' title="bbox 1044 1281 1926 1327; baseline 0.007 -16"><span class='ocrx_word' id='word_1_437' title='bbox 1044 1281 1106 1311; x_wconf 84' lang='lat' dir='ltr'>tius</span> <span class='ocrx_word' id='word_1_438' title='bbox 1122 1282 1264 1312; x_wconf 83' lang='lat' dir='ltr'>videatur</span> <span class='ocrx_word' id='word_1_439' title='bbox 1286 1283 1318 1312; x_wconf 93' lang='lat' dir='ltr'>in</span> <span class='ocrx_word' id='word_1_440' title='bbox 1345 1292 1381 1313; x_wconf 89' lang='lat' dir='ltr'>ea</span> <span class='ocrx_word' id='word_1_441' title='bbox 1406 1284 1514 1322; x_wconf 84' lang='lat' dir='ltr'>perfici</span> <span class='ocrx_word' id='word_1_442' title='bbox 1541 1286 1571 1314; x_wconf 91' lang='lat' dir='ltr'>et</span> <span class='ocrx_word' id='word_1_443' title='bbox 1594 1285 1755 1324; x_wconf 82' lang='lat' dir='ltr'>compleri.</span> <span class='ocrx_word' id='word_1_444' title='bbox 1779 1285 1817 1316; x_wconf 88' lang='lat' dir='ltr'>Et</span> <span class='ocrx_word' id='word_1_445' title='bbox 1831 1299 1895 1327; x_wconf 56' lang='lat' dir='ltr'>opfiu,</span> <span class='ocrx_word' id='word_1_446' title='bbox 1907 1302 1926 1321; x_wconf 77' lang='lat'>3,</span> 
     </span>
    </p>
   </div>
   <div class='ocr_carea' id='block_1_14' title="bbox 1031 1336 1818 2657">
    <p class='ocr_par' dir='ltr' id='par_1_14' title="bbox 1040 1336 1818 1909">
     <span class='ocr_line' id='line_1_69' title="bbox 1044 1336 1816 1377; baseline 0.006 -13"><span class='ocrx_word' id='word_1_447' title='bbox 1044 1337 1210 1374; x_wconf 85' lang='lat' dir='ltr'>propterea</span> <span class='ocrx_word' id='word_1_448' title='bbox 1225 1338 1271 1365; x_wconf 90' lang='lat' dir='ltr'>est</span> <span class='ocrx_word' id='word_1_449' title='bbox 1286 1336 1397 1366; x_wconf 84' lang='lat' dir='ltr'>tertius</span> <span class='ocrx_word' id='word_1_450' title='bbox 1417 1336 1530 1368; x_wconf 88' lang='lat' dir='ltr'>modus</span> <span class='ocrx_word' id='word_1_451' title='bbox 1546 1337 1682 1375; x_wconf 84' lang='lat' dir='ltr'>dicendi,</span> <span class='ocrx_word' id='word_1_452' title='bbox 1698 1338 1755 1377; x_wconf 90' lang='lat' dir='ltr'>qui</span> <span class='ocrx_word' id='word_1_453' title='bbox 1771 1338 1816 1369; x_wconf 91' lang='lat' dir='ltr'>vi-</span> 
     </span>
     <span class='ocr_line' id='line_1_70' title="bbox 1043 1388 1817 1429; baseline 0.005 -12"><span class='ocrx_word' id='word_1_454' title='bbox 1043 1388 1135 1418; x_wconf 85' lang='lat' dir='ltr'>detur</span> <span class='ocrx_word' id='word_1_455' title='bbox 1154 1389 1346 1427; x_wconf 80' lang='lat' dir='ltr'>probabilior</span> <span class='ocrx_word' id='word_1_456' title='bbox 1360 1398 1427 1419; x_wconf 86' lang='lat' dir='ltr'>esse</span> <span class='ocrx_word' id='word_1_457' title='bbox 1442 1389 1601 1428; x_wconf 79' lang='lat' dir='ltr'>praedictis</span> <span class='ocrx_word' id='word_1_458' title='bbox 1611 1414 1619 1428; x_wconf 78' lang='grc'><em>,</em></span> <span class='ocrx_word' id='word_1_459' title='bbox 1641 1391 1726 1429; x_wconf 82' lang='lat' dir='ltr'>quod</span> <span class='ocrx_word' id='word_1_460' title='bbox 1741 1391 1817 1421; x_wconf 88' lang='lat' dir='ltr'>fides</span> 
     </span>
     <span class='ocr_line' id='line_1_71' title="bbox 1044 1441 1818 1481; baseline 0.005 -11"><span class='ocrx_word' id='word_1_461' title='bbox 1044 1441 1188 1471; x_wconf 83' lang='lat' dir='ltr'>informis</span> <span class='ocrx_word' id='word_1_462' title='bbox 1217 1451 1273 1481; x_wconf 86' lang='lat' dir='ltr'>per</span> <span class='ocrx_word' id='word_1_463' title='bbox 1298 1442 1472 1473; x_wconf 88' lang='lat' dir='ltr'>adventum</span> <span class='ocrx_word' id='word_1_464' title='bbox 1501 1443 1614 1481; x_wconf 79' lang='lat' dir='ltr'>gratiae</span> <span class='ocrx_word' id='word_1_465' title='bbox 1639 1443 1818 1474; x_wconf 80' lang='lat' dir='ltr'>excluditur</span> 
     </span>
     <span class='ocr_line' id='line_1_72' title="bbox 1043 1496 1817 1535; baseline 0.004 -10"><span class='ocrx_word' id='word_1_466' title='bbox 1043 1498 1200 1535; x_wconf 85' lang='lat' dir='ltr'>quantuni</span> <span class='ocrx_word' id='word_1_467' title='bbox 1216 1496 1255 1526; x_wconf 86' lang='lat' dir='ltr'>ad</span> <span class='ocrx_word' id='word_1_468' title='bbox 1277 1496 1381 1527; x_wconf 90' lang='lat' dir='ltr'>solum</span> <span class='ocrx_word' id='word_1_469' title='bbox 1406 1496 1562 1527; x_wconf 83' lang='lat' dir='ltr'>defectum</span> <span class='ocrx_word' id='word_1_470' title='bbox 1576 1521 1584 1535; x_wconf 87' lang='lat'>‚</span> <span class='ocrx_word' id='word_1_471' title='bbox 1600 1496 1689 1528; x_wconf 86' lang='lat' dir='ltr'>salvo</span> <span class='ocrx_word' id='word_1_472' title='bbox 1705 1497 1817 1529; x_wconf 85' lang='lat' dir='ltr'>habitu</span> 
     </span>
     <span class='ocr_line' id='line_1_73' title="bbox 1042 1550 1816 1589; baseline 0.004 -10"><span class='ocrx_word' id='word_1_473' title='bbox 1042 1552 1072 1579; x_wconf 89' lang='lat' dir='ltr'>et</span> <span class='ocrx_word' id='word_1_474' title='bbox 1088 1559 1148 1580; x_wconf 87' lang='lat' dir='ltr'>usu</span> <span class='ocrx_word' id='word_1_475' title='bbox 1163 1560 1169 1580; x_wconf 91' lang='lat'><strong>:</strong></span> <span class='ocrx_word' id='word_1_476' title='bbox 1187 1551 1217 1580; x_wconf 80' lang='lat' dir='ltr'>et</span> <span class='ocrx_word' id='word_1_477' title='bbox 1232 1550 1291 1580; x_wconf 85' lang='lat' dir='ltr'>hoc</span> <span class='ocrx_word' id='word_1_478' title='bbox 1313 1550 1443 1589; x_wconf 86' lang='lat' dir='ltr'>quidem</span> <span class='ocrx_word' id='word_1_479' title='bbox 1465 1550 1592 1581; x_wconf 87' lang='lat' dir='ltr'>videtur</span> <span class='ocrx_word' id='word_1_480' title='bbox 1617 1551 1693 1581; x_wconf 86' lang='lat' dir='ltr'>satis</span> <span class='ocrx_word' id='word_1_481' title='bbox 1718 1551 1816 1582; x_wconf 86' lang='lat' dir='ltr'>ratio-</span> 
     </span>
     <span class='ocr_line' id='line_1_74' title="bbox 1042 1602 1816 1643; baseline 0.004 -11"><span class='ocrx_word' id='word_1_482' title='bbox 1042 1602 1146 1633; x_wconf 84' lang='lat' dir='ltr'>nabile</span> <span class='ocrx_word' id='word_1_483' title='bbox 1165 1626 1173 1640; x_wconf 85' lang='lat'>‚</span> <span class='ocrx_word' id='word_1_484' title='bbox 1201 1612 1274 1633; x_wconf 81' lang='lat' dir='ltr'>cum</span> <span class='ocrx_word' id='word_1_485' title='bbox 1300 1603 1403 1642; x_wconf 83' lang='lat' dir='ltr'>gratia</span> <span class='ocrx_word' id='word_1_486' title='bbox 1426 1606 1604 1643; x_wconf 83' lang='lat' dir='ltr'>opponatur</span> <span class='ocrx_word' id='word_1_487' title='bbox 1626 1605 1748 1635; x_wconf 85' lang='lat' dir='ltr'>habitui</span> <span class='ocrx_word' id='word_1_488' title='bbox 1769 1604 1816 1635; x_wconf 91' lang='lat' dir='ltr'>illi</span> 
     </span>
     <span class='ocr_line' id='line_1_75' title="bbox 1042 1656 1816 1696; baseline 0.004 -10"><span class='ocrx_word' id='word_1_489' title='bbox 1042 1656 1145 1686; x_wconf 84' lang='lat' dir='ltr'>infuso</span> <span class='ocrx_word' id='word_1_490' title='bbox 1160 1656 1265 1687; x_wconf 87' lang='lat' dir='ltr'>solum</span> <span class='ocrx_word' id='word_1_491' title='bbox 1286 1657 1406 1687; x_wconf 85' lang='lat' dir='ltr'>ratione</span> <span class='ocrx_word' id='word_1_492' title='bbox 1427 1657 1645 1696; x_wconf 81' lang='lat' dir='ltr'>informitatis,</span> <span class='ocrx_word' id='word_1_493' title='bbox 1661 1658 1743 1688; x_wconf 89' lang='lat' dir='ltr'>sicut</span> <span class='ocrx_word' id='word_1_494' title='bbox 1756 1658 1816 1690; x_wconf 89' lang='lat' dir='ltr'>ha-</span> 
     </span>
     <span class='ocr_line' id='line_1_76' title="bbox 1041 1710 1816 1750; baseline 0.003 -10"><span class='ocrx_word' id='word_1_495' title='bbox 1041 1710 1126 1740; x_wconf 85' lang='lat' dir='ltr'>bitus</span> <span class='ocrx_word' id='word_1_496' title='bbox 1136 1711 1305 1750; x_wconf 89' lang='lat' dir='ltr'>opponitur</span> <span class='ocrx_word' id='word_1_497' title='bbox 1315 1711 1496 1750; x_wconf 80' lang='lat' dir='ltr'>privationi.</span> <span class='ocrx_word' id='word_1_498' title='bbox 1511 1710 1674 1742; x_wconf 84' lang='lat' dir='ltr'>Conceden</span> <span class='ocrx_word' id='word_1_499' title='bbox 1681 1711 1728 1741; x_wconf 82' lang='lat' dir='ltr'>dae</span> <span class='ocrx_word' id='word_1_500' title='bbox 1741 1714 1816 1742; x_wconf 88' lang='lat' dir='ltr'>sunt</span> 
     </span>
     <span class='ocr_line' id='line_1_77' title="bbox 1041 1764 1814 1802; baseline 0.001 -9"><span class='ocrx_word' id='word_1_501' title='bbox 1041 1773 1119 1802; x_wconf 82' lang='lat' dir='ltr'>ergo</span> <span class='ocrx_word' id='word_1_502' title='bbox 1134 1764 1272 1794; x_wconf 84' lang='lat' dir='ltr'>rationes</span> <span class='ocrx_word' id='word_1_503' title='bbox 1287 1764 1486 1794; x_wconf 83' lang='lat' dir='ltr'>ostendentes</span> <span class='ocrx_word' id='word_1_504' title='bbox 1502 1764 1653 1794; x_wconf 84' lang='lat' dir='ltr'>habitum</span> <span class='ocrx_word' id='word_1_505' title='bbox 1676 1764 1748 1794; x_wconf 85' lang='lat' dir='ltr'>fidei</span> <span class='ocrx_word' id='word_1_506' title='bbox 1763 1764 1814 1794; x_wconf 91' lang='lat' dir='ltr'>in-</span> 
     </span>
     <span class='ocr_line' id='line_1_78' title="bbox 1040 1817 1813 1856; baseline 0.001 -9"><span class='ocrx_word' id='word_1_507' title='bbox 1040 1817 1150 1847; x_wconf 85' lang='lat' dir='ltr'>formis</span> <span class='ocrx_word' id='word_1_508' title='bbox 1165 1826 1221 1856; x_wconf 89' lang='lat' dir='ltr'>per</span> <span class='ocrx_word' id='word_1_509' title='bbox 1234 1817 1513 1856; x_wconf 83' lang='lat' dir='ltr'>supervenientem</span> <span class='ocrx_word' id='word_1_510' title='bbox 1528 1817 1664 1855; x_wconf 77' lang='lat' dir='ltr'>gratiam</span> <span class='ocrx_word' id='word_1_511' title='bbox 1683 1826 1747 1848; x_wconf 90' lang='lat' dir='ltr'>non</span> <span class='ocrx_word' id='word_1_512' title='bbox 1760 1826 1813 1848; x_wconf 80' lang='lat' dir='ltr'>ex-</span> 
     </span>
     <span class='ocr_line' id='line_1_79' title="bbox 1040 1870 1123 1909; baseline 0.012 -10"><span class='ocrx_word' id='word_1_513' title='bbox 1040 1870 1123 1909; x_wconf 87' lang='lat' dir='ltr'>pelli.</span> 
     </span>
    </p>

    <p class='ocr_par' dir='ltr' id='par_1_15' title="bbox 1031 1922 1812 2657">
     <span class='ocr_line' id='line_1_80' title="bbox 1080 1922 1811 1963; baseline 0.003 -11"><span class='ocrx_word' id='word_1_514' title='bbox 1080 1926 1109 1953; x_wconf 81' lang='lat'>1.</span> <span class='ocrx_word' id='word_1_515' title='bbox 1130 1923 1177 1953; x_wconf 82' lang='lat' dir='ltr'>Ad</span> <span class='ocrx_word' id='word_1_516' title='bbox 1194 1923 1269 1953; x_wconf 83' lang='lat' dir='ltr'>illud</span> <span class='ocrx_word' id='word_1_517' title='bbox 1286 1923 1370 1962; x_wconf 87' lang='lat' dir='ltr'>quod</span> <span class='ocrx_word' id='word_1_518' title='bbox 1385 1922 1533 1962; x_wconf 83' lang='lat' dir='ltr'>objicitur</span> <span class='ocrx_word' id='word_1_519' title='bbox 1553 1923 1657 1963; x_wconf 89' lang='lat' dir='ltr'>primo</span> <span class='ocrx_word' id='word_1_520' title='bbox 1680 1923 1713 1953; x_wconf 89' lang='lat' dir='ltr'>in</span> <span class='ocrx_word' id='word_1_521' title='bbox 1735 1932 1811 1954; x_wconf 90' lang='lat' dir='ltr'>con-</span> 
     </span>
     <span class='ocr_line' id='line_1_81' title="bbox 1039 1976 1812 2016; baseline 0.003 -10"><span class='ocrx_word' id='word_1_522' title='bbox 1039 1977 1191 2014; x_wconf 80' lang='lat' dir='ltr'>trarium,</span> <span class='ocrx_word' id='word_1_523' title='bbox 1209 1977 1292 2016; x_wconf 86' lang='lat' dir='ltr'>quod</span> <span class='ocrx_word' id='word_1_524' title='bbox 1309 1977 1411 2016; x_wconf 88' lang='lat' dir='ltr'>major</span> <span class='ocrx_word' id='word_1_525' title='bbox 1429 1979 1475 2006; x_wconf 87' lang='lat' dir='ltr'>est</span> <span class='ocrx_word' id='word_1_526' title='bbox 1495 1976 1715 2007; x_wconf 86' lang='lat' dir='ltr'>convenientia</span> <span class='ocrx_word' id='word_1_527' title='bbox 1739 1977 1812 2008; x_wconf 88' lang='lat' dir='ltr'>fidei</span> 
     </span>
     <span class='ocr_line' id='line_1_82' title="bbox 1039 2029 1812 2069; baseline 0.001 -9"><span class='ocrx_word' id='word_1_528' title='bbox 1039 2031 1182 2061; x_wconf 84' lang='lat' dir='ltr'>sormatae</span> <span class='ocrx_word' id='word_1_529' title='bbox 1196 2030 1233 2059; x_wconf 86' lang='lat' dir='ltr'>ad</span> <span class='ocrx_word' id='word_1_530' title='bbox 1250 2029 1397 2069; x_wconf 82' lang='lat' dir='ltr'>gloriam,</span> <span class='ocrx_word' id='word_1_531' title='bbox 1412 2038 1509 2068; x_wconf 90' lang='lat' dir='ltr'>quam</span> <span class='ocrx_word' id='word_1_532' title='bbox 1525 2029 1668 2060; x_wconf 87' lang='lat' dir='ltr'>informis</span> <span class='ocrx_word' id='word_1_533' title='bbox 1681 2030 1720 2060; x_wconf 89' lang='lat' dir='ltr'>ad</span> <span class='ocrx_word' id='word_1_534' title='bbox 1739 2039 1812 2069; x_wconf 83' lang='lat' dir='ltr'>gra-</span> 
     </span>
     <span class='ocr_line' id='line_1_83' title="bbox 1039 2083 1811 2123; baseline 0.001 -10"><span class='ocrx_word' id='word_1_535' title='bbox 1039 2084 1137 2121; x_wconf 74' lang='lat' dir='ltr'>tiam,</span> <span class='ocrx_word' id='word_1_536' title='bbox 1162 2083 1331 2113; x_wconf 84' lang='lat' dir='ltr'>dicendum</span> <span class='ocrx_word' id='word_1_537' title='bbox 1355 2083 1439 2123; x_wconf 87' lang='lat' dir='ltr'>quod</span> <span class='ocrx_word' id='word_1_538' title='bbox 1463 2085 1565 2123; x_wconf 70' lang='lat' dir='ltr'>maior</span> <span class='ocrx_word' id='word_1_539' title='bbox 1592 2084 1811 2115; x_wconf 88' lang='lat' dir='ltr'>convenientia</span> 
     </span>
     <span class='ocr_line' id='line_1_84' title="bbox 1038 2137 1811 2177; baseline 0 -9"><span class='ocrx_word' id='word_1_540' title='bbox 1038 2137 1204 2177; x_wconf 80' lang='lat' dir='ltr'>dupliciter</span> <span class='ocrx_word' id='word_1_541' title='bbox 1215 2138 1316 2176; x_wconf 89' lang='lat' dir='ltr'>potest</span> <span class='ocrx_word' id='word_1_542' title='bbox 1328 2137 1461 2167; x_wconf 85' lang='lat' dir='ltr'>attendi:</span> <span class='ocrx_word' id='word_1_543' title='bbox 1475 2139 1530 2167; x_wconf 90' lang='lat' dir='ltr'>aut</span> <span class='ocrx_word' id='word_1_544' title='bbox 1540 2137 1717 2168; x_wconf 88' lang='lat' dir='ltr'>secundum</span> <span class='ocrx_word' id='word_1_545' title='bbox 1728 2147 1811 2168; x_wconf 88' lang='lat' dir='ltr'>com-</span> 
     </span>
     <span class='ocr_line' id='line_1_85' title="bbox 1037 2190 1806 2231; baseline 0 -10"><span class='ocrx_word' id='word_1_546' title='bbox 1037 2191 1237 2231; x_wconf 83' lang='lat' dir='ltr'>parationem</span> <span class='ocrx_word' id='word_1_547' title='bbox 1260 2190 1442 2230; x_wconf 86' lang='lat' dir='ltr'>aliquorum</span> <span class='ocrx_word' id='word_1_548' title='bbox 1467 2190 1500 2220; x_wconf 90' lang='lat' dir='ltr'>in</span> <span class='ocrx_word' id='word_1_549' title='bbox 1521 2200 1638 2230; x_wconf 82' lang='lat' dir='ltr'>genere</span> <span class='ocrx_word' id='word_1_550' title='bbox 1652 2191 1806 2230; x_wconf 85' lang='lat' dir='ltr'>gratuiti;</span> 
     </span>
     <span class='ocr_line' id='line_1_86' title="bbox 1037 2243 1807 2275; baseline 0 -1"><span class='ocrx_word' id='word_1_551' title='bbox 1037 2247 1093 2275; x_wconf 85' lang='lat' dir='ltr'>aut</span> <span class='ocrx_word' id='word_1_552' title='bbox 1108 2243 1283 2274; x_wconf 87' lang='lat' dir='ltr'>secundum</span> <span class='ocrx_word' id='word_1_553' title='bbox 1305 2243 1537 2274; x_wconf 88' lang='lat' dir='ltr'>ordinationem</span> <span class='ocrx_word' id='word_1_554' title='bbox 1560 2243 1687 2274; x_wconf 85' lang='lat' dir='ltr'>habitus</span> <span class='ocrx_word' id='word_1_555' title='bbox 1701 2244 1738 2274; x_wconf 90' lang='lat' dir='ltr'>ad</span> <span class='ocrx_word' id='word_1_556' title='bbox 1753 2253 1807 2274; x_wconf 85' lang='lat' dir='ltr'>ac-</span> 
     </span>
     <span class='ocr_line' id='line_1_87' title="bbox 1037 2296 1808 2337; baseline -0.001 -9"><span class='ocrx_word' id='word_1_557' title='bbox 1037 2301 1116 2328; x_wconf 87' lang='lat' dir='ltr'>tum.</span> <span class='ocrx_word' id='word_1_558' title='bbox 1135 2298 1167 2328; x_wconf 74' lang='lat' dir='ltr'>Si</span> <span class='ocrx_word' id='word_1_559' title='bbox 1183 2297 1285 2337; x_wconf 86' lang='lat' dir='ltr'>primo</span> <span class='ocrx_word' id='word_1_560' title='bbox 1304 2296 1397 2327; x_wconf 87' lang='lat' dir='ltr'>modo</span> <span class='ocrx_word' id='word_1_561' title='bbox 1410 2320 1417 2334; x_wconf 81' lang='lat'>,</span> <span class='ocrx_word' id='word_1_562' title='bbox 1434 2297 1478 2326; x_wconf 85' lang='lat' dir='ltr'>sic</span> <span class='ocrx_word' id='word_1_563' title='bbox 1498 2297 1600 2336; x_wconf 82' lang='lat' dir='ltr'>major</span> <span class='ocrx_word' id='word_1_564' title='bbox 1622 2299 1668 2327; x_wconf 88' lang='lat' dir='ltr'>est</span> <span class='ocrx_word' id='word_1_565' title='bbox 1691 2305 1808 2328; x_wconf 88' lang='lat' dir='ltr'>conve-</span> 
     </span>
     <span class='ocr_line' id='line_1_88' title="bbox 1037 2349 1806 2389; baseline -0.003 -7"><span class='ocrx_word' id='word_1_566' title='bbox 1037 2351 1156 2382; x_wconf 86' lang='lat' dir='ltr'>nientia</span> <span class='ocrx_word' id='word_1_567' title='bbox 1171 2350 1242 2381; x_wconf 88' lang='lat' dir='ltr'>fidei</span> <span class='ocrx_word' id='word_1_568' title='bbox 1259 2351 1402 2380; x_wconf 78' lang='lat' dir='ltr'>t&#39;ormatae</span> <span class='ocrx_word' id='word_1_569' title='bbox 1422 2350 1461 2380; x_wconf 87' lang='lat' dir='ltr'>ad</span> <span class='ocrx_word' id='word_1_570' title='bbox 1485 2349 1621 2388; x_wconf 75' lang='lat' dir='ltr'>glot-lam</span> <span class='ocrx_word' id='word_1_571' title='bbox 1631 2373 1641 2387; x_wconf 84' lang='lat'><em>,</em></span> <span class='ocrx_word' id='word_1_572' title='bbox 1656 2359 1753 2389; x_wconf 86' lang='lat' dir='ltr'>quam</span> <span class='ocrx_word' id='word_1_573' title='bbox 1768 2349 1806 2380; x_wconf 88' lang='lat' dir='ltr'>ad</span> 
     </span>
     <span class='ocr_line' id='line_1_89' title="bbox 1036 2402 1806 2442; baseline 0 -8"><span class='ocrx_word' id='word_1_574' title='bbox 1036 2405 1131 2435; x_wconf 87' lang='lat' dir='ltr'>fidem</span> <span class='ocrx_word' id='word_1_575' title='bbox 1148 2404 1335 2441; x_wconf 82' lang='lat' dir='ltr'>informem,</span> <span class='ocrx_word' id='word_1_576' title='bbox 1357 2402 1431 2442; x_wconf 81' lang='lat' dir='ltr'>quia</span> <span class='ocrx_word' id='word_1_577' title='bbox 1444 2404 1617 2441; x_wconf 88' lang='lat' dir='ltr'>utrumque</span> <span class='ocrx_word' id='word_1_578' title='bbox 1631 2404 1676 2433; x_wconf 88' lang='lat' dir='ltr'>est</span> <span class='ocrx_word' id='word_1_579' title='bbox 1691 2403 1806 2442; x_wconf 83' lang='lat' dir='ltr'>gratiae</span> 
     </span>
     <span class='ocr_line' id='line_1_90' title="bbox 1036 2456 1806 2498; baseline 0 -10"><span class='ocrx_word' id='word_1_580' title='bbox 1036 2460 1164 2498; x_wconf 82' lang='lat' dir='ltr'>gratum</span> <span class='ocrx_word' id='word_1_581' title='bbox 1180 2457 1330 2488; x_wconf 79' lang='lat' dir='ltr'>facientis.</span> <span class='ocrx_word' id='word_1_582' title='bbox 1348 2456 1380 2487; x_wconf 89' lang='lat' dir='ltr'>Si</span> <span class='ocrx_word' id='word_1_583' title='bbox 1395 2456 1532 2486; x_wconf 87' lang='lat' dir='ltr'>secundo</span> <span class='ocrx_word' id='word_1_584' title='bbox 1547 2456 1659 2494; x_wconf 85' lang='lat' dir='ltr'>modo,</span> <span class='ocrx_word' id='word_1_585' title='bbox 1676 2456 1720 2487; x_wconf 86' lang='lat' dir='ltr'>sic</span> <span class='ocrx_word' id='word_1_586' title='bbox 1736 2467 1806 2488; x_wconf 85' lang='lat' dir='ltr'>ma-</span> 
     </span>
     <span class='ocr_line' id='line_1_91' title="bbox 1031 2509 1805 2551; baseline -0.003 -9"><span class='ocrx_word' id='word_1_587' title='bbox 1031 2512 1083 2551; x_wconf 87' lang='lat' dir='ltr'>jor</span> <span class='ocrx_word' id='word_1_588' title='bbox 1097 2513 1144 2542; x_wconf 84' lang='lat' dir='ltr'>est</span> <span class='ocrx_word' id='word_1_589' title='bbox 1158 2510 1379 2541; x_wconf 87' lang='lat' dir='ltr'>convenientia</span> <span class='ocrx_word' id='word_1_590' title='bbox 1402 2509 1474 2539; x_wconf 90' lang='lat' dir='ltr'>fidei</span> <span class='ocrx_word' id='word_1_591' title='bbox 1496 2509 1638 2539; x_wconf 79' lang='lat' dir='ltr'>formatae</span> <span class='ocrx_word' id='word_1_592' title='bbox 1653 2510 1692 2540; x_wconf 88' lang='lat' dir='ltr'>ad</span> <span class='ocrx_word' id='word_1_593' title='bbox 1707 2510 1805 2541; x_wconf 82' lang='lat' dir='ltr'>infor-</span> 
     </span>
     <span class='ocr_line' id='line_1_92' title="bbox 1035 2562 1801 2603; baseline 0 -9"><span class='ocrx_word' id='word_1_594' title='bbox 1035 2573 1138 2601; x_wconf 86' lang='lat' dir='ltr'>mem,</span> <span class='ocrx_word' id='word_1_595' title='bbox 1155 2573 1251 2603; x_wconf 88' lang='lat' dir='ltr'>quam</span> <span class='ocrx_word' id='word_1_596' title='bbox 1266 2563 1338 2593; x_wconf 86' lang='lat' dir='ltr'>fidei</span> <span class='ocrx_word' id='word_1_597' title='bbox 1353 2563 1496 2593; x_wconf 75' lang='lat' dir='ltr'>forniatae</span> <span class='ocrx_word' id='word_1_598' title='bbox 1516 2563 1554 2592; x_wconf 91' lang='lat' dir='ltr'>ad</span> <span class='ocrx_word' id='word_1_599' title='bbox 1574 2562 1710 2601; x_wconf 83' lang='lat' dir='ltr'>gloriam</span> <span class='ocrx_word' id='word_1_600' title='bbox 1722 2586 1730 2600; x_wconf 85' lang='lat'>‚</span> <span class='ocrx_word' id='word_1_601' title='bbox 1744 2572 1801 2603; x_wconf 90' lang='lat' dir='ltr'>pro</span> 
     </span>
     <span class='ocr_line' id='line_1_93' title="bbox 1035 2615 1802 2657; baseline -0.001 -9"><span class='ocrx_word' id='word_1_602' title='bbox 1035 2626 1072 2648; x_wconf 91' lang='lat' dir='ltr'>eo</span> <span class='ocrx_word' id='word_1_603' title='bbox 1087 2617 1172 2657; x_wconf 87' lang='lat' dir='ltr'>quod</span> <span class='ocrx_word' id='word_1_604' title='bbox 1186 2618 1275 2647; x_wconf 87' lang='lat' dir='ltr'>actus</span> <span class='ocrx_word' id='word_1_605' title='bbox 1293 2615 1365 2646; x_wconf 88' lang='lat' dir='ltr'>fidei</span> <span class='ocrx_word' id='word_1_606' title='bbox 1386 2615 1529 2646; x_wconf 83' lang='lat' dir='ltr'>informis</span> <span class='ocrx_word' id='word_1_607' title='bbox 1551 2624 1617 2646; x_wconf 92' lang='lat' dir='ltr'>non</span> <span class='ocrx_word' id='word_1_608' title='bbox 1638 2615 1732 2647; x_wconf 83' lang='lat' dir='ltr'>habet</span> <span class='ocrx_word' id='word_1_609' title='bbox 1745 2624 1802 2656; x_wconf 90' lang='lat' dir='ltr'>op-</span> 
     </span>
    </p>
   </div>
   <div class='ocr_carea' id='block_1_15' title="bbox 1066 2679 1258 2708">
    <p class='ocr_par' dir='ltr' id='par_1_16' title="bbox 1066 2679 1258 2708">
     <span class='ocr_line' id='line_1_94' title="bbox 1066 2679 1258 2708; baseline 0 -8"><span class='ocrx_word' id='word_1_610' title='bbox 1066 2682 1096 2708; x_wconf 72' lang='lat'>(11)</span> <span class='ocrx_word' id='word_1_611' title='bbox 1110 2679 1150 2703; x_wconf 79' lang='lat' dir='ltr'>Al.</span> <span class='ocrx_word' id='word_1_612' title='bbox 1165 2680 1258 2702; x_wconf 83' lang='lat' dir='ltr'>motus.</span> 
     </span>
    </p>
   </div>
   <div class='ocr_carea' id='block_1_16' title="bbox 1836 875 1931 902">
    <p class='ocr_par' dir='ltr' id='par_1_17' title="bbox 1836 875 1931 902">
     <span class='ocr_line' id='line_1_95' title="bbox 1836 875 1931 902; baseline 0.011 -6"><span class='ocrx_word' id='word_1_613' title='bbox 1836 875 1931 902; x_wconf 77' lang='lat' dir='ltr'>Improb.</span> 
     </span>
    </p>
   </div>
  </div>
 </body>
</html>
