2017 2960
110 1625 154 1645 Fun

158 1621 213 1639 sinin.

236 205 292 233 *¹495

234 274 303 302 tum
334 272 428 302 totius
456 270 579 301 :editicii
610 268 802 308 spiritualis,
828 267 921 297 datur
946 275 1002 306 per

233 333 430 364 consequens
455 323 588 360 intelligi
615 321 755 361 ejusdem
783 320 907 351 aedificii
936 323 1000 350 tota

233 377 347 408 fabrica
365 389 371 408 z
388 381 415 407 et
433 386 487 416 per
510 377 567 405 hot·
592 377 696 414 patent
718 375 770 404 illa
789 374 851 404 duo
866 373 998 411 objecta.

233 429 318 461 Patet
333 431 427 461 eliani
448 437 545 468 quare
561 428 664 466 inagis
681 427 796 457 dieitur
813 425 1001 455 fundamen-

234 486 299 514 tnni
320 492 385 513 csse.
413 491 521 511 reruni
548 480 776 520 sperandarum
790 503 798 516 ,
815 488 912 518 quam
932 487 998 508 cre-

231 536 416 572 ‹lotum-uni,
444 534 494 565 vel
518 534 742 564 timendarum.
761 533 820 564 Per
839 532 898 562 hoc
913 532 1001 561 enim

231 589 312 628 quod
329 588 442 617 dicitur
456 587 702 627 sperzunlaruin,
719 585 822 624 magis
839 585 930 615 datur
951 584 999 614 in·

232 642 329 679 {elligi
354 641 425 671 finis
446 641 591 676 virtutis,
608 641 662 680 qui
683 642 729 670 est
755 639 821 678 ipsa
840 637 999 667 beatitudo

230 697 404 734 expectata,
427 703 523 734 quam
549 703 604 733 per
622 694 681 723 hoc
703 691 787 732 quod
802 691 916 721 dicitur
931 699 998 720 cre-

230 747 380 784 dendum,
395 748 445 778 vel
457 747 641 784 amandum,
654 746 703 776 vel
715 744 905 775 timendum.
920 742 999 773 Nam

233 801 281 831 isti
297 804 385 831 actus
406 811 469 832 non
493 800 711 832 tantummodo
734 801 807 829 sunt
832 797 866 827 in
891 798 999 833 finem,

233 854 285 884 sed
301 855 395 885 etiam
410 855 442 884 in
459 864 495 885 ea
507 863 579 894 quae
595 855 670 885 sunt
684 853 723 883 ad
737 853 846 882 finem.

462 978 703 1012 ARTICL'LUS
728 977 767 1010 II.

273 1067 506 1107 Consequenter
529 1066 685 1106 quaeritur
707 1066 745 1096 de
769 1065 829 1095 fide
859 1062 998 1099 informi,

231 1121 313 1150 circa
340 1130 437 1159 quam
465 1122 655 1159 quaeruntur
690 1119 831 1158 quinque
861 1128 867 1147 z
899 1115 1001 1156 primo

229 1173 380 1213 quaeritur
395 1174 432 1203 de
447 1175 517 1212 eJus
535 1182 672 1211 genere3
690 1171 826 1202 secundo
844 1170 1000 1210 quaeritur

229 1228 267 1258 de
289 1228 358 1266 ejus
378 1227 516 1266 origine;
534 1227 625 1257 tertio
640 1226 794 1266 quaeritur
808 1224 846 1255 de
859 1225 928 1262 ejus
943 1223 999 1252 ol]-

225 1281 327 1319 jeclo;
349 1283 462 1319 quarto
483 1280 639 1320 quaeritur
662 1279 699 1309 de
724 1279 793 1317 ejus
813 1276 997 1312 duratione;

231 1334 343 1373 quinto
366 1337 395 1364 et
414 1334 527 1364 ultimo
542 1333 696 1373 quaeritur
712 1332 749 1362 (le
765 1332 835 1370 ejus
851 1329 1002 1360 informa-

231 1387 324 1417 tione.

493 1447 668 1484 QUAESTIO
693 1447 716 1477 1.

303 1522 347 1548 An
363 1520 425 1554 fides
445 1521 569 1553 infirmis
583 1521 618 1546 sit
636 1521 664 1546 in
681 1526 773 1553 genere
790 1518 899 1543 virtutis
911 1514 929 1542 ¹.

275 1601 385 1632 Utrum
409 1602 486 1631 fidos
505 1601 649 1631 informis
664 1600 703 1630 sit
718 1599 749 1629 in
763 1606 881 1637 genere
895 1597 1001 1627 virtu-

233 1655 283 1693 tis,
298 1664 338 1685 an
353 1664 416 1685 non
430 1666 436 1692 3
456 1657 486 1685 et
497 1654 579 1694 quod
592 1654 624 1684 in
635 1661 752 1692 genere
767 1650 904 1687 virtutis,
919 1648 1003 1679 vide-

233 1711 284 1739 tur
295 1709 397 1748 primo
411 1718 465 1748 per
478 1708 554 1737 illud
565 1707 649 1746 quod
665 1706 738 1736 dicit
753 1703 957 1743 Augustinus
970 1702 1002 1732 in

230 1762 309 1792 libro
329 1763 383 1802 qui
406 1761 586 1792 intitulatur
605 1761 644 1790 ab
661 1759 819 1799 aliquibus
840 1768 846 1788 z
865 1759 908 1788 De
925 1764 1002 1788 vera

230 1817 413 1848 innocentia
428 1826 437 1844 :
455 1827 469 1843 «
484 1815 562 1845 Cum
586 1816 709 1844 caeterae
725 1813 859 1843 vlrtutes
881 1811 1002 1850 possint

229 1870 318 1900 bonis
334 1873 363 1900 et
379 1869 468 1899 malis
483 1878 549 1899 esse
573 1876 758 1898 communes
772 1890 779 1902 ‚
796 1866 861 1895 sola
876 1864 1001 1895 dilectio

229 1926 272 1953 est
299 1922 425 1962 propria
438 1924 468 1951 et
485 1921 627 1960 specialis
643 1920 744 1950 virtus
764 1919 889 1958 piorum
905 1919 1001 1956 atque

229 1978 421 2005 sanctorum.
432 1986 446 2001 »
462 1974 545 2012 Ergo
556 1973 634 2003 fides
650 1973 750 2002 virtus
761 1974 807 2002 est
819 1980 924 2001 comm
931 1970 1001 2000 unis

230 2028 321 2059 honis
341 2030 371 2058 et
395 2027 485 2057 malis
503 2038 508 2057 :
527 2027 579 2056 sed
603 2027 636 2056 in
656 2025 747 2055 malis
762 2034 829 2055 non
845 2023 1000 2063 reperitur

229 2082 289 2112 nisi
314 2081 390 2111 fides
414 2081 557 2111 informis
573 2089 580 2109 :
596 2088 674 2118 ergo
695 2078 773 2108 fides
795 2077 941 2108 informis
955 2078 1001 2106 est

231 2136 344 2166 virtus.

271 2188 349 2220 Item
365 2211 373 2225 ‚
387 2187 563 2217 secundum
577 2185 662 2226 quod
678 2185 748 2216 vult
761 2184 970 2224 Philosophus
979 2186 1002 2220 ¹,

231 2243 313 2273 circa
337 2241 475 2272 difficilia
494 2243 524 2271 et
546 2240 645 2270 ardua
668 2239 843 2270 necessaria
874 2240 920 2268 est
944 2237 1002 2277 ipsi

183 2314 188 2319 ·
233 2296 331 2326 menti
345 2294 488 2325 rationali
506 2302 556 2323 ars
570 2295 600 2323 et
622 2293 724 2323 virtus
741 2303 747 2322 ι
765 2301 842 2331 ergo
858 2300 931 2321 cum
947 2300 1003 2321 ar-

232 2349 318 2380 ticuli
337 2348 408 2379 {idei
431 2347 572 2378 difficiles
593 2346 655 2376 sint
677 2346 715 2376 ad
737 2345 945 2383 eredendum,
964 2344 1003 2375 ad

231 2403 292 2433 hoe
306 2402 389 2441 quod
403 2400 491 2431 facile
508 2399 687 2437 credantur,
706 2398 880 2429 necessaria
890 2401 936 2429 est
950 2406 1002 2428 ars

233 2456 283 2486 vel
296 2456 399 2485 virtus
415 2465 422 2484 :
437 2453 489 2484 sed
505 2452 583 2483 fides
598 2452 741 2482 informis
763 2452 835 2482 facit
854 2450 1002 2482 articulos

233 2509 320 2539 faeile
343 2508 437 2543 orodi,
461 2508 540 2537 sieut
555 2508 637 2546 patet
654 2506 685 2535 in
703 2505 812 2536 multis
828 2505 1000 2544 peccatori-

265 2568 273 2583 ¹
287 2567 326 2596 (js.
343 2566 411 2590 Alex.
425 2565 531 2595 Mensis,
541 2572 566 2595 p.
579 2565 620 2593 ΙΙΙ,
633 2571 657 2595 q.
669 2569 739 2594 LXIV,
752 2564 847 2587 memb.
859 2565 872 2587 3
882 2582 889 2594 ‚
906 2565 930 2587 et
945 2562 1002 2586 coll.

233 2605 399 2632 xxxvnbarr
409 2603 471 2631 2;S.
483 2601 583 2629 Thom„
595 2600 693 2630 tt-n,q.
703 2606 740 2629 iv,
751 2602 798 2622 art.
810 2601 836 2629 3;
847 2602 872 2623 et
884 2599 913 2622 ΙΙΙ
923 2599 1004 2630 Seut„

233 2638 290 2661 dist,
305 2643 379 2666 xxm,
394 2644 419 2667 q.
431 2643 461 2666 u,
472 2639 518 2661 art.
531 2635 700 2666 4;1ti‹·hard.,
717 2634 747 2658 ΙΙΙ
761 2636 839 2665 Seni„
853 2635 909 2658 dis-t.
927 2640 1002 2664 xxiii,

267 2684 297 2707 tu„
315 2678 374 2700 Coel.
387 2678 447 2700 edil.
463 2677 597 2701 contineri.
608 2688 638 2693 —
651 2675 681 2704 ⁴b)
700 2675 760 2699 Coet.
772 2674 830 2698 eclzl.
845 2675 912 2699 deest
928 2682 963 2699 se.

791 200 1099 231 SENTENTIARUM
1122 200 1194 231 LIB.
1219 198 1271 230 111.

1057 267 1116 297 bus
1131 278 1137 296 :
1153 276 1232 305 ergo
1249 267 1326 297 fides
1337 267 1480 298 informis
1493 267 1542 298 vel
1556 269 1603 298 est
1614 276 1676 304 am,
1694 267 1743 299 vel
1756 268 1822 298 vir-

1056 322 1106 350 tus
1123 331 1129 350 :
1147 320 1201 350 sed
1218 329 1283 350 non
1297 322 1343 350 est
1360 329 1429 358 affl,
1446 329 1503 351 nec
1517 321 1647 351 seientia
1664 331 1670 351 z
1686 330 1764 361 ergo
1778 321 1823 352 vi-

1056 373 1148 402 detur
1163 373 1246 412 quod
1266 373 1305 402 sit
1321 372 1431 403 virtus.

1096 426 1174 456 Item
1196 426 1326 465 majoris
1344 425 1536 456 difficultatIs
1550 428 1595 457 est
1610 427 1735 457 credere
1749 427 1826 457 arti-

1055 479 1143 508 culos
1158 479 1241 515 fidei,
1258 487 1355 518 quam
1371 478 1530 509 continere
1546 488 1579 509 se
1598 479 1636 518 (a)
1652 480 1691 510 ab
1707 482 1778 511 actu
1792 480 1826 510 li-

1056 531 1180 569 bidinis,
1203 532 1355 572 quoniam
1374 531 1451 562 illud
1467 533 1568 571 potest
1586 532 1666 563 ratio
1680 543 1743 565 non
1759 534 1824 565 ele-

1056 586 1145 622 vata,
1169 585 1229 615 hoe
1249 587 1358 615 autem
1369 609 1376 622 ‚
1395 585 1511 615 scilicet
1526 585 1651 616 credere
1664 609 1672 622 ‚
1688 595 1751 617 non
1766 596 1825 626 po-

1055 640 1125 675 test,
1138 637 1197 667 nisi
1212 647 1308 677 super
1323 647 1355 668 se
1369 638 1509 668 elevetur
1525 648 1531 668 z
1547 637 1600 669 sed
1618 638 1779 669 continere
1793 648 1826 670 se

1059 692 1108 731 (b),
1125 692 1277 722 charitate
1290 691 1528 731 circumscripta
1538 715 1546 729 ‚
1562 693 1608 721 est
1621 693 1710 722 aetus
1724 691 1826 722 virtu-

1057 745 1120 776 tis:
1139 754 1215 783 ergo
1239 747 1270 775 et
1293 745 1418 775 credere
1442 755 1449 774 ε
1472 745 1525 775 sed
1548 744 1626 775 illud
1643 744 1769 775 credere
1783 746 1829 775 est

1056 797 1182 828 virtutis
1195 797 1267 827 fidei
1279 797 1425 828 informis
1442 809 1447 828 :
1466 806 1556 836 ergo,
1568 799 1626 828 ete.

1097 850 1173 881 Item
1189 851 1274 890 quod
1293 851 1407 882 directe
1426 851 1597 891 opponitur
1612 850 1690 881 vitio
1707 853 1738 881 et
1752 859 1828 890 pec-

1056 906 1124 935 cato
1137 929 1144 942 ,
1161 905 1262 935 virtus
1286 907 1332 935 est
1355 915 1361 935 :
1383 904 1435 935 sed
1454 904 1578 934 habitus
1594 903 1666 934 fidei
1682 903 1828 934 informis

1057 958 1172 988 directe
1193 958 1364 997 opponitur
1387 957 1445 997 ipsi
1466 957 1581 987 haeresi
1597 959 1627 987 et
1637 956 1827 993 infidelitati,

1056 1022 1130 1053 quae
1149 1016 1222 1044 sunt
1236 1013 1313 1044 vitia
1336 1015 1367 1043 et
1389 1015 1531 1053 peecata⁷
1555 1021 1613 1043 nec
1628 1013 1729 1051 potest
1754 1020 1828 1042 cum

1057 1067 1102 1097 eis
1123 1069 1205 1097 stare
1222 1077 1228 1097 :
1253 1075 1330 1105 ergo
1348 1075 1472 1097 neeesse
1485 1067 1532 1096 est
1547 1065 1643 1096 fidem
1656 1064 1828 1095 informem

1057 1130 1123 1151 esse
1138 1120 1300 1151 virtutem.

1098 1173 1174 1204 Item
1189 1174 1351 1204 humilitas
1362 1197 1370 1211 ‚
1387 1183 1451 1212 qua
1466 1173 1536 1212 quis
1559 1172 1707 1203 humiliat
1723 1180 1756 1203 se
1776 1172 1828 1203 vel

1057 1226 1204 1257 affectum
1220 1236 1315 1257 suum
1329 1226 1388 1256 sub
1403 1226 1558 1256 mandatis
1579 1225 1695 1256 divinae
1711 1225 1829 1265 majes—

1057 1280 1139 1317 tatis,
1155 1280 1250 1310 habet
1264 1280 1418 1309 rationem
1434 1278 1560 1309 virtutis
1578 1289 1585 1308 t
1603 1287 1680 1317 ergo
1697 1278 1765 1317 pari
1780 1287 1828 1308 ra-

1058 1332 1141 1362 tione
1155 1335 1185 1363 et
1203 1333 1254 1362 illa
1273 1332 1452 1369 humilitas,
1469 1341 1532 1371 qua
1548 1331 1618 1371 quis
1633 1340 1665 1361 se
1679 1330 1829 1361 humiliat

1057 1386 1116 1415 sul)
1142 1386 1264 1425 regulis
1287 1385 1403 1416 divinae
1424 1384 1581 1420 veritam,
1604 1383 1699 1413 etiam
1713 1385 1830 1423 praeter

1058 1438 1241 1469 charitatem
1254 1437 1351 1469 habet
1361 1437 1515 1467 rationem
1531 1436 1658 1467 virtutis
1668 1445 1676 1466 ε
1687 1435 1739 1466 sed
1753 1436 1832 1467 fides

1059 1492 1204 1522 informis
1219 1493 1266 1521 est
1283 1490 1484 1531 hujusmodi,
1500 1499 1556 1530 per
1572 1498 1670 1529 quam
1690 1488 1830 1529 captiva-

1059 1548 1111 1576 tnr
1132 1546 1309 1577 intellectus
1325 1546 1357 1576 in
1372 1545 1561 1585 obsequium
1584 1543 1698 1575 Christi
1717 1543 1756 1574 ad
1778 1552 1831 1573 as-

1059 1600 1259 1630 sentiendum
1275 1600 1303 1630 ei
1325 1599 1357 1629 in
1381 1599 1529 1629 omnibus
1550 1597 1694 1628 articulis
1717 1607 1724 1627 ε
1752 1605 1830 1636 ergo

1059 1653 1136 1683 fides
1150 1653 1293 1684 informis
1308 1654 1354 1683 est
1369 1653 1402 1682 in
1418 1661 1535 1691 genere
1550 1651 1688 1681 virtutis.

1099 1705 1159 1736 Sed
1176 1709 1284 1737 contra
1299 1715 1306 1736 z
1325 1706 1358 1736 1³
1370 1716 1375 1736 :
1387 1705 1482 1737 Fides
1501 1706 1569 1736 sine
1586 1704 1732 1744 operibus
1745 1712 1826 1736 mor·
1842 1716 1935 1744 Adopp.

1060 1762 1116 1791 tua
1130 1762 1174 1790 est
1185 1770 1196 1790 .·
1211 1759 1264 1790 sed
1288 1759 1367 1789 nihil
1382 1758 1467 1798 quod
1485 1760 1531 1788 est
1547 1760 1711 1788 mortuum
1734 1757 1829 1787 habet

1060 1814 1091 1843 in
1114 1822 1145 1843 se
1169 1813 1324 1842 rationem
1348 1811 1475 1842 virtutis
1496 1822 1502 1841 :
1521 1811 1546 1841 si
1570 1819 1648 1849 ergo
1664 1810 1741 1841 fides
1763 1810 1830 1840 sine

1059 1866 1164 1905 gratia
1177 1868 1208 1896 et
1222 1865 1373 1895 charitate
1387 1865 1473 1895 caret
1487 1863 1635 1904 operibus
1648 1862 1828 1901 fructuosis,

1059 1921 1089 1949 et
1104 1919 1148 1949 sic
1165 1920 1289 1949 mortua
1304 1920 1361 1956 est,
1374 1918 1442 1957 jam
1458 1925 1536 1955 ergo
1549 1925 1614 1947 non
1630 1915 1725 1947 habet
1740 1915 1833 1946 ratio·

1060 1981 1134 2002 nem
1150 1971 1286 2002 virtutis.

1100 2027 1129 2056 2.
1151 2025 1229 2056 Item
1243 2048 1251 2061 ,
1269 2025 1350 2055 sicut
1365 2023 1440 2054 dicit
1457 2022 1661 2062 Augustinus
1671 2046 1680 2061 ‚
1694 2023 1725 2052 et
1737 2021 1832 2052 habi-

1059 2081 1129 2110 tum
1152 2081 1197 2109 est
1220 2087 1317 2118 supra
1339 2078 1373 2108 in
1393 2076 1532 2108 secundo
1546 2076 1626 2107 libro
1640 2075 1650 2092 ⁸
1668 2086 1674 2106 :
1697 2086 1712 2104 (ι
1725 2074 1833 2107 Virtus

1060 2134 1105 2163 est
1120 2131 1202 2162 hona
1222 2130 1357 2171 qualitas
1378 2130 1505 2166 meum,
1523 2138 1586 2168 qua
1600 2130 1683 2159 recte
1698 2127 1830 2166 vivitur,

1059 2195 1123 2225 qua
1150 2194 1244 2216 nemo
1267 2183 1350 2215 male
1373 2183 1497 2214 utitur:
1514 2193 1529 2211 »
1548 2181 1601 2213 sed
1620 2181 1682 2212 fide
1703 2179 1832 2212 informi

1060 2248 1125 2270 non
1147 2240 1229 2269 recte
1245 2237 1365 2269 vivitur
1377 2260 1384 2274 ‚
1402 2238 1432 2267 et
1451 2235 1543 2267 multi
1566 2235 1648 2266 male
1672 2236 1829 2265 utuntur:

1060 2301 1137 2331 ergo
1154 2291 1231 2322 fides
1244 2289 1389 2321 informis
1408 2289 1466 2320 suh
1481 2297 1600 2328 genere
1619 2287 1744 2319 virtutis
1765 2295 1831 2317 non

1060 2345 1249 2375 continetur.

1101 2401 1129 2430 3.
1158 2398 1235 2429 Item
1257 2397 1361 2428 omnis
1384 2396 1487 2428 virtus
1509 2397 1563 2426 aut
1583 2396 1629 2425 est
1649 2394 1828 2433 cardinalis,

1060 2454 1115 2483 aut
1137 2451 1326 2490 theologica.
1352 2450 1385 2481 Si
1409 2458 1486 2488 ergo
1509 2447 1586 2479 fides
1611 2447 1759 2479 informis
1784 2448 1831 2478 est

1060 2505 1174 2542 virtus,
1201 2507 1258 2536 aut
1278 2506 1324 2535 est
1344 2501 1532 2539 cardinale„
1547 2502 1602 2532 aut
1625 2500 1803 2540 theologica
1820 2510 1828 2531 ε

1061 2571 1106 2592 art.
1120 2571 1141 2593 4.
1154 2576 1168 2598 «ι
1191 2575 1237 2598 111;
1252 2568 1338 2598 steph.
1355 2565 1458 2594 Biutof„
1472 2564 1500 2588 ΙΙΙ
1515 2566 1592 2594 Seni„
1603 2564 1659 2588 dist.
1671 2570 1747 2594 xx111,
1759 2571 1783 2595 q.
1795 2569 1830 2589 vl.

1061 2608 1108 2621 —·-¹
1123 2604 1207 2634 Arist„
1225 2603 1315 2632 Educ„
1332 2602 1375 2625 lib.
1391 2602 1419 2631 lt,
1431 2606 1545 2624 c.111.—
1558 2601 1640 2630 ³Jac.‚
1654 2605 1685 2630 11,
1702 2601 1739 2629 ⁴0,
1758 2601 1831 2623 16.—

1061 2640 1071 2655 ³
1085 2639 1203 2669 Magister
1222 2639 1290 2662 illam
1310 2637 1410 2667 collegit
1425 2643 1456 2659 ex
1474 2637 1538 2666 Aug.
1558 2635 1622 2659 Vide
1636 2635 1755 2665 litteram,
1770 2634 1829 2658 dist.

1062 2680 1143 2702 xxvu,
1159 2682 1181 2698 c.
1201 2673 1333 2697 Videndum
1348 2675 1392 2696 est.
