2017 2960
80 1498 159 1518 mereri

53 1529 111 1555 qiud.

673 180 767 210 msT.
789 178 895 210 XVIII.
920 178 1010 209 ART.
1035 178 1058 209 1.
1081 178 1230 216 QUAEST.
1256 178 1292 208 ll.

179 252 210 281 et
232 250 330 290 prius,
349 250 462 280 natum
483 250 529 278 est
555 246 733 278 consimiles
755 246 954 286 operationes

179 303 302 334 efficere
323 313 330 333 ι
349 301 404 332 sed
419 301 557 332 liberum
579 300 747 331 arbitrium
770 299 804 330 in
829 298 952 330 Christo

178 356 288 387 eodem
305 355 399 386 modo
414 364 447 385 se
461 355 557 385 habet
572 356 642 395 post
655 353 906 393 conceptionem,
923 354 953 383 et

178 411 247 450 post
262 408 544 444 resurrectionem,
566 410 597 439 et
610 407 715 447 gratia
736 406 899 443 similiter;
923 407 953 436 et

176 462 246 493 haec
271 462 335 493 duo
358 456 438 492 sunt
458 461 612 502 principia
634 459 777 491 merendi
799 470 806 490 ι
828 459 853 489 si
875 467 952 498 ergo

177 517 247 556 post
268 515 534 547 resurrectionem
556 524 622 546 non
645 514 780 551 meruit,
796 522 874 552 ergo
895 521 953 543 nec

177 571 248 610 post
260 570 510 610 conceptionem.
525 569 558 600 Si
571 571 607 600 tu
621 568 704 599 dicas
718 567 803 607 quod
818 567 908 597 aliter
923 568 953 596 et

177 622 267 653 aliter
285 632 318 653 se
337 623 444 659 habet,
460 624 619 662 quantum
640 623 686 652 est
707 630 748 651 ex
770 622 859 660 parte
882 628 954 650 car-

177 676 244 713 nis,
259 676 319 707 hoc
333 685 398 707 non
412 676 505 707 solvit
519 685 526 713 ;
542 675 618 715 quia
636 674 787 705 meritum
803 682 868 704 non
884 682 952 703 res-

177 730 252 770 picit
272 732 390 761 statum
415 729 529 767 carnis,
554 728 608 759 sed
632 730 747 758 statum
770 727 949 758 charitatis:

176 791 255 822 ergo
277 783 302 812 si
323 781 463 813 Christus
488 783 559 822 post
577 781 816 821 conceptionem
838 780 953 810 habuit

176 835 363 866 charitatem
382 835 491 875 patriae
511 844 601 875 aeque
620 834 759 866 nobilem
781 836 811 866 et
831 834 953 874 perfec-

175 890 253 927 tam,
269 889 352 920 sicut
367 888 462 920 modo
474 888 585 924 habet,
600 897 658 919 nec
673 890 719 919 est
732 889 802 928 ejus
817 887 953 918 charitas

175 943 312 981 variata,
332 942 358 972 si
378 942 473 973 modo
488 950 554 972 non
569 941 663 972 habet
677 950 774 972 usum
790 940 950 980 merendi,

175 995 302 1027 videtur
320 995 405 1035 quod
419 1004 479 1026 nec
495 997 571 1026 tunc
585 994 743 1025 habuerit.

445 1127 671 1160 CONCLUSIO.

175 1218 294 1246 Christus
305 1220 367 1253 post
385 1219 581 1252 conceptionem
595 1217 692 1243 habuit
710 1224 785 1243 usum
804 1218 909 1250 mci-iti,
927 1219 952 1243 et

210 1264 381 1291 exercitium:
397 1265 423 1289 et
444 1263 543 1289 meruit
561 1262 637 1290 nobis
658 1263 756 1297 grutiae
772 1263 950 1295 infusionem,

209 1309 307 1342 qratt'oe
318 1308 527 1343 promotionem,
544 1309 569 1334 ec
586 1307 712 1334 bonorum
727 1314 835 1342 operum
859 1307 952 1333 multi-

207 1352 399 1387 plicationem‚·
415 1352 469 1379 sibi
479 1353 533 1379 alio
545 1351 620 1379 modo
635 1352 744 1386 meruit,
755 1351 889 1387 quodjecm
898 1351 952 1378 sibi

212 1396 366 1424 debebatur,

215 1477 307 1517 Resp.
323 1477 364 1508 ad
378 1485 447 1516 arg.
464 1476 513 1507 Ad
531 1475 758 1516 praedictorum
773 1475 951 1515 intelligen-

176 1531 252 1563 tiam
266 1533 312 1562 est
326 1530 515 1567 notandum,
531 1529 617 1569 quod
632 1528 748 1560 mereri
762 1528 876 1559 diCitur
892 1529 951 1560 tri·

172 1584 295 1625 plicIter
311 1595 318 1615 t
336 1593 402 1615 uno
418 1584 512 1614 modo
526 1583 711 1623 simpliciter
725 1582 871 1620 abusive;
889 1581 950 1613 alio

172 1637 267 1669 modo
282 1637 398 1678 partim
414 1637 555 1677 proprie,
572 1639 603 1667 et
618 1636 734 1677 partim
753 1635 926 1676 improprie
939 1647 947 1674 ;

171 1691 265 1722 tertio
288 1691 382 1722 modo
398 1690 585 1730 simpliciter
604 1688 741 1729 proprie.
759 1688 950 1729 Simpliciter

171 1744 302 1775 abusive
331 1744 446 1775 dicitur
474 1743 609 1781 mereri,
635 1742 689 1782 qui
719 1742 792 1772 facit
821 1742 949 1782 aliquod

171 1807 252 1839 opus
265 1798 303 1829 de
317 1807 435 1838 genere
450 1798 625 1834 honorum,
647 1799 755 1827 tamen
775 1796 848 1826 facit
871 1796 948 1827 illud

171 1852 255 1883 mato
269 1852 375 1889 modo,
391 1851 423 1882 id
437 1853 484 1882 est
497 1850 582 1881 mala
596 1850 782 1888 intentione,
799 1849 881 1880 sicut
896 1849 948 1880 ille

171 1905 226 1945 qui
245 1905 299 1935 dat
314 1905 550 1944 eleemosynam
573 1912 647 1934 cum
666 1912 833 1934 murmure
850 1914 857 1933 :
874 1903 949 1934 talia

170 1957 258 1989 enim
281 1966 378 1997 opera
399 1956 572 1996 aliquando
586 1959 837 1987 remunerantur
851 1966 870 1987 a
885 1957 948 1987 Deo

170 2020 210 2041 ex
224 2010 382 2041 immensa
396 2010 555 2049 largitate,
571 2009 653 2040 sicut
667 2009 817 2040 innuitur
831 2010 870 2041 de
885 2010 949 2041 Na-

170 2066 424 2098 buchonodosor.
460 2066 515 2097 Ille
548 2075 624 2097 vero
656 2068 797 2097 meretur
830 2068 948 2107 partim

170 2120 308 2161 proprie,
332 2120 449 2160 partim
464 2119 613 2157 abusive,
630 2119 687 2159 qui
709 2119 783 2150 facit
805 2129 887 2160 opus
910 2121 948 2152 de

169 2182 289 2213 genere
311 2173 487 2211 bonorum,
512 2174 543 2203 et
567 2172 651 2203 bona
674 2173 862 2211 intentione,
889 2183 947 2205 ve-

170 2229 353 2258 rumtamen
373 2235 439 2257 non
462 2235 504 2257 ex
526 2226 679 2256 charitate
704 2236 711 2256 :
728 2226 811 2258 sicut
832 2227 949 2268 aliquis

169 2282 313 2321 peccator
335 2280 408 2311 facit
428 2289 525 2320 opera
539 2279 578 2311 de
593 2288 711 2319 genere
724 2280 899 2319 bonorum,
917 2283 949 2312 et

170 2336 299 2374 propter
313 2333 430 2371 Deum,
446 2333 479 2364 in
493 2333 612 2373 quibus
626 2333 665 2364 de
678 2342 822 2373 congruo
836 2343 870 2364 se
883 2334 949 2365 dis-

171 2386 262 2426 ponit
275 2387 316 2418 ad
331 2386 481 2427 gratiam.
504 2386 559 2417 Ille
573 2395 650 2417 vero
665 2388 806 2418 meretur
821 2387 947 2427 simpli-

172 2439 248 2470 citer
262 2441 399 2481 proprie,
416 2440 473 2481 qui
486 2440 560 2471 facit
574 2440 696 2471 bonum
711 2449 802 2480 opus,
820 2443 850 2471 et
865 2441 948 2472 bona

173 2492 357 2532 intentione,
371 2496 403 2524 et
415 2503 457 2525 ex
470 2493 634 2524 charitate.
653 2493 692 2524 Et
709 2493 852 2534 primum
875 2494 946 2534 qui-

172 2545 245 2577 dem
260 2545 407 2577 meritum
429 2547 544 2578 dicitur
562 2547 714 2579 meritum
730 2547 947 2588 interpretati-

173 2606 253 2628 vum
266 2607 274 2635 ;
292 2597 471 2629 secundum
488 2598 603 2630 dicitur
618 2599 770 2631 meritum
788 2601 923 2640 congrui
937 2610 945 2640 ;

173 2649 302 2681 tertium
337 2650 451 2681 dicitur
485 2651 635 2683 meritum
670 2652 831 2692 condigni.
867 2653 946 2685 Cum

1728 179 1781 207 39¹

1010 255 1091 285 ergo
1116 245 1273 286 quaeritur
1296 254 1338 276 an
1359 243 1502 276 Christus
1525 245 1698 283 meruerit,
1721 254 1787 276 non

1010 299 1167 340 quaeritur
1189 299 1228 331 de
1251 298 1357 339 primo
1379 300 1410 329 et
1430 298 1569 329 secundo
1593 299 1707 337 modo;
1733 300 1787 331 sed

1012 353 1169 393 quaeritur
1196 353 1234 384 de
1258 353 1361 384 tertio.
1388 352 1435 383 Ad
1458 351 1537 383 illud
1560 361 1637 391 ergo
1656 361 1786 392 respon-

1011 406 1163 445 dendum,
1185 407 1270 447 quod
1294 406 1410 437 mereri
1435 415 1475 437 ex
1499 406 1660 446 condigno
1685 406 1788 437 tribus

1010 459 1113 490 modis
1136 460 1291 500 contingit
1310 471 1316 491 :
1332 469 1399 491 uno
1422 459 1516 490 modo
1538 459 1655 490 mereri
1676 462 1722 490 est
1746 469 1786 491 ex

1010 512 1150 543 indebito
1166 513 1268 543 facere
1285 513 1446 551 debitum,
1463 514 1544 544 sicut
1559 515 1700 544 meretur
1714 513 1786 554 quis

1010 565 1043 595 in
1057 565 1170 604 gratiae
1185 565 1361 604 infusione,
1378 568 1408 596 et
1422 568 1512 596 motu
1532 566 1623 597 liberi
1642 566 1783 602 arbitrii:

1010 620 1071 664 alio
1086 621 1180 651 modo
1194 621 1310 652 mereri
1325 623 1371 652 est
1383 621 1421 651 de
1436 621 1540 652 debito
1560 622 1661 653 facere
1684 621 1787 662 magis

1010 675 1163 713 debitum,
1180 675 1262 706 sicut
1276 675 1434 714 contingit
1450 675 1488 705 de
1503 675 1645 715 prosectu
1660 675 1693 706 in
1710 685 1786 716 pro-

1009 729 1127 760 fectum
1138 753 1146 767 ,
1160 729 1199 760 de
1213 729 1331 759 virtute
1345 729 1378 759 in
1396 728 1548 759 virtutem
1561 738 1569 766 ;
1585 729 1677 759 tertio
1693 729 1787 759 modo

1010 783 1125 813 mereri
1151 784 1197 813 est
1213 782 1251 813 de
1266 781 1373 813 debito
1392 790 1458 813 uno
1473 781 1568 812 modo
1583 782 1683 812 facere
1698 781 1787 812 (lebi-

1010 838 1079 866 tum
1101 835 1162 866 alio
1185 835 1292 873 modo,
1313 837 1348 865 ut
1372 834 1410 866 de
1435 834 1540 866 debito
1563 844 1619 875 per
1638 835 1787 866 habitum

1009 888 1111 919 facere
1125 888 1268 919 debitum
1288 897 1344 928 per
1365 897 1478 926 usum,
1496 890 1527 919 et
1545 888 1583 919 de
1602 888 1708 919 debit-o
1732 897 1789 929 per

1009 951 1112 973 unum
1121 945 1228 973 actum
1241 943 1343 973 facere
1358 942 1502 973 debitum
1513 951 1570 983 per
1580 942 1679 973 alium
1694 951 1788 983 &eque

1009 995 1144 1026 honum.
1160 995 1314 1027 Omnibus
1328 996 1379 1027 his
1391 996 1494 1027 modis
1511 996 1654 1027 Christus
1669 996 1788 1027 meruit

1009 1048 1100 1079 nobis
1123 1060 1130 1080 :
1155 1049 1275 1080 meruit
1297 1049 1384 1080 enim
1405 1049 1496 1080 nobis
1522 1049 1636 1089 gratiae
1658 1049 1788 1080 infusio-

1009 1111 1100 1141 nem;
1119 1103 1236 1134 meruit
1259 1105 1290 1134 et
1310 1103 1424 1143 gratiae
1444 1103 1701 1143 promotionem3
1718 1112 1788 1134 me—

1008 1156 1073 1187 ruit
1087 1158 1118 1187 et
1132 1156 1291 1187 bonorum
1307 1165 1442 1196 operum
1461 1156 1759 1196 multiplicationem
1777 1165 1785 1187 :

1008 1210 1069 1240 sibi
1094 1212 1204 1241 autem
1226 1219 1293 1242 non
1317 1211 1451 1249 meruit,
1475 1211 1537 1241 nisi
1563 1211 1655 1242 tertio
1678 1211 1784 1249 modo,

1008 1264 1136 1295 tantum
1155 1266 1226 1304 post
1246 1265 1485 1305 conceptionem
1501 1275 1508 1295 ι
1527 1265 1594 1305 ipse
1613 1264 1699 1295 enim
1720 1273 1786 1295 non

1007 1317 1111 1358 potuit
1125 1318 1226 1349 facere
1240 1317 1300 1348 sibi
1315 1318 1354 1349 de
1376 1317 1515 1349 indebito
1536 1317 1694 1356 debitum,
1711 1327 1785 1349 cum

1007 1372 1096 1403 omni
1114 1372 1199 1403 bono
1220 1374 1302 1403 esset
1319 1371 1456 1411 dignus;
1474 1380 1540 1402 non
1561 1371 1664 1412 potuit
1684 1372 1786 1403 facere

1007 1425 1046 1457 de
1059 1425 1164 1456 debito
1180 1426 1284 1465 magis
1302 1425 1461 1463 debitum,
1483 1434 1557 1456 cum
1577 1425 1666 1456 omni
1681 1425 1786 1464 gratia

1007 1479 1046 1510 ab
1062 1479 1128 1519 ipsa
1143 1479 1347 1520 conceptione
1364 1481 1444 1510 esset
1466 1479 1591 1519 plenus.
1617 1478 1678 1510 Sed
1699 1479 1785 1519 quod

1007 1535 1074 1563 erat
1088 1533 1230 1564 debitum
1246 1542 1311 1564 uno
1333 1532 1443 1571 modo,
1461 1532 1532 1563 tecit
1546 1532 1690 1563 debitum
1709 1532 1785 1572 plu-

1006 1586 1095 1617 ribus
1115 1586 1218 1618 modis
1236 1597 1243 1618 z
1260 1588 1291 1618 et
1311 1587 1355 1618 ita
1377 1586 1496 1618 meruit
1520 1586 1697 1617 secundum
1720 1588 1784 1617 ter-

1005 1640 1087 1671 tium
1112 1640 1247 1671 modum
1267 1640 1391 1671 dicendi
1413 1640 1565 1671 meritum
1586 1639 1702 1678 solum,
1717 1649 1783 1671 non

1005 1695 1134 1734 propter
1156 1693 1429 1733 imperfectionem
1443 1702 1462 1723 a
1476 1695 1566 1733 parte
1586 1693 1692 1723 meriti
1705 1717 1713 1731 ‚
1729 1693 1783 1724 sed

1005 1749 1134 1787 propter
1157 1746 1383 1787 perfectionem
1406 1756 1425 1776 a
1449 1749 1538 1786 parte
1561 1747 1722 1777 merentis.
1746 1746 1785 1777 Et

1004 1797 1065 1828 hoc
1079 1800 1125 1829 est
1138 1797 1224 1838 quod
1237 1797 1353 1828 dicitur
1367 1797 1401 1828 in
1415 1797 1519 1828 littera
1536 1808 1543 1828 z
1566 1809 1580 1826 «
1595 1796 1664 1828 Non
1680 1797 1784 1837 profe-

1005 1851 1046 1882 cit
1070 1851 1212 1881 Christus
1237 1850 1416 1881 secundum
1445 1850 1599 1881 meritum
1625 1853 1783 1891 quantum

1004 1905 1044 1936 ad
1060 1905 1212 1935 virtutem
1230 1904 1346 1941 meriti,
1361 1904 1491 1945 profecit
1505 1907 1612 1935 tamen
1625 1906 1783 1944 quantum

1004 1959 1044 1990 ad
1059 1967 1233 1990 numerum
1253 1958 1452 1989 meritorum.
1468 1969 1482 1986 >³
1502 1957 1598 1989 Plura
1618 1957 1705 1988 enim
1725 1957 1783 1988 ha-

1003 2012 1073 2044 buit
1096 2012 1210 2043 merita
1232 2012 1267 2042 in
1288 2012 1445 2052 passione,
1468 2020 1567 2051 quam
1591 2011 1625 2041 in
1651 2020 1784 2051 concep-

1003 2066 1099 2096 tione.
1116 2065 1330 2096 Concedendae
1345 2067 1419 2096 sunt
1433 2073 1512 2105 ergo
1527 2065 1586 2095 rati
1602 2074 1665 2095 *nes
1681 2066 1784 2095 osten-

1002 2119 1111 2150 dentes
1127 2119 1302 2157 Christum,
1320 2120 1391 2159 post
1407 2118 1662 2158 conceptioiem,
1685 2127 1781 2149 usum

1002 2175 1035 2205 et
1049 2172 1238 2204 exercitium
1252 2171 1358 2203 meriti
1376 2171 1538 2202 habuisse.

1043 2229 1073 2258 ί.
1090 2226 1138 2257 Ad
1159 2225 1238 2256 illud
1255 2225 1341 2265 quod
1358 2225 1550 2265 opponitur,
1568 2223 1654 2264 quod
1668 2226 1781 2263 poten-

1002 2279 1045 2310 tia
1060 2279 1271 2310 determinata
1285 2278 1325 2309 ad
1347 2287 1451 2309 unum
1468 2287 1531 2309 non
1552 2277 1626 2308 facit
1647 2286 1728 2317 opus
1742 2276 1781 2307 de

1002 2342 1122 2373 genere
1134 2332 1361 2370 laudabilium,
1379 2331 1550 2363 dicendum
1568 2331 1654 2371 quod
1677 2330 1781 2361 deter-

1002 2386 1138 2418 minatio
1154 2386 1303 2427 potentiae
1319 2386 1359 2417 ad
1381 2395 1487 2417 unum
1509 2387 1610 2425 potest
1632 2393 1698 2415 esse
1720 2383 1781 2415 du-

1002 2440 1140 2480 pliciter,
1157 2439 1304 2472 videlicet
1320 2448 1375 2480 per
1397 2438 1614 2470 necessitatem
1636 2439 1778 2475 naturae,

1002 2495 1032 2524 et
1047 2502 1104 2533 per
1117 2493 1394 2524 confirmationem
1408 2492 1531 2532 gratiae.
1548 2491 1581 2522 Si
1598 2490 1638 2521 sit
1652 2498 1709 2531 per
1721 2499 1780 2521 ne-

1002 2548 1178 2579 cessitatem
1192 2550 1329 2586 naturae,
1350 2549 1427 2578 tunc
1446 2545 1527 2577 tollit
1541 2544 1663 2576 arbitrii
1679 2544 1787 2593 liber-k

1001 2604 1111 2641 tatem,
1127 2611 1163 2633 ac
1185 2611 1242 2642 per
1259 2601 1320 2633 hoc
1341 2600 1423 2632 tollit
1445 2598 1635 2638 dignitatem
1658 2598 1792 2645 meriti..

1002 2654 1032 2686 Si
1050 2656 1158 2687 autem
1172 2655 1212 2685 sit
1227 2653 1448 2686 determinatio
1463 2652 1569 2684 meriti
1586 2661 1641 2692 per
1661 2651 1777 2683 confir-

1830 462 1907 482 uereri

1802 499 1826 512 m
1860 500 1908 513 cuzi-

1801 524 1866 551 digno
1875 526 1911 545 [ιί-

1802 555 1840 575 bus
1862 561 1910 575 eou-

1824 586 1887 612 tingit

1802 618 1877 638 modis.
