2017 2960
220 176 278 204 :358

218 240 274 276 dit,
291 240 366 279 quia
385 250 485 270 «caro
505 241 617 271 Christi
635 241 785 277 concepta
801 238 859 267 t'uit
878 237 915 267 dc
927 236 992 276 Spi-

220 293 281 323 ritu
301 296 408 324 sancto
425 302 432 323 :
453 306 466 321 n
494 294 562 324 ideo
583 293 632 323 ille
651 293 746 322 homo
766 291 825 321 fuit
844 302 857 319 «
873 290 993 320 habens

219 355 334 385 corpus
353 347 390 376 ad
406 346 599 385 patiendum,
620 345 672 375 sed
687 346 835 375 naturam
850 352 914 373 non
931 343 992 373 ha-

219 399 296 429 bens
310 399 347 429 ad
363 399 566 429 dolendum.»
588 398 634 428 Ex
647 399 740 436 cujus
754 397 884 427 rationis
899 399 929 427 et
944 397 992 426 lit-

219 455 294 483 tera*
306 452 465 482 intellectu
477 451 697 481 manifestatur
708 460 774 481 esse
784 459 898 481 verum
907 450 991 489 quod

219 505 306 544 prius
329 505 447 534 dictum
461 507 507 534 est
525 515 530 535 z
548 504 623 544 quia
640 504 726 534 0111111
747 512 820 534 caro
845 503 897 533 illa
915 512 989 533 con-

219 560 307 597 cepta
320 558 378 587 suit
393 557 430 587 dc
446 557 565 596 Spiritu
581 559 699 592 sancto,
716 556 786 587 ideo
804 556 992 596 passibilita-

219 615 282 640 tem
302 610 423 647 habuit,
447 619 511 639 non
528 612 635 640 contra
658 610 865 647 voluntatem,
884 609 935 639 sed
952 618 991 640 ex

222 664 385 694 voluntate
399 675 406 694 2
421 666 449 694 et
466 664 525 694 hoc
539 663 679 703 estquod
700 664 773 693 dicit
791 663 907 694 liabens
923 671 990 694 coi·-

218 726 278 757 pus
302 718 345 749 (ul
369 717 557 757 patiendum
568 726 578 750 :
601 726 712 756 passus
736 718 798 752 est,
816 716 932 746 scilicet
952 726 991 747 ex

218 771 380 801 voluntate
394 781 401 807 ;
425 771 478 800 scd
503 773 650 800 naturam
666 779 729 799 non
746 769 867 799 habens
881 769 918 799 ad
935 770 992 800 do-

219 823 360 857 lendum,
378 824 407 853 id
423 826 468 853 est
484 823 522 852 ad
541 823 725 863 patiendum
748 825 856 853 contra
871 823 990 853 dissen-

218 885 290 907 sum
305 876 488 907 voluntatis.

552 953 620 975 DUB.
643 953 677 974 11.

419 1015 471 1039 Nec
488 1014 557 1038 enim
569 1014 623 1038 fieri
638 1016 735 1045 potest,
747 1016 795 1038 etc.

257 1091 389 1122 Videtur
414 1090 629 1121 contradicere
657 1090 702 1126 01,
727 1089 812 1129 quod
834 1090 990 1121 dicitur¹:

220 1144 321 1184 Csrpz'c
341 1145 434 1175 lesus
456 1151 571 1183 pavere
597 1146 624 1174 et
650 1143 775 1174 credere.
807 1142 938 1174 Videtur
963 1145 992 1174 et

218 1196 430 1227 contradicere
457 1196 526 1226 aliis
550 1196 683 1232 sanctis,
707 1195 762 1235 qui
789 1195 899 1225 dicunt
918 1205 992 1226 eum

220 1262 293 1283 vere
315 1252 470 1282 timuisse.
497 1251 629 1281 Videtur
656 1251 751 1280 etiam
781 1250 993 1281 contradicere

218 1305 337 1344 sibiipsi
355 1316 361 1334 :
384 1304 460 1344 quia
483 1304 556 1334 dicit
576 1303 659 1343 quod
678 1303 819 1334 Christus
834 1312 890 1342 pro
905 1312 994 1342 apos-

219 1358 290 1388 tolis
304 1358 445 1387 tristatus
468 1357 523 1387 fuit
539 1366 640 1396 usque
656 1357 694 1387 ad
710 1358 858 1387 mortem.
875 1355 907 1386 Si
919 1357 992 1386 tris-

221 1413 257 1442 tis
271 1411 343 1448 fuit,
359 1419 455 1450 quare
472 1419 534 1439 non
547 1410 690 1440 similiter
706 1410 830 1440 timuit?

258 1464 348 1504 Resp.
367 1464 540 1494 Dicendum
556 1464 639 1503 quod
658 1463 796 1494 Hilarius
812 1473 876 1493 non
889 1464 991 1494 inten-

218 1519 261 1549 dit
285 1525 449 1548 removere
474 1518 622 1547 timorem
638 1526 655 1547 a
671 1517 792 1548 Christo
816 1518 992 1548 secundum

218 1572 455 1611 qnodtimorem
466 1572 492 1602 ei
502 1571 644 1602 attribuit
659 1571 823 1611 Scriptura
836 1573 867 1601 et
876 1571 992 1608 Sancti,

218 1625 270 1655 sed
292 1625 468 1655 secundum
493 1624 578 1664 quod
602 1625 817 1655 attribuebant
838 1625 991 1662 haeretici,

217 1679 273 1717 qui
290 1678 435 1709 dicebant
451 1687 527 1708 enm
543 1678 687 1708 timuisse
702 1687 741 1708 ex
757 1678 881 1708 defectu
901 1687 993 1708 seeu-

217 1732 318 1761 ritatis
339 1742 346 1761 :
368 1733 398 1762 et
420 1731 491 1762 talis
514 1733 561 1761 est
586 1731 682 1761 timor
705 1730 992 1770 pusillanimitatis,

218 1785 256 1815 de
277 1794 341 1824 quo
363 1784 578 1815 indubitanter
598 1793 712 1814 verum
737 1786 802 1821 est,
825 1784 910 1823 quod
930 1794 993 1814 non

220 1838 277 1867 suit
292 1838 325 1867 in
341 1837 473 1867 Christo.
494 1837 581 1867 [nde
590 1837 679 1867 valde
693 1837 919 1867 attendendum
935 1840 991 1874 est,

219 1891 304 1931 quod
328 1891 467 1921 Hilarius
480 1901 498 1921 a
513 1891 635 1921 Christo
652 1900 716 1921 non
732 1894 874 1921 removet
897 1891 993 1921 tristi-

219 1945 317 1982 tiam;
337 1947 479 1974 removet
500 1947 608 1974 tamen
628 1945 787 1982 timorem,
809 1945 883 1984 quia
901 1945 994 1975 timor

220 1997 386 2028 consuevit
401 2006 595 2037 consurgere
611 2006 650 2027 ex
668 1997 791 2028 defectu
808 1998 947 2035 virtutis,
965 2000 995 2028 et

221 2051 479 2092 pusillanimitate
500 2052 552 2091 (a),
570 2051 695 2081 tristitia
718 2060 793 2082 vero
814 2051 995 2091 501511110-

221 2106 355 2144 quenter
370 2113 410 2134 ex
430 2104 547 2135 virtute
569 2107 599 2135 et
624 2104 748 2144 pietate.
770 2104 808 2135 Et
827 2105 911 2144 quod
938 2104 995 2135 iste

222 2158 262 2188 sit
276 2158 467 2194 intellectus,
482 2160 565 2197 patet
581 2167 620 2188 ex
636 2158 821 2197 probatione
831 2158 993 2197 sequenti:

221 2211 334 2251 probat
349 2211 434 2241 enim
450 2211 534 2250 quod
551 2211 582 2240 in
599 2211 721 2241 Christo
742 2220 805 2241 non
825 2211 883 2241 suit
903 2211 995 2241 infir-

225 2264 338 2302 mitas,
365 2273 423 2294 nec
448 2264 508 2294 fuit
529 2264 774 2303 pusillanimitas
800 2274 807 2294 :
830 2264 996 2303 pusillani-

222 2317 315 2348 mitas
339 2326 400 2347 11011
418 2317 488 2352 fuit,
505 2317 579 2356 quia
592 2317 721 2347 armatis
734 2317 847 2347 obvius
859 2317 994 2356 prodiit;

224 2370 393 2401 infirmitas
412 2379 477 2400 11011
501 2370 575 2407 fuit,
600 2371 675 2410 quia
689 2371 727 2401 ad
744 2372 813 2409 eJ'us
828 2380 996 2401 occursum

223 2427 423 2455 consternata
445 2424 702 2463 persequentium
719 2424 850 2463 agmina
863 2425 997 2464 supina-

224 2478 263 2507 tis
276 2477 461 2516 corporibus
475 2477 690 2507 conciderunt.
708 2476 794 2507 Unde
812 2487 875 2508 non
891 2478 998 2508 exclu-

225 2531 269 2561 dit
284 2530 434 2561 aChristo
449 2539 576 2561 omnem
593 2530 753 2568 timorem,
773 2531 826 2561 sed
849 2531 996 2561 timorem

256 2613 289 2650 (ιτ.)
307 2612 367 2636 Cret.
381 2613 441 2636 edit.
458 2612 681 2643 pusillanimitatis.
698 2625 727 2630 —
746 2612 782 2643 (h)
799 2612 858 2636 Coet.
877 2613 938 2637 edit.
955 2620 997 2636 sc-

227 2653 250 2669 m
263 2649 334 2677 bpso

777 171 1086 203 sFZN'rieriARUM
1109 172 1179 202 Lm.
1208 172 1259 201 ll'..

1048 237 1229 266 obviantem
1246 238 1399 268 voluntati
1414 248 1422 269 ε
1439 239 1484 270 sic
1499 241 1593 270 etiam
1612 240 1764 279 dolorem,
1778 242 1818 272 si-

1048 292 1101 319 cut
1115 291 1200 329 patet
1216 289 1379 329 aspicienti
1393 292 1506 323 seriem
1522 293 1643 324 litterae.

1366 403 1434 426 DUB.
1453 404 1498 425 111.

1140 480 1192 503 Pati
1208 481 1306 511 potuit,
1322 483 1347 505 et
1363 481 1489 512 passibilis
1505 489 1560 506 esse
1576 490 1627 508 uon
1641 486 1729 516 potuit.

1088 555 1142 585 Illa
1159 555 1258 585 verba
1274 556 1307 586 in
1323 557 1443 595 notula,
1459 558 1540 590 etde
1556 559 1695 598 Synodis
1708 562 1816 600 tracta,

1049 608 1198 639 videntur
1222 609 1383 648 implicare
1407 611 1687 643 contradictionem
1714 613 1747 643 in
1769 623 1818 645 se-

1047 661 1189 700 metipsis
1206 661 1245 701 (b)
1263 671 1270 699 ;
1290 663 1366 702 quia
1385 664 1477 702 cnjus
1502 665 1549 693 est
1569 664 1727 703 potentia,
1753 666 1822 704 eJus

1047 716 1093 745 est
1117 716 1147 744 et
1171 716 1284 745 actus:
1304 724 1382 754 ergo
1405 717 1429 746 si
1452 717 1511 747 fuit
1532 716 1704 756 passibilis,
1721 718 1823 757 potuit

1046 768 1127 807 pati3
1153 768 1224 798 etsi
1245 768 1347 807 potuit
1370 769 1445 807 pati,
1468 769 1525 799 fuit
1548 769 1714 808 passibilis.
1739 770 1821 800 Prae-

1047 823 1131 851 terea
1142 821 1295 860 passibile
1317 821 1397 851 nihil
1411 822 1494 852 aliud
1517 824 1574 860 est,
1599 831 1696 862 quam
1709 827 1820 862 potens

1048 875 1121 913 pati
1136 882 1147 902 .·
1170 883 1248 913 ergo
1269 874 1395 905 videtur
1417 875 1501 914 quod
1517 875 1550 905 in
1564 876 1715 915 praedicta
1736 877 1820 908 locu-

1047 927 1131 957 tione
1144 927 1227 957 idem
1242 930 1426 958 removetur
1442 937 1460 957 a
1476 928 1592 967 seipso.

1088 980 1179 1020 Resp.
1198 980 1369 1011 Dicendum
1386 981 1469 1020 quod
1489 980 1639 1020 praedicta
1654 981 1757 1012 littera
1768 991 1822 1013 ex-

1047 1033 1123 1073 poni
1143 1035 1244 1073 potest
1265 1033 1378 1073 triplici
1402 1033 1514 1071 modo,
1532 1034 1707 1065 secundum
1720 1035 1822 1075 tripli-

1048 1095 1117 1117 cem
1140 1087 1274 1117 modum
1296 1087 1526 1126 exponentium
1549 1087 1818 1126 praecedentium:

1048 1149 1113 1170 uno
1128 1140 1233 1177 modo,
1252 1142 1287 1170 ut
1302 1140 1378 1170 illud
1394 1140 1548 1170 reseratur
1563 1140 1601 1170 ad
1617 1139 1759 1171 Verbum
1771 1141 1822 1171 in—

1049 1195 1202 1230 creatum,
1220 1193 1257 1223 de
1274 1202 1337 1232 quo
1352 1193 1493 1223 concedit
1505 1193 1654 1231 Hilarius,
1669 1194 1754 1233 quod
1764 1204 1822 1234 po·

1049 1246 1109 1276 tuit
1132 1245 1213 1285 pati,
1232 1246 1285 1276 sed
1308 1255 1373 1276 non
1397 1255 1464 1275 esse
1488 1246 1646 1285 passibile,
1662 1247 1737 1286 quia
1751 1247 1822 1278 licet

1048 1298 1248 1338 passionibus
1263 1308 1294 1328 se
1310 1298 1495 1337 subdiderit,
1512 1308 1575 1329 non
1590 1301 1696 1329 tamen
1712 1302 1757 1330 est
1772 1300 1822 1331 de-

1049 1354 1210 1382 mutatum
1229 1351 1386 1391 patiendo.
1403 1352 1471 1382 Alio
1484 1351 1579 1382 modo
1591 1354 1691 1391 potest
1706 1353 1823 1392 exponi

1048 1405 1129 1435 sicut
1145 1405 1275 1444 exponit
1292 1405 1443 1444 Magister
1455 1429 1462 1442 ‚
1481 1408 1517 1436 ut
1534 1415 1589 1445 per
1604 1406 1665 1437 hoc
1678 1407 1763 1446 quod
1777 1409 1825 1437 est

1049 1459 1195 1499 passibile
1209 1483 1216 1497 ,
1240 1462 1368 1490 notetur
1389 1460 1550 1500 dispositio
1573 1470 1770 1500 consurgens
1784 1470 1824 1492 ex

1048 1512 1150 1552 culpae
1181 1514 1293 1543 merito
1309 1537 1317 1551 ,
1348 1522 1445 1553 quam
1474 1516 1616 1544 removet
1646 1514 1785 1545 Hilarius
1805 1523 1825 1545 a

1050 1569 1182 1607 Christo,
1206 1569 1356 1609 quamvis
1376 1569 1408 1599 in
1434 1578 1471 1599 eo
1495 1578 1570 1600 vere
1596 1570 1690 1600 fuerit
1708 1570 1822 1610 passio.

1048 1623 1153 1655 Tertio
1170 1625 1263 1655 modo
1277 1627 1378 1664 potest
1395 1625 1521 1664 exponi,
1534 1627 1569 1655 ut
1584 1634 1640 1664 per
1654 1625 1726 1662 hoc,
1739 1625 1824 1665 quod

1049 1680 1096 1708 est
1105 1678 1270 1717 passibile,
1285 1680 1412 1708 notetur
1426 1678 1519 1717 plena
1531 1678 1685 1717 subiectio
1697 1679 1826 1718 passibi-

1049 1731 1145 1760 litatis
1167 1733 1311 1770 respectu
1336 1731 1513 1770 passionis:
1535 1732 1566 1761 et
1589 1731 1773 1769 hujusmodi
1791 1731 1824 1761 in

1049 1783 1171 1815 Christo
1186 1794 1250 1815 11011
1264 1785 1334 1822 fuit,
1349 1785 1399 1823 cuj
1406 1794 1442 1814 05
1458 1793 1559 1821 01005,
1572 1784 1652 1815 ratio
1667 1786 1697 1814 et
1711 1784 1826 1815 volun-

1051 1839 1096 1867 tas
1111 1837 1309 1876 passionibus
1325 1837 1593 1876 superferebatur.
1616 1836 1652 1867 Et
1667 1837 1751 1876 quod
1766 1837 1824 1868 iste

1050 1890 1089 1919 sit
1105 1890 1292 1927 intellectus,
1311 1892 1393 1929 patet
1409 1899 1464 1929 per
1474 1890 1611 1921 litteram
1622 1891 1821 1929 sequentem.

1050 1943 1103 1973 Ait
1127 1943 1212 1973 enim
1228 1943 1272 1973 510
1289 1954 1296 1974 :
1317 1955 1331 1973 (1
1350 1942 1415 1973 Pati
1444 1943 1562 1982 potuit,
1580 1943 1735 1983 passibilis
1760 1952 1826 1974 esse

1051 2006 1115 2027 non
1129 1997 1247 2036 potuit:
1261 1997 1337 2036 quia
1349 1997 1539 2036 passibilitas
1551 1999 1676 2027 naturae
1688 1997 1826 2027 infirmae

1051 2054 1097 2083 est
1118 2052 1328 2092 significatio;
1351 2052 1453 2092 passio
1479 2054 1587 2083 autem
1601 2076 1609 2091 ,
1626 2061 1739 2083 eorum
1752 2060 1825 2092 quae

1051 2108 1127 2136 sunt
1142 2105 1244 2142 illata,
1262 2105 1420 2144 perpessio
1437 2116 1444 2136 :
1467 2116 1481 2133 1)
1501 2106 1531 2135 01
1547 2105 1590 2135 510
1612 2105 1682 2136 vult
1702 2104 1825 2135 Christo

1051 2158 1225 2189 attribuere
1249 2157 1403 2197 passionis
1424 2157 1656 2196 sufferentiam,
1673 2160 1824 2188 0110010-

1052 2220 1126 2242 vere
1139 2210 1379 2250 subJacentiam.

1370 2307 1438 2329 DUB.
1459 2307 1502 2329 lv.

1166 2361 1293 2385 Christum
1308 2361 1339 2384 de
1355 2360 1425 2384 omni
1439 2361 1503 2383 statu
1518 2358 1645 2388 hominis,
1657 2360 1707 2383 010.

1094 2426 1227 2456 Contra:
1241 2424 1321 2462 Quia
1332 2424 1506 2455 secundum
1520 2422 1579 2452 hoc
1590 2422 1728 2461 videtur,
1740 2423 1825 2462 quod

1054 2479 1195 2510 Christus
1217 2478 1277 2508 fuit
1296 2479 1330 2508 in
1355 2475 1552 2517 quadruplici
1576 2477 1676 2513 statu;
1693 2485 1750 2506 nos
1764 2485 1822 2506 au-

1053 2535 1118 2564 tem
1140 2541 1204 2562 non
1224 2532 1372 2571 ponimus
1395 2529 1554 2560 Christum
1584 2529 1678 2559 fuisse
1707 2529 1766 2559 nisi
1791 2529 1822 2559 in

1055 2588 1137 2615 statu
1155 2583 1283 2614 viatoris
1295 2608 1302 2621 ,
1319 2585 1350 2614 et
1364 2581 1649 2622 comprehensoris.
1673 2581 1750 2612 lton]
1766 2582 1824 2612 fal-

1089 2649 1094 2664 ¹
1110 2647 1194 2673 Maru,
1213 2647 1316 2675 111022.
