2017 2960
104 1240 207 1260 Fundam.

677 205 863 238 DISTlNCT.
888 204 966 236 XVI.
990 204 1080 236 ΛΒΤ.
1106 206 1143 236 ΙΙ.
1168 206 1316 244 QUAEST.
1342 209 1364 239 Ι.

451 282 693 339 ARTleULUs
718 306 759 339 11.

261 383 492 423 consequenter
506 384 664 424 quaeritur
683 384 721 414 de
746 384 949 424 passibilitate
964 386 995 414 et

220 435 327 467 dolore
350 436 451 476 ipsius
470 436 588 467 animae
617 436 730 468 Clu-isti
747 437 947 477 ,specialitem
965 439 995 468 et

220 489 304 520 circa
317 489 378 520 hoe
391 491 585 530 quaeruntur
610 490 670 521 tria
688 501 694 522 :
713 491 816 530 primo
839 491 995 530 quaeritur

220 544 333 573 utrum
348 542 489 574 Christus
509 552 622 584 passus
635 544 731 575 fuerit
747 545 923 576 seeundum
947 553 995 575 ra-

220 595 353 634 tionem,
373 605 415 627 an
427 596 534 628 solum
548 597 725 628 seeundum
740 598 992 634 sensualitatem

221 649 370 688 secundo,
384 650 456 681 dato
472 650 555 690 quod
573 659 683 690 passus
704 651 799 681 fuerit
819 650 995 682 seeundum

222 703 390 742 rationem,
407 703 563 744 quaeritur
577 707 687 734 utrum
712 713 823 744 passus
837 705 931 734 fuerit
945 712 996 734 se-

222 757 365 787 eundum
378 759 501 797 partem
514 757 709 795 inferiorem,
725 760 756 788 et
776 758 974 797 superiorein
988 769 994 795 ;

223 811 338 847 tertio,
368 810 440 840 dato
467 810 550 850 quod
586 811 762 841 seeundum
802 813 995 850 utramque,

224 863 382 902 quaeritur
396 865 506 894 utrum
527 864 686 904 poenalius
701 874 812 904 passus
834 865 929 895 fuerit
949 875 998 895 se—

223 917 365 948 cundum
380 918 549 955 rationem,
566 927 663 958 quam
675 919 852 950 seeundum
871 928 999 950 sensua-

222 969 354 1001 litatem.

500 1047 680 1085 QUAESTIO
703 1048 727 1078 l.

225 1115 271 1142 An
286 1115 405 1142 Christus
416 1122 511 1150 passus
524 1116 610 1148 fuerit
624 1115 765 1142 secundum
778 1118 929 1150 rationem,
951 1120 1000 1144 aut

415 1160 559 1187 seeundum
573 1161 776 1187 sensualitatem
792 1160 810 1187 ¹.

264 1238 378 1270 Utrum
406 1239 548 1270 Christus
576 1249 687 1279 passus
713 1241 808 1271 fuerit
823 1242 1000 1273 secundum

222 1298 396 1335 rationem,
419 1307 460 1328 an
475 1300 599 1329 tantum
616 1299 793 1330 seeundum
809 1300 1001 1331 sensualita-

223 1353 312 1390 tem3
333 1354 364 1383 et
389 1351 475 1391 quod
498 1353 675 1384 seeundum
704 1354 859 1384 rationem
889 1363 1001 1394 passus

223 1406 319 1437 fuerit
333 1430 340 1443 ,
366 1406 504 1438 videtur.
533 1406 649 1437 Anima
675 1416 767 1447 passa
792 1409 838 1437 est
864 1408 1001 1446 patiente

224 1468 365 1499 corpore,
376 1459 452 1499 quia
467 1460 579 1490 unitur
592 1461 716 1500 corpori
731 1460 813 1490 sicut
829 1461 978 1500 perfectio
991 1472 997 1491 ;

224 1510 279 1541 sed
293 1511 402 1541 anIma
416 1511 580 1542 rationalis
595 1514 642 1542 est
666 1512 815 1552 perfectio
847 1512 999 1552 corporis,

224 1573 289 1595 non
316 1567 442 1596 tantum
470 1565 646 1596 seeundum
674 1565 923 1603 sensualitatem,
947 1566 1001 1596 sed

225 1618 319 1649 etiam
348 1618 525 1649 secundum
540 1619 694 1649 rationem
724 1629 730 1649 :
758 1628 837 1658 ergo
866 1620 1001 1659 utroque

225 1672 320 1702 modo
335 1681 424 1711 passa
439 1672 500 1703 fuit
514 1681 645 1712 corpore
659 1672 808 1712 patiente.

266 1726 344 1757 Item
365 1727 469 1766 major
483 1727 531 1757 est
545 1727 728 1766 conjunctio
750 1726 870 1757 virium
886 1727 1001 1759 animae

225 1780 265 1811 ad
281 1779 433 1817 invicem,
445 1789 542 1820 quam
553 1780 592 1810 sit
605 1780 722 1811 animae
737 1781 776 1811 ad
785 1790 899 1821 eorpus
914 1793 919 1811 :
934 1782 999 1820 sed,

226 1833 363 1873 patiente
375 1842 519 1873 corpore,
548 1834 667 1874 patitur
687 1834 795 1864 anima
811 1845 818 1865 ;
834 1844 926 1874 erge,
944 1844 1000 1875 pa-

225 1887 321 1918 tiente
336 1897 401 1918 una
416 1887 568 1927 potentia,
578 1887 697 1928 patitur
711 1887 772 1918 alia
785 1899 792 1918 ε
806 1897 884 1927 ergo
895 1888 1002 1920 dolore

225 1941 379 1971 existente
403 1941 438 1971 in
453 1940 667 1980 sensualitate,
684 1950 810 1972 necesse
825 1943 871 1972 est
886 1952 954 1973 esse
969 1943 1003 1973 in

226 1993 358 2024 ratione.

268 2047 346 2078 Item
363 2048 466 2087 maj0r
481 2049 527 2078 est
551 2047 628 2078 unio
646 2047 859 2087 potentiarum
887 2049 1004 2080 animae

229 2100 262 2130 in
277 2100 347 2140 ipsa
363 2100 482 2138 anima,
499 2109 597 2140 quam
611 2100 650 2130 sit
664 2101 884 2132 membrorum
897 2111 1005 2142 eorpo-

228 2154 272 2185 ris
285 2154 319 2185 in
335 2154 405 2194 ipso
421 2163 551 2194 corpore
569 2165 575 2185 :
593 2155 658 2193 sed,
674 2155 812 2195 patiente
826 2165 892 2187 uno
907 2165 1006 2187 mem-

228 2208 298 2246 bro,
323 2207 560 2248 compatiuntur
586 2210 701 2239 caetera
718 2219 725 2239 :
743 2218 822 2248 ergo
850 2210 875 2239 si
888 2210 1007 2250 patitur

231 2260 373 2301 potentia
396 2261 563 2300 sensualia
581 2270 707 2293 necesse
721 2263 768 2292 est
782 2262 865 2302 quod
881 2272 1008 2304 compa-

230 2314 328 2345 tiatur
338 2316 369 2345 et
382 2314 557 2345 rationalis.

273 2366 352 2398 Item
380 2367 466 2407 quod
494 2367 576 2398 inest
602 2366 719 2399 animae
743 2369 920 2400 secundum
935 2371 1010 2401 sub-

234 2420 382 2452 stantiam
398 2430 491 2452 suam
503 2423 535 2452 et
551 2421 732 2460 essentiam,
743 2431 800 2462 per
813 2432 1011 2463 consequens

235 2473 393 2505 redundat
414 2474 448 2505 in
475 2483 588 2506 omnes
614 2476 771 2515 potentias
787 2485 794 2507 :
821 2477 875 2507 sed
903 2478 1011 2509 anima

236 2525 351 2557 Christi
365 2527 555 2567 patiebatur,
573 2528 711 2568 patiente
726 2538 867 2570 corpore,
884 2534 1013 2572 propter

237 2579 437 2611 essentialem
451 2575 605 2613 unionem
621 2581 720 2622 ipsius
731 2583 770 2614 ad
780 2592 897 2623 corpus
914 2595 920 2615 :
934 2594 1013 2625 ergo

274 2651 280 2667 ¹
299 2649 339 2680 Cf.
363 2650 388 2674 S.
405 2649 485 2674 'l'hom
499 2668 507 2680 ‚
523 2657 548 2681 p.
566 2651 612 2681 ΙΙΙ,
624 2658 650 2683 q.
666 2657 742 2683 xnw,
757 2653 802 2676 art.
817 2655 849 2684 53
865 2654 1014 2688 Rieliardus,

271 2696 303 2727 (a)
318 2696 378 2720 Caet.
394 2696 455 2720 edit.
471 2703 544 2728 quos.

1764 213 1820 242 357

1049 282 1177 306 necesse
1190 275 1250 307 fuit
1264 276 1330 316 pati
1345 277 1522 308 secundum
1545 286 1577 307 se
1592 279 1690 308 totam
1710 289 1716 308 :
1745 288 1823 317 ergo

1050 329 1228 360 seeundum
1245 332 1366 369 partem
1381 330 1562 361 sensualem
1576 332 1607 361 et
1622 330 1821 362 rationalem.

1089 381 1166 411 Item
1192 382 1334 413 Christus
1364 392 1422 414 sua
1447 384 1591 423 passione
1611 393 1675 414 non
1698 386 1824 415 tantum

1049 444 1107 465 nos
1122 435 1267 466 liberavit
1277 446 1294 466 a
1304 437 1447 476 passione
1461 446 1525 477 qua
1536 437 1655 477 patitur
1667 439 1824 476 conjunc-

1049 490 1131 527 tum,
1149 490 1202 519 sed
1217 489 1313 520 etiam
1333 500 1350 520 a
1364 491 1509 530 passione
1533 501 1597 531 qua
1623 491 1741 532 patitur
1756 492 1826 522 ani-

1050 551 1103 572 ma
1119 546 1263 582 separata
1281 554 1287 574 :
1306 544 1359 574 sed
1375 544 1484 575 anima
1511 548 1654 585 separata
1674 555 1739 577 non
1754 548 1825 577 tan—

1050 598 1120 626 tum
1146 596 1265 635 patitur
1292 597 1468 628 secundum
1496 599 1746 638 sensualitatem,
1773 601 1826 631 sed

1051 649 1147 680 etiam
1165 650 1283 689 patitur
1298 651 1473 681 secundum
1489 660 1522 681 se
1535 654 1633 683 totam
1645 677 1652 689 ‚
1668 653 1828 693 praeripue

1051 703 1227 733 secundnm
1243 705 1365 743 partem
1376 704 1621 735 intellectualem
1632 730 1639 743 ,
1659 708 1749 745 cujus
1768 707 1828 737 ha-

1051 756 1103 786 bet
1120 766 1215 787 usum
1239 759 1270 787 et
1285 758 1500 797 operationem
1520 769 1526 788 z
1544 758 1568 788 si
1589 768 1668 798 ergo
1688 759 1829 790 Christus

1052 819 1108 850 pro
1124 813 1231 841 nostra
1244 811 1430 842 liberatione
1455 811 1487 842 in
1503 821 1536 843 se
1550 813 1688 852 suscepit
1710 813 1767 853 huj
1774 822 1825 843 us-

1053 864 1139 895 modi
1167 865 1342 905 passiones,
1358 865 1484 895 videtur
1505 865 1589 905 quos]
1614 874 1679 896 non
1704 867 1829 896 tantum

1053 927 1164 958 passus
1195 918 1288 949 suerit
1308 918 1485 949 secundum
1509 918 1756 957 sensualitatem,
1774 929 1828 951 ve-

1053 981 1127 1003 rum
1140 973 1236 1003 etiam
1247 972 1423 1002 secundum
1439 971 1606 1002 rationem.

1095 1026 1154 1057 Sed
1171 1028 1279 1057 contra
1297 1036 1303 1056 ε
1318 1028 1346 1056 -1,
1365 1025 1454 1062 Quod
1467 1025 1586 1055 nullius
1603 1025 1700 1065 partis
1715 1035 1830 1066 corpo-

1055 1081 1098 1111 ris
1112 1082 1158 1110 est
1181 1082 1281 1117 actus,
1298 1088 1363 1109 non
1390 1078 1508 1118 patitur
1524 1088 1655 1118 corpore
1671 1079 1807 1118 patiente
1823 1090 1828 1109 :

1055 1134 1163 1164 anima
1189 1133 1365 1164 seeundum
1394 1134 1517 1172 partem
1542 1132 1674 1163 rationis
1711 1132 1832 1163 nullius

1055 1187 1154 1227 partis
1169 1187 1310 1226 eorporis
1331 1188 1377 1216 est
1398 1187 1502 1222 aetus,
1521 1187 1556 1215 ut
1577 1185 1650 1216 dicit
1663 1186 1673 1202 ²
1688 1185 1833 1217 Philoso-

1055 1241 1138 1281 phus
1162 1251 1169 1271 ε
1187 1249 1265 1280 ergo
1286 1249 1453 1279 nunquam
1476 1240 1606 1279 patitur,
1628 1249 1758 1279 corpore
1782 1250 1833 1280 pa-

1055 1295 1152 1325 tiente
1169 1305 1176 1325 z
1194 1303 1272 1333 ergo
1287 1293 1395 1324 anima
1410 1293 1442 1323 in
1458 1292 1580 1324 Christo
1597 1293 1622 1322 si
1645 1302 1735 1332 passa
1760 1294 1830 1331 suit,

1055 1357 1121 1378 non
1136 1347 1195 1378 fuit
1210 1357 1302 1387 passa
1314 1347 1375 1377 nisi
1388 1346 1491 1378 solum
1507 1346 1684 1377 secundun]
1700 1356 1833 1377 sensua-

1054 1401 1188 1432 litatem.

1095 1457 1125 1486 ⁶2.
1143 1455 1234 1494 Item,
1263 1454 1348 1495 quod
1377 1463 1442 1485 non
1470 1454 1689 1493 corrumpitur
1713 1454 1752 1484 ad
1767 1463 1833 1484 cor-

1056 1509 1237 1549 ruptionem
1252 1508 1392 1546 alterius,
1409 1517 1474 1538 non
1502 1508 1622 1548 patitur
1651 1508 1832 1547 passionem

1055 1562 1196 1601 alterius,
1224 1562 1300 1601 quia
1323 1561 1427 1601 passio
1455 1563 1503 1592 est
1527 1561 1580 1592 via
1595 1561 1635 1591 ad
1660 1561 1833 1601 corruptio-

1055 1625 1130 1647 nem
1161 1626 1168 1647 :
1203 1615 1256 1646 sed
1285 1615 1394 1646 anima
1421 1614 1534 1645 Christi
1567 1614 1744 1645 secundum
1778 1623 1829 1645 ra-

1055 1671 1176 1701 tionem
1191 1679 1257 1700 non
1284 1668 1388 1709 potuit
1411 1668 1573 1708 eorrumpi
1599 1668 1637 1698 ad
1655 1668 1831 1708 corruptio-

1055 1733 1130 1755 nem
1146 1723 1287 1763 corporis
1312 1733 1318 1753 :
1344 1731 1422 1761 ergo
1438 1731 1496 1752 nee
1522 1721 1598 1762 pati,
1625 1729 1756 1760 corpore
1774 1729 1831 1760 pa-

1055 1777 1163 1808 tiente.

1097 1834 1126 1862 3.
1154 1831 1249 1868 Item,
1266 1829 1352 1871 quod
1368 1829 1457 1860 nullo
1483 1829 1577 1859 modo
1595 1828 1689 1858 habet
1703 1830 1832 1859 eontra-

1056 1886 1143 1917 rium
1170 1884 1302 1924 aliquid,
1329 1892 1388 1914 nee
1412 1882 1507 1913 habet
1528 1881 1647 1921 aliquid
1675 1881 1832 1921 superius,

1057 1949 1123 1970 non
1139 1940 1239 1979 potest
1253 1937 1318 1978 pati
1331 1937 1370 1967 ab
1386 1936 1494 1976 aliquo
1518 1937 1645 1975 agente,
1667 1935 1717 1965 vel
1734 1935 1807 1965 laedi
1826 1946 1832 1966 :

1057 1993 1111 2024 sed
1136 1992 1244 2023 anima
1272 1990 1385 2022 Christi
1400 1989 1578 2020 secundum
1600 1988 1757 2019 rationem
1775 1997 1834 2017 nee

1057 2045 1154 2076 habet
1181 2044 1303 2084 aliquid
1331 2043 1544 2081 contrarium,
1575 2051 1634 2072 nee
1659 2041 1754 2072 habet
1783 2040 1837 2071 ali-

1059 2099 1136 2139 quid
1157 2099 1298 2129 creatum
1318 2097 1421 2136 seipsa
1446 2096 1593 2136 superius
1611 2106 1617 2126 :
1649 2104 1727 2134 ergo
1749 2093 1837 2125 nullo

1060 2152 1156 2183 modo
1170 2150 1346 2182 secundum
1359 2150 1517 2181 rationem
1529 2149 1592 2189 pati
1605 2148 1717 2189 potuit,
1732 2148 1783 2178 vel
1796 2147 1838 2178 at*-

1059 2205 1142 2245 fligi.

1104 2262 1134 2291 4.
1152 2259 1244 2297 Item,
1259 2258 1339 2289 nihil
1353 2257 1489 2296 idem,et
1501 2256 1679 2287 secundum
1689 2255 1783 2292 idem,
1801 2255 1839 2286 de

1063 2314 1173 2346 eodem
1201 2312 1330 2352 gaudet,
1347 2313 1378 2342 et
1402 2310 1548 2341 tristatur
1570 2309 1609 2341 de
1634 2309 1768 2340 eodem:
1785 2308 1839 2338 sed

1063 2369 1171 2399 anima
1189 2365 1303 2398 Christi
1318 2364 1494 2396 secundum
1510 2363 1667 2394 rationem
1680 2361 1841 2401 gaudebat

1064 2422 1103 2454 de
1122 2421 1284 2452 doloribus
1307 2421 1338 2450 et
1351 2417 1562 2460 passionibuS,
1580 2425 1654 2457 quae
1670 2416 1708 2455 (a)
1726 2424 1841 2455 eorpus

1065 2474 1253 2517 perferebat,
1283 2472 1425 2513 alioquin
1439 2480 1505 2502 non
1525 2471 1701 2501 mereretur
1722 2479 1729 2499 ι
1750 2477 1840 2507 ergo,

1066 2529 1207 2571 patiente
1231 2535 1375 2568 corpore,
1391 2533 1457 2556 non
1471 2523 1660 2564 patiebatur,
1681 2531 1739 2553 nec
1759 2521 1842 2552 affli-

1067 2583 1214 2624 gebatur.

1070 2664 1101 2689 ΙΙΙ
1112 2663 1194 2692 Sem..
1203 2661 1261 2686 dist.
1273 2666 1318 2690 XV,
1328 2660 1407 2689 art.4,
1416 2665 1441 2689 q.
1454 2663 1497 2687 1v;
1510 2656 1598 2687 steph.
1609 2655 1712 2685 Brulef„
1724 2655 1754 2679 ΙΙΙ
1766 2656 1846 2685 Sem„

1070 2700 1128 2726 dist.
1143 2704 1198 2728 xV1,
1210 2704 1234 2731 q.
1247 2702 1281 2721 ιν.
1295 2695 1346 2715 -’
1360 2693 1445 2721 Arist„
1462 2692 1490 2716 de
1505 2692 1606 2720 Anima,
1616 2691 1661 2715 Jil).
1680 2691 1722 2722 ΙΙΙ,
1738 2692 1805 2715 cont.
1822 2692 1844 2714 6.

1848 1038 1881 1058 Ad
1893 1044 1944 1064 opp.
