2017 2960
720 153 910 186 DISTINCT.
933 152 1011 183 XIX.
1033 151 1123 183 AltT.
1148 150 1186 182 11.

147 225 241 256 habet
269 225 337 255 fieri
363 225 395 255 in
429 226 627 255 sacramento
657 221 866 263 baptismatis.
898 220 923 250 A

147 288 240 319 poena
257 280 375 309 aeterna
390 286 449 308 nos
463 277 576 309 liberat
589 276 752 307 liberando
769 285 788 305 a
804 273 897 313 culpa
915 284 922 304 ε

147 333 225 363 dum
240 332 326 363 enim
338 341 393 372 per
402 332 582 372 passionem
593 330 705 361 Christi
717 329 808 360 nobis
819 327 925 367 gratia

146 385 347 424 impetratur,
357 394 413 424 per
423 395 521 425 quam
536 385 629 425 culpa
639 383 822 420 dimittitur,
833 381 925 411 nobis

146 438 289 469 debitum
320 448 424 478 poenae
456 441 586 469 aeternae
614 437 724 468 mortis
750 436 922 466 relaxatur.

146 489 270 522 Liberat
284 492 381 522 etiam
396 502 414 523 a
433 502 547 533 poena,
570 501 643 532 quae
667 490 806 531 quodam
830 487 925 518 modo

146 546 193 575 est
215 545 299 576 inter
316 548 487 586 utramque
513 554 682 586 poenarum
702 544 837 574 istarum
857 551 924 572 me-

146 597 208 636 dia,
226 607 300 638 quae
316 599 446 639 quidem
455 599 648 630 estearentia
662 597 796 629 visionis
806 596 925 627 divinae

146 660 186 682 ex
204 652 317 683 merito
332 652 450 692 peccati
465 652 542 682 Adae
559 663 566 683 ε
586 654 617 682 et
634 652 686 682 illa
701 650 845 691 quidem,
867 649 925 680 etsi

146 704 240 735 fuerit
256 705 295 735 ad
309 707 436 745 tempus
451 709 581 745 propter
605 704 743 743 gratiam
767 705 925 743 repertam

147 757 180 786 in
202 758 257 796 eis,
280 759 334 798 qui
351 759 575 789 detinebantur
598 758 632 788 in
653 758 768 795 limbo;
800 757 927 787 deberet

146 811 252 841 tamen
275 811 393 842 habere
417 812 627 842 aeternitatem
648 811 757 842 habito
781 812 925 850 respectu

145 863 183 893 ad
213 863 340 903 culpam
373 864 462 895 Adae.
502 863 591 895 Unde
626 867 925 904 quantumcumque

145 917 247 956 passio
272 917 367 948 dilata
389 920 479 956 esset,
502 918 612 949 divina
632 917 802 957 priesentia
817 917 927 947 suisset

145 970 190 1000 eis
206 971 376 1010 subtracta,
395 973 546 1003 nisiDeus
556 972 772 1003 adinvenisset
785 971 926 1011 aliquam

145 1023 231 1054 viam
259 1035 264 1054 ς
288 1027 317 1055 et
337 1025 376 1055 ab
398 1025 458 1056 hac
479 1035 574 1066 poena
597 1026 723 1056 liberati
740 1034 851 1055 sumus
870 1034 926 1065 per

146 1077 325 1116 passionem
350 1078 463 1109 Christi
487 1090 493 1110 :
520 1081 550 1110 et
573 1080 617 1110 sie
637 1081 736 1119 patet,
761 1079 846 1118 quod
870 1087 926 1118 per

144 1139 274 1161 omnem
285 1132 418 1162 modum
430 1142 543 1164 verum
556 1135 602 1163 est
614 1133 793 1172 passionem
812 1132 926 1163 Christi

145 1184 304 1215 efficacem
325 1194 392 1215 esse
411 1185 451 1216 ad
483 1186 686 1216 liberandum
711 1195 769 1216 nos
792 1195 810 1215 a
833 1195 924 1224 poena

144 1238 278 1277 peccati;
306 1241 337 1269 et
366 1239 523 1279 rationes,
552 1248 627 1279 quae
655 1238 716 1269 hoc
740 1238 923 1277 ostendunt,

144 1291 353 1323 concedendae
368 1295 454 1325 sunt.

186 1347 214 1374 1.
232 1344 279 1374 Ad
294 1345 371 1375 illud
394 1355 471 1376 vero
492 1346 579 1385 quod
600 1346 705 1386 primo
724 1346 873 1385 objicitur
893 1346 926 1377 in

145 1398 353 1436 contrarium,
371 1399 454 1438 quod
471 1400 662 1430 resurreetio
683 1399 796 1430 Christi
813 1410 870 1430 nos
886 1401 926 1431 li-

148 1450 236 1481 berat
250 1460 269 1481 a
280 1460 374 1490 poena
389 1452 507 1491 magis,
520 1462 618 1492 qnam
627 1453 740 1493 passio,
751 1453 924 1484 dicendum

144 1504 246 1543 quod,
271 1504 351 1536 sicut
371 1514 468 1545 supra
487 1505 609 1536 dictum
629 1506 688 1536 fuit
711 1506 748 1537 (10
770 1507 926 1545 justifica-

144 1557 239 1597 tione,
263 1559 348 1598 quod
368 1559 554 1598 justificatio
577 1562 679 1600 potest
700 1561 831 1591 attribui
852 1571 924 1601 pas-

143 1611 226 1641 sioni
239 1612 360 1643 ratione
377 1613 505 1643 termini
517 1623 536 1643 a
554 1623 636 1653 quo,
661 1614 778 1645 scilicet
801 1615 925 1647 ratione

142 1665 313 1696 amotionis
330 1666 415 1704 mali,
432 1669 463 1697 et
479 1668 702 1698 resurrectioni
717 1669 840 1700 ratione
860 1672 924 1700 ter-

142 1719 223 1750 mini
247 1720 286 1750 ad
310 1729 423 1760 quem,
447 1721 565 1752 scilicet
592 1722 715 1753 ratione
745 1723 924 1754 collationis

141 1772 218 1803 boni
234 1784 240 1804 z
257 1773 301 1804 sic
316 1774 411 1805 etiam
427 1774 626 1814 glorificatio,
645 1785 718 1816 quae
741 1779 787 1807 est
807 1777 924 1808 libera-

142 1825 185 1856 tio
200 1835 219 1856 a
234 1835 329 1866 poena
351 1829 382 1857 et
406 1827 546 1866 miseria,
571 1828 700 1869 utrique
722 1831 825 1870 potest
838 1831 923 1862 attri-

141 1878 216 1917 bui;
234 1880 357 1910 ratione
371 1883 478 1911 tamen
493 1881 689 1913 liberationis
701 1892 720 1914 a
735 1893 830 1924 poena
840 1908 848 1922 ,
865 1895 923 1926 po-

142 1932 206 1963 tius
221 1933 407 1964 attribuitur
421 1934 571 1973 passioni.

183 1988 213 2017 2.
225 1986 273 2017 Ad
287 1987 366 2018 illud
381 1997 458 2018 vero
474 1988 560 2028 quod
570 1989 730 2028 objicitur,
746 1992 832 2031 quod
851 2002 921 2033 pas-

144 2040 190 2071 sio
205 2039 320 2071 Christi
335 2041 457 2081 praebet
470 2041 562 2072 nobis
577 2042 762 2083 exemplum
783 2045 923 2084 patiendi

143 2095 411 2135 etcompatie1idi‚
434 2095 605 2128 dicendum
630 2097 715 2136 quod
737 2098 794 2128 etsi
818 2100 923 2139 passio

144 2146 259 2178 Christi
296 2148 408 2179 liberet
439 2158 458 2179 a
489 2158 601 2189 poena,
638 2159 703 2182 non
736 2153 843 2183 tamen
882 2155 922 2185 ab

142 2201 231 2232 omni
255 2211 350 2242 poena
390 2213 396 2233 t
427 2202 540 2234 liberat
569 2204 656 2234 enim
693 2214 712 2235 a
740 2214 836 2245 poena
860 2216 921 2247 op-

143 2254 298 2294 pressiva3
328 2255 380 2286 sed
403 2265 467 2287 non
494 2257 608 2288 liberat
629 2267 648 2288 a
675 2267 770 2298 poena
791 2269 920 2300 promo-

140 2303 219 2339 ttva.
244 2308 281 2339 Et
302 2309 453 2349 quoniam
480 2320 590 2351 poena,
613 2311 647 2342 in
669 2321 733 2352 qua
756 2316 922 2345 exercetur

144 2361 314 2401 patientia,
339 2365 370 2393 et
391 2363 626 2403 misericordia,
649 2366 716 2397 sive
740 2367 851 2407 pietas,
875 2371 922 2399 est

138 2408 339 2453 promotiva;
363 2416 433 2447 ideo
458 2417 561 2457 passio
581 2418 695 2449 Christi
715 2420 754 2450 ab
774 2421 829 2451 illa
855 2431 921 2453 non

143 2467 267 2506 liberat,
297 2469 350 2500 sed
373 2470 411 2500 ad
433 2470 521 2502 illam
547 2472 680 2511 animat,
697 2476 728 2504 et
749 2475 921 2507 animando

181 2531 186 2547 ¹
200 2529 207 2553 1
223 2529 291 2560 Cor„
307 2536 350 2561 xv,
363 2533 401 2556 26.

1701 158 1761 188 121ss

982 219 1055 250 facit
1068 220 1105 250 ut
1121 228 1214 259 pcena
1233 221 1287 251 illa
1302 231 1367 253 non
1382 223 1479 262 possit
1494 223 1686 263 opprimere,
1703 234 1761 255 nec

982 273 1155 311 praevalere
1171 284 1177 304 z
1195 276 1226 304 et
1241 274 1301 305 isto
1317 275 1412 306 modo
1428 278 1532 316 posset
1545 277 1607 307 (1101
1621 278 1761 317 quodam

983 326 1077 356 modo
1091 326 1224 357 liberare
1244 328 1350 359 abillo
1371 338 1490 368 genere
1511 338 1628 370 poenae,
1645 339 1711 361 non
1727 333 1762 361 ut

982 387 1046 408 non
1058 379 1191 417 affligat,
1209 381 1259 411 sed
1273 384 1309 412 ut
1324 391 1389 412 non
1404 383 1585 422 praevaleat.

1024 434 1053 462 3.
1076 432 1124 462 Ad
1144 432 1220 463 illud
1250 435 1335 473 quod
1363 436 1523 475 objicitur,
1547 436 1632 476 quod
1657 437 1761 475 passio

983 484 1097 515 Christi
1114 495 1179 516 non
1194 486 1305 517 liberat
1327 498 1345 518 a
1366 499 1460 528 poena
1483 490 1695 529 poenitentiae,
1712 491 1760 521 di-

982 538 1119 569 cendum
1134 540 1219 578 quod
1235 540 1300 571 imo
1315 551 1373 572 nos
1394 542 1526 581 liberat,
1543 546 1701 583 quantum
1715 546 1762 575 est

982 591 1020 621 de
1035 601 1085 629 se3
1103 592 1189 631 quia,
1218 594 1395 624 secundum
1422 596 1507 635 quod
1524 597 1638 628 dicitur
1655 597 1689 628 in
1710 597 1763 628 lit-

982 647 1060 682 tera,
1086 645 1118 675 in
1146 646 1304 685 bapismo
1327 648 1433 678 omnis
1460 658 1567 688 1101110,
1600 659 1672 689 quae
1701 660 1758 690 pro

984 701 1110 738 peccato
1135 699 1285 737 debetur,
1316 701 1445 740 penitus
1477 702 1641 733 relaxatur
1669 714 1675 734 z
1707 704 1762 735 sed

983 761 1057 782 cum
1088 752 1184 783 homo
1205 756 1331 793 peecata
1354 755 1466 793 iterat,
1497 756 1600 786 reddit
1622 766 1654 787 se
1676 756 1760 787 indi-

983 815 1088 845 gnum
1103 808 1190 837 tanto
1207 808 1359 838 beneficio
1382 819 1389 837 ε
1411 811 1442 839 et
1462 809 1533 839 ideo
1558 818 1615 849 per
1638 810 1761 850 passio-

982 869 1057 889 nem
1072 869 1137 890 non
1153 861 1325 891 remittitur
1342 862 1370 892 ei
1386 864 1450 893 tota
1464 872 1570 902 poena,
1588 863 1642 894 sed
1656 864 1760 894 mino-

984 915 1083 950 ratur,
1105 914 1282 944 secundum
1305 915 1389 954 quod
1405 915 1479 945 dicit
1495 915 1646 955 Magister
1661 917 1694 947 in
1708 917 1761 948 lit-

983 969 1060 1004 tera,
1075 971 1232 1007 quantum
1248 968 1336 999 (lecet
1350 971 1381 999 et
1394 970 1532 1009 expedit,
1549 970 1636 1002 salva
1651 971 1761 1002 divina

979 1021 1116 1059 justitia.

1023 1077 1052 1104 4.
1066 1075 1112 1104 Ad
1136 1075 1214 1105 illud
1231 1085 1307 1106 vero
1322 1077 1408 1116 quod
1423 1077 1583 1117 objicitur,
1596 1078 1681 1117 quod
1695 1087 1761 1109 non

983 1128 1096 1159 liberat
1133 1139 1239 1169 neque
1271 1140 1289 1160 a
1318 1139 1413 1170 poena
1441 1131 1631 1170 temporali,
1656 1141 1761 1172 neque

982 1191 1001 1211 a
1025 1191 1119 1221 poena
1139 1185 1257 1214 aeterna
1271 1208 1279 1221 ,
1299 1184 1470 1214 dicendum
1492 1185 1577 1224 quod
1601 1186 1683 1216 ratio
1707 1186 1762 1217 illa

983 1238 1090 1274 peccat
1118 1236 1296 1267 secundum
1331 1247 1539 1277 consequens.
1575 1238 1646 1269 Non
1675 1240 1761 1270 enim

981 1289 1145 1328 sequitur,
1164 1291 1250 1330 quod
1275 1291 1299 1321 si
1324 1291 1383 1321 hoc
1404 1292 1498 1323 modo
1522 1302 1586 1323 non
1604 1293 1717 1324 liberat
1743 1304 1762 1324 a

981 1352 1077 1382 poena
1106 1345 1272 1384 temporali
1303 1348 1333 1375 et
1363 1348 1493 1385 aeterna,
1528 1347 1613 1386 quod
1633 1350 1762 1388 propter

982 1396 1042 1426 1100
1065 1397 1153 1428 nullo
1177 1398 1271 1428 modo
1296 1399 1407 1430 liberet
1432 1410 1450 1429 a
1473 1410 1567 1440 poena
1592 1401 1759 1440 temporali

981 1453 1011 1480 et
1035 1454 1166 1482 aeterna.
1202 1452 1356 1489 Quamvis
1391 1454 1479 1484 enim
1512 1463 1578 1484 non
1604 1454 1717 1485 liberet
1741 1463 1760 1485 a

982 1515 1075 1545 poena
1102 1509 1221 1538 aeterna
1239 1516 1310 1545 005,
1338 1508 1395 1547 (101
1420 1510 1496 1539 sunt
1509 1509 1543 1539 in
1562 1509 1645 1539 malo
1659 1509 1758 1539 obsti—

981 1560 1057 1597 nati,
1074 1560 1187 1590 liberat
1202 1563 1310 1591 tamen
1325 1570 1397 1600 005,
1423 1562 1479 1601 qui
1493 1562 1607 1593 volunt
1630 1565 1660 1593 et
1682 1571 1759 1602 pos-

980 1616 1056 1644 sunt
1070 1614 1109 1644 ad
1118 1614 1278 1645 Christum
1288 1616 1441 1647 converti.
1459 1615 1593 1653 Rursus,
1607 1616 1760 1655 quamvis

980 1677 1045 1698 non
1064 1668 1175 1699 liberet
1196 1678 1215 1699 a
1239 1678 1332 1709 poena
1356 1670 1524 1710 temporali
1547 1670 1581 1700 in
1607 1670 1759 1709 praesenti

979 1722 1056 1759 vita,
1073 1722 1221 1753 sciliceta
1235 1723 1318 1753 fame
1333 1725 1362 1753 et
1376 1733 1395 1754 a
1409 1723 1472 1761 siti,
1488 1723 1637 1755 liberabit
1651 1727 1758 1754 tamen

979 1785 997 1806 a
1011 1785 1105 1816 poena
1121 1776 1290 1815 insutum,
1307 1777 1434 1816 quando
1458 1778 1466 1794 ¹
1489 1778 1667 1809 novissima
1696 1785 1759 1809 om-

979 1830 1071 1860 nium
1081 1829 1266 1862 destruetur
1274 1831 1411 1862 inimica
1420 1839 1513 1862 mors.
1525 1831 1650 1862 Liberat
1661 1831 1758 1861 etiam

979 1883 1018 1914 ab
1039 1883 1202 1924 aliquibus
1222 1885 1326 1924 poenis
1345 1885 1592 1925 temporalibus,
1616 1885 1655 1916 ad
1679 1895 1759 1925 quas

979 1946 1122 1968 essemus
1142 1938 1276 1978 obligati
1300 1939 1415 1969 merito
1450 1941 1654 1979 peccatorum
1680 1947 1757 1969 nos—

979 1993 1114 2029 trorum,
1131 1992 1192 2023 nisi
1207 1992 1415 2024 interveniret
1429 1993 1533 2034 passio
1548 1993 1673 2025 Christi.

1211 2117 1453 2152 ARTICULUS
1478 2118 1520 2152 ΙΙ.

1019 2205 1254 2246 Consequenter
1284 2207 1441 2246 quaeritur
1463 2208 1501 2239 de
1531 2217 1668 2248 persona
1697 2209 1756 2239 Re-

978 2259 1152 2299 demptoris
1166 2262 1196 2290 et
1209 2259 1399 2298 Mediatoris,
1416 2270 1473 2301 per
1494 2271 1593 2301 quam
1614 2262 1695 2293 facta
1709 2264 1756 2293 est

978 2313 1206 2350 reconciliatio;
1224 2315 1254 2344 et
1267 2314 1350 2345 cirea
1363 2315 1423 2345 hoc
1437 2318 1629 2355 quaeruntur
1656 2316 1719 2346 duo
1747 2325 1753 2344 :

978 2367 1119 2407 primum
1131 2369 1190 2405 est,
1207 2369 1318 2398 utrum
1333 2368 1419 2398 solus
1435 2368 1531 2400 Filius
1543 2369 1584 2400 sit
1596 2369 1753 2409 Redemp-

977 2424 1045 2458 tor,
1069 2422 1126 2451 aut
1144 2420 1240 2451 etiam
1262 2420 1357 2452 Pater
1388 2424 1419 2453 et
1446 2422 1586 2462 Spiritus
1608 2424 1753 2461 sanctus;

977 2472 1155 2503 secundum
1181 2474 1247 2510 est,
1277 2473 1454 2504 secundum
1482 2483 1578 2514 quam
1604 2475 1754 2505 naturam

978 2525 1121 2556 Christus
1133 2527 1178 2555 est
1192 2524 1355 2557 Mediator.
