2017 2960
733 156 829 187 Dls'r.
854 156 890 187 X.
917 156 1005 188 ΛΒΤ.
1026 157 1048 188 l.
1073 156 1223 194 QUAEST.
1249 157 1270 188 l.

197 222 305 260 homo,
325 232 388 254 non
410 224 490 253 esset
511 223 593 254 Dens
612 234 618 253 ε
636 224 690 254 sed
714 233 778 254 non
802 224 861 254 fuit
876 224 973 255 homo

198 277 256 306 nisi
279 286 318 307 ex
342 279 506 316 tempore:
525 276 576 306 sed
598 279 719 307 constat
742 278 827 317 quod
846 279 892 307 est
914 278 970 307 fal-

197 340 269 360 sum
288 340 295 360 :
312 339 390 369 ergo
405 330 520 360 falsum
531 332 576 360 est
591 331 675 370 quod
689 331 841 367 Christus,
858 341 972 361 secun-

197 383 274 413 dum
288 383 373 422 quod
388 383 497 419 homo,
513 387 560 414 est
577 384 667 414 Deus.

468 499 692 532 CONCLUSIO.

194 597 327 624 Christum
343 606 394 625 esse
403 599 484 625 Deum
496 599 635 626 secundum
648 599 718 633 quod
730 599 816 633 homo,
827 607 879 626 non
896 599 971 626 debet

230 642 350 673 admitti,
364 644 389 669 si
399 643 578 678 reduplicatio
587 645 728 677 formalem
739 644 814 670 dicat
825 645 968 675 rationem,

230 687 302 721 licet,
315 689 339 714 si
352 688 426 715 dicat
441 688 630 716 indivisionem
646 691 870 722 concomitantioe,
885 692 971 725 possit

227 731 349 758 admitti.

231 810 322 851 Resp.
342 811 381 842 ad
403 821 473 851 arg.
491 812 664 843 Dicendum
687 814 788 853 quod,
811 815 967 854 quemad-

189 864 320 894 modum
335 865 410 895 dicit
424 864 575 904 Magister
587 866 619 896 in
636 866 756 905 littera,
776 867 846 897 haec
861 868 966 906 dictio,

187 917 362 949 secundum
372 943 379 956 ,
397 919 606 958 multiplicem
621 920 693 950 facit
709 920 966 960 intelligentiam.

189 971 294 1002 Potest
308 972 393 1002 enim
412 972 584 1012 importare
606 973 825 1005 habitudinem
842 985 946 1007 causae
958 1001 965 1014 ‚

188 1025 256 1055 sive
280 1025 504 1055 indivisionem
519 1049 526 1062 ,
550 1026 601 1056 vel
626 1027 782 1058 unitatem
807 1030 967 1059 concomi-

188 1079 306 1108 tantiae.
326 1079 357 1109 Si
375 1079 457 1109 (licat
472 1079 691 1110 habitudinem
707 1090 822 1120 cansae,
841 1083 885 1113 sic
898 1084 967 1114 abs-

187 1140 250 1170 que
274 1131 371 1161 dubio
397 1131 474 1161 salsa
496 1134 542 1161 est
569 1132 706 1171 locutio,
734 1144 790 1173 pro
819 1145 856 1165 eo
881 1137 967 1175 quod

186 1184 324 1215 conditio
340 1185 482 1224 apposita
496 1185 583 1215 nullo
598 1187 691 1217 modo
707 1189 753 1217 est
768 1196 863 1218 causa
880 1197 966 1228 prae-

185 1237 289 1274 dicati,
310 1247 369 1268 noc
393 1238 473 1268 ratio
497 1239 676 1270 secundum
691 1249 808 1280 quain,
826 1251 884 1272 nec
910 1252 967 1282 per

185 1300 283 1330 quam
298 1291 358 1322 tale
375 1292 582 1331 praedicatum
597 1293 670 1324 insit
692 1294 735 1324 illi
762 1295 915 1334 subJecto.
933 1296 964 1327 Si

186 1347 294 1375 autem
326 1345 408 1375 dicat
435 1346 660 1377 indivisionem
690 1349 942 1380 concomitantiae
955 1375 963 1388 ,

187 1398 232 1428 sic
255 1401 356 1438 potest
375 1399 491 1430 habere
511 1400 676 1431 veritatem
694 1410 701 1431 ε
719 1404 795 1432 tunc
810 1403 896 1433 enim
913 1404 965 1434 di-

188 1460 257 1481 cere
272 1452 358 1491 quod
378 1452 518 1483 Christus
535 1454 574 1484 sit
588 1454 671 1485 Deus
686 1456 863 1486 secundum
879 1457 964 1496 quod

187 1505 296 1542 homo,
313 1515 379 1536 non
395 1508 441 1536 est
455 1506 539 1536 aliud
555 1516 653 1546 quam
668 1508 771 1539 dicere
790 1510 873 1548 quod
897 1520 965 1541 esse

188 1558 287 1589 Deum
306 1560 457 1599 competit
478 1569 622 1600 personae
638 1561 753 1592 Christi
768 1563 914 1594 existenti
930 1564 963 1595 in

185 1611 328 1641 humana
341 1613 467 1648 natura,
486 1612 531 1642 ita
545 1613 629 1652 quod
642 1613 790 1644 divinitas
805 1617 835 1645 et
851 1615 964 1647 huma-

185 1665 266 1695 nitas
281 1666 537 1696 concomitantur
551 1675 584 1696 se
607 1666 859 1706 inseparabiliter
880 1670 963 1701 circa

185 1719 328 1749 eamdem
344 1728 524 1758 personam.
543 1719 603 1750 Iste
619 1722 727 1751 autem
746 1721 861 1752 modus
877 1723 962 1753 acci-

184 1772 292 1812 piendi
306 1772 389 1803 hanc
408 1773 579 1803 dictionem
593 1797 600 1810 ,
621 1774 811 1813 secundum,
834 1785 899 1806 non
916 1779 963 1808 est

184 1825 228 1856 ita
241 1826 423 1856 communis
440 1828 471 1857 et
486 1827 651 1867 proprius,
670 1828 752 1859 sicut
764 1830 959 1870 praecedens,

182 1879 255 1910 licet
288 1879 471 1910 inveniatur
501 1881 704 1921 quandoque.
734 1882 772 1913 Et
804 1884 848 1914 sic
876 1887 962 1924 patet

183 1933 269 1972 quod
284 1942 389 1963 sermo
408 1934 593 1973 praedictus,
609 1935 726 1966 scilicet
744 1947 750 1967 :
772 1948 786 1965 «
803 1937 958 1977 Christus,

170 1986 361 2017 secundum
384 1987 469 2026 quod
493 1987 601 2026 homo,
626 1990 673 2019 est
693 1989 794 2028 Deus,
811 2001 825 2019 n
845 2000 961 2022 secun-

182 2039 260 2070 dum
275 2040 433 2071 diversam
450 2041 695 2080 intelligentiam
709 2043 809 2082 hujus
831 2053 959 2084 praepo-

181 2093 322 2131 sitionis,
346 2094 542 2132 secundum,
569 2096 709 2135 quodam
735 2096 830 2127 modo
858 2100 960 2137 potest

179 2148 319 2186 concedi,
335 2149 475 2188 quodam
490 2149 584 2180 modo
597 2150 721 2189 negari.
738 2150 857 2190 Negari
871 2152 958 2182 enim

179 2202 281 2241 debet,
301 2203 479 2234 secundum
494 2204 578 2244 quod
591 2204 665 2235 dicit
680 2214 810 2235 causam
826 2205 892 2237 sive
906 2215 959 2237 ra—

179 2255 298 2286 tionem
320 2256 502 2296 formalem,
520 2260 550 2288 et
565 2258 744 2289 secundum
760 2259 853 2289 istam
871 2260 958 2290 viam

180 2309 356 2348 procedunt
375 2311 514 2341 rationes
528 2311 568 2342 ad
581 2312 754 2343 secundam
768 2315 891 2353 partem
904 2324 912 2352 ·‚
928 2316 959 2345 et

180 2363 255 2402 quia
284 2372 399 2394 verum
432 2364 628 2395 concludunt
656 2366 833 2397 secundum
870 2367 958 2398 illam

183 2415 278 2455 viam,
294 2416 365 2447 ideo
379 2417 589 2448 concedendae
602 2420 687 2449 sunt.

221 2472 250 2499 1.
266 2469 315 2500 Ad
328 2470 407 2501 illud
427 2471 511 2509 quod
533 2471 637 2511 primo
658 2472 808 2513 objicitur
830 2474 864 2504 in
885 2484 959 2506 con-

180 2522 314 2553 trarium
326 2547 334 2561 ‚
350 2524 435 2563 quod
450 2525 621 2565 assumpsit
640 2534 758 2556 nomen
775 2526 829 2557 Dei
848 2536 959 2558 secun-

179 2575 258 2606 dum
281 2576 367 2616 quod
389 2577 502 2616 homo,
525 2579 711 2618 responderi
730 2581 849 2620 potest,
872 2581 958 2621 quod

179 2629 355 2661 secundum
375 2630 451 2662 dicit
468 2631 511 2662 ibi
530 2633 809 2665 concomitantiam
828 2643 885 2675 per
907 2635 957 2665 in-

1748 165 1805 195 2⁵27

1030 225 1219 255 divisionem
1251 225 1380 256 unionis
1404 237 1410 257 z
1438 227 1513 267 quia
1543 229 1629 258 enim
1653 230 1730 260 unio
1754 231 1807 261 illa

1029 278 1100 308 fecit
1115 278 1279 309 hominem
1296 279 1395 310 Deum
1409 304 1416 316 ,
1434 281 1503 311 ideo
1525 281 1641 312 dicitur
1659 292 1806 324 assump-

1029 331 1104 361 sisse
1130 341 1247 362 nomen
1283 341 1473 372 supremum
1510 335 1688 366 secundum
1720 339 1806 376 quod

1029 384 1135 415 homo.
1154 385 1252 416 Aliter
1266 388 1368 425 potest
1382 387 1457 425 dici,
1473 388 1558 427 quod
1579 398 1653 419 cum
1669 390 1738 421 dico
1753 400 1806 421 as-

1028 447 1155 468 sumere
1172 448 1290 469 nomen
1306 439 1374 476 Dei,
1390 440 1454 471 duo
1468 441 1552 478 dico,
1569 442 1684 473 scilieet
1700 445 1803 474 nomi-

1028 491 1077 520 nis
1099 492 1198 531 ipsius
1222 493 1463 532 celsitudinem,
1490 497 1520 525 et
1542 495 1642 534 ipsius
1666 497 1806 528 nominis

1028 544 1286 583 acquisitionem:
1300 555 1373 576 cum
1387 555 1466 586 ergo
1477 548 1550 578 dicit
1563 549 1649 588 quod
1664 558 1806 591 assump-

1027 596 1067 626 sit
1088 606 1206 628 nomen
1231 598 1283 629 Dei
1311 599 1487 630 secundum
1511 602 1596 640 quod
1619 602 1727 641 homo,
1752 603 1805 635 illa

1027 650 1235 690 reduplicatio
1263 661 1328 682 non
1356 653 1432 682 dicit
1463 654 1617 685 rationem
1645 657 1802 696 nominis,

1026 704 1080 734 sed
1104 705 1332 744 acquisitionis,
1352 705 1432 736 Nam
1456 706 1600 738 Christus
1626 710 1802 741 secundum

1026 757 1169 788 divinam
1185 761 1334 790 naturam
1350 759 1446 790 habet
1459 770 1575 791 nomen
1591 763 1675 801 quod
1691 766 1738 794 est
1752 774 1805 794 su-

1025 820 1081 850 per
1107 821 1202 842 omne
1226 821 1344 843 nomen
1373 822 1428 852 per
1454 815 1712 855 generationem,
1738 827 1803 849 non

1026 874 1081 904 per
1107 866 1366 905 acquisitionem,
1390 867 1440 897 vel
1464 869 1716 908 assumptionem
1744 880 1752 901 ε
1774 874 1804 903 et

1024 917 1094 949 ideo
1121 928 1161 949 ex
1183 919 1242 949 hoc
1266 929 1331 950 non
1358 920 1427 950 licet
1450 920 1566 952 inferre
1587 933 1593 952 :
1616 934 1630 952 «
1651 923 1736 963 Ergo
1757 928 1803 956 est

1024 971 1108 1002 Deus
1121 973 1301 1003 secundum
1313 974 1398 1013 quod
1413 974 1521 1012 homo,
1538 986 1552 1003 »
1575 976 1756 1016 accipiendo
1772 979 1803 1019 ly

1023 1025 1199 1056 secundnm
1221 1026 1306 1065 quod
1327 1027 1503 1058 secundum
1528 1030 1671 1060 eamdem
1693 1041 1805 1072 accep-

1024 1079 1142 1109 tionem
1156 1091 1162 1116 ;
1181 1079 1246 1110 imo
1261 1083 1307 1110 est
1321 1081 1464 1111 accidens
1479 1082 1512 1112 in
1531 1092 1679 1122 processu
1696 1085 1760 1117 illo.

1064 1135 1092 1162 2.
1110 1132 1157 1163 Ad
1172 1133 1249 1163 illud
1264 1134 1348 1173 quod
1364 1135 1523 1173 objicitur,
1539 1138 1624 1176 quod
1639 1140 1803 1178 praedesti-

1022 1186 1116 1214 natus
1140 1185 1199 1215 suit
1225 1194 1291 1215 esse
1318 1186 1404 1216 tilius
1435 1187 1488 1217 Dei
1515 1190 1693 1220 secundum
1718 1193 1802 1232 quod

1023 1238 1133 1276 homo,
1155 1240 1223 1278 jam
1245 1241 1330 1278 patet
1348 1241 1512 1280 responsio
1532 1251 1589 1282 per
1604 1243 1699 1282 illud,
1716 1247 1801 1285 quod

1021 1301 1107 1322 nunc
1130 1292 1251 1323 dictum
1276 1295 1337 1332 est,
1365 1294 1441 1334 quia
1467 1295 1536 1327 haec
1560 1297 1665 1337 dictio,
1688 1307 1803 1332 secem-

1021 1345 1117 1384 (lum,
1142 1346 1246 1385 potius
1271 1346 1347 1377 dicit
1374 1350 1655 1381 concomitantiam
1684 1362 1802 1384 secun-

1021 1399 1100 1430 dum
1111 1400 1350 1439 expressionem
1359 1401 1548 1433 conditionis
1556 1407 1691 1443 uaturae,
1702 1416 1800 1446 quam

1021 1453 1103 1484 dicat
1127 1453 1349 1485 habitudinem
1373 1465 1490 1487 causae.
1516 1457 1571 1488 Vel
1596 1461 1697 1499 potest
1719 1462 1799 1501 dici,

1021 1508 1106 1548 quod
1121 1508 1172 1538 ille
1187 1518 1292 1540 sermo
1308 1509 1382 1540 dicit
1401 1511 1558 1543 rationem
1578 1516 1801 1548 antecessionis

1020 1570 1093 1601 quae
1110 1561 1301 1601 importatur
1320 1562 1353 1593 in
1369 1564 1526 1596 vocabulo
1546 1567 1798 1605 praedestinatio-

1020 1614 1085 1652 nis,
1102 1624 1191 1654 quae,
1206 1615 1355 1655 inquam,
1372 1626 1435 1647 non
1457 1620 1504 1648 est
1526 1622 1671 1659 respectu
1686 1621 1798 1653 Christi

1019 1668 1197 1699 secundum
1214 1668 1357 1700 divinam
1378 1672 1544 1709 naturam,
1561 1673 1615 1703 sed
1628 1674 1732 1705 solum
1747 1685 1798 1707 se-

1018 1721 1161 1752 cundum
1174 1722 1363 1753 humanam.
1381 1722 1453 1754 Non
1470 1724 1515 1755 sic
1529 1727 1639 1757 autem
1653 1730 1700 1758 est
1715 1729 1752 1760 de
1761 1739 1798 1761 eo

1017 1775 1104 1814 quod
1125 1777 1172 1806 est
1192 1784 1259 1806 esse
1281 1775 1381 1806 Deum
1397 1787 1404 1808 z
1420 1779 1451 1808 et
1466 1777 1535 1809 ideo
1551 1780 1725 1813 consimilis
1740 1784 1797 1814 de-

1017 1829 1118 1860 fectus
1140 1831 1186 1860 est
1209 1830 1242 1860 in
1264 1830 1323 1860 hac
1348 1831 1490 1869 ratione,
1515 1833 1596 1864 sicut
1619 1834 1653 1865 in
1677 1845 1797 1876 praece-

1017 1883 1114 1914 denti.

1057 1940 1087 1969 3.
1104 1938 1153 1969 Ad
1166 1938 1245 1969 illud
1259 1939 1345 1978 quod
1359 1940 1509 1979 objicitur
1527 1941 1565 1972 de
1583 1944 1688 1982 gratia
1701 1946 1796 1978 unio-

1017 1991 1081 2029 nis,
1099 1991 1269 2023 dicendum
1289 1993 1374 2033 quod
1399 1993 1541 2025 Christus
1559 1995 1667 2036 signat
1688 2008 1796 2039 perso-

1016 2054 1091 2075 nam
1107 2045 1138 2075 in
1154 2045 1280 2077 duabus
1294 2047 1435 2078 naturis:
1452 2049 1482 2078 et
1497 2048 1550 2079 illa
1566 2058 1702 2089 persona
1714 2053 1796 2085 Deus

1016 2100 1062 2128 est
1079 2108 1133 2138 per
1148 2101 1297 2130 naturam
1308 2124 1316 2138 ,
1333 2109 1399 2131 non
1420 2109 1477 2140 per
1490 2103 1629 2141 gratiam
1643 2105 1771 2138 unionis
1786 2117 1794 2138 :

1015 2151 1134 2182 dicitur
1144 2154 1284 2183 attamen
1299 2153 1397 2183 simul
1406 2154 1492 2193 quod
1506 2155 1546 2185 sit
1558 2155 1641 2188 Deus
1652 2160 1683 2189 et
1696 2158 1795 2192 homo

1015 2214 1072 2244 per
1092 2205 1230 2245 gratiam
1252 2206 1393 2237 unionis,
1412 2206 1484 2238 Esto
1505 2210 1613 2241 tamen
1628 2213 1714 2251 quod
1736 2214 1795 2245 ista

1015 2258 1055 2289 sit
1069 2259 1269 2290 concedenda
1286 2269 1293 2290 :
1311 2271 1325 2289 κ(
1339 2259 1400 2291 Iste
1414 2260 1512 2292 homo
1527 2265 1573 2293 est
1586 2263 1670 2295 Deus
1683 2275 1794 2297 secun-

1015 2312 1094 2342 dum
1118 2313 1257 2352 gratiam
1278 2313 1425 2352 unionis;
1443 2325 1457 2343 ›)
1476 2324 1517 2346 ex
1531 2316 1592 2347 hoc
1606 2320 1712 2349 tamen
1729 2329 1792 2351 non

1015 2365 1151 2396 hab'etur
1185 2367 1271 2406 quod
1307 2367 1348 2398 sit
1382 2367 1463 2399 Deus
1497 2371 1673 2401 seeundum
1709 2374 1794 2412 quod

1015 2419 1127 2458 homo,
1146 2421 1223 2460 quia
1238 2422 1342 2460 gratia
1357 2422 1486 2453 unionis
1500 2432 1565 2454 non
1580 2425 1729 2457 convenit
1748 2427 1793 2457 illi

1015 2474 1139 2504 homini
1163 2474 1341 2506 secundum
1366 2476 1451 2515 quod
1478 2476 1574 2508 homo
1595 2478 1792 2520 simpliciter,

1015 2527 1069 2558 sed
1093 2528 1271 2559 secundum
1293 2529 1379 2569 quod
1398 2529 1496 2561 homo
1511 2531 1637 2569 unitus,
1654 2533 1721 2565 sive
1742 2543 1792 2566 se-

1014 2582 1157 2613 eundum
1173 2583 1423 2623 assumptionem
1438 2583 1537 2623 ipsius
1551 2593 1571 2615 a
1585 2583 1702 2619 Verbo.

1054 2636 1083 2666 4.
1108 2636 1157 2666 Ad
1178 2636 1256 2668 illud
1279 2637 1366 2677 quod
1387 2637 1500 2668 ultimo
1524 2637 1690 2681 objicitur,
1708 2644 1794 2684 quod
