2017 2960
272 172 330 199 66ss

272 236 431 275 paratione.
455 236 492 265 ad
515 236 721 273 diligentvm2
748 235 779 264 iu
803 236 939 265 secunda
964 244 1039 266 vero

272 289 356 327 ponit
384 289 675 319 determinationem
704 289 937 326 ‹piorumdam‚
963 289 1005 318 ibi
1030 299 1036 318 :

273 341 407 375 Quidum
424 342 506 380 quod
521 342 571 371 liic
586 341 706 371 ‹Iit-ilar
720 341 908 379 simpliciter
932 345 1038 372 tenere

273 393 422 426 rolenlcs:
446 394 474 423 in
502 394 590 423 tertia
615 393 782 430 subjungit
807 393 1039 423 determinatio-

271 456 341 475 nem
359 455 459 476 suain.
478 446 517 475 ilii
536 456 542 475 ε
560 445 621 475 Sed
637 446 747 476 mestus
763 449 807 477 esc
825 450 859 478 ιιῐ
877 447 1034 485 [melliqu-

271 503 332 533 tur,
350 502 405 528 etc.

594 561 660 581 nun.
685 561 705 581 1.

459 637 571 660 obscura
586 638 623 660 est
636 636 783 667 responsio,
799 640 846 661 etc.

312 712 373 742 lloc
389 712 513 742 videtur
528 721 594 742 esse
614 711 796 750 simpliciter
812 712 924 742 salsum
939 737 946 749 ,
964 713 1040 751 quin

270 775 343 795 cum
370 768 457 796 actus
480 766 728 795 diversificvntur
752 775 808 804 per
831 766 985 805 obJecta¹‚
1010 768 1040 796 et

270 819 390 849 amicus
411 820 440 848 et
465 818 614 848 inimicus
636 818 698 847 sint
714 818 837 847 diversa
861 818 993 857 objecta,
1011 820 1039 848 et

269 871 392 901 diversa
405 870 580 907 diligibilia,
598 870 792 908 impossibile
807 872 852 900 est
865 870 948 909 quod
963 871 1040 900 ami-

270 933 343 953 cum
369 926 396 953 et
423 923 587 952 inimicum
615 923 687 962 quis
709 923 822 961 diligat
848 932 911 953 uuo
938 926 1037 953 motu.

272 976 347 1006 ltvm
368 976 468 1005 virtus
489 976 623 1015 simplex
647 978 675 1005 et
696 976 796 1012 linita,
815 976 853 1006 ad
875 985 1041 1015 (1113300111-

269 1040 330 1069 que
345 1040 377 1059 se
391 1030 555 1067 convertit,
574 1030 708 1059 totaliter
725 1039 758 1060 se
773 1030 945 1060 convertit²
961 1040 968 1060 :
987 1030 1040 1060 sed

270 1083 375 1119 1101110,
393 1083 555 1120 diligendo
577 1082 734 1119 amicum,
760 1083 914 1112 convertit
946 1091 978 1113 se
1002 1083 1039 1113 ad

270 1136 373 1174 ipsum
389 1146 394 1165 ε
413 1144 490 1173 ergo
507 1144 570 1165 non
593 1135 718 1165 videtur
736 1135 818 1174 quod
843 1145 908 1165 uuo
934 1138 964 1165 et
985 1144 1041 1166 eo·-

270 1189 339 1218 dcni
365 1191 472 1224 motu,
501 1188 595 1218 simul
617 1190 647 1217 et
671 1188 768 1219 semel
790 1189 887 1227 possit
909 1188 1040 1227 diligere

270 1242 408 1271 amicum
422 1243 450 1271 et
469 1241 644 1271 inimicum.

311 1293 402 1333 Resp.
434 1293 606 1323 Dicendum
641 1293 723 1332 quod
735 1317 743 1330 ,
768 1293 914 1332 quamvis
942 1293 1039 1330 illud,

271 1346 354 1385 quod
370 1346 443 1375 dicit
458 1346 606 1383 Magister
623 1346 690 1383 liic,
717 1354 778 1375 non
795 1346 833 1375 sit
856 1355 1040 1385 usquequa·-

272 1408 332 1438 que
363 1399 441 1428 bene
477 1398 692 1436 intelligibile,
730 1405 900 1436 passumus
935 1400 1040 1428 tamen

272 1454 444 1491 utrumque
467 1460 645 1490 exponere,
665 1453 695 1480 et
712 1452 815 1490 ipsum
839 1451 961 1481 salvare
982 1451 1042 1480 du-

272 1505 401 1544 pliciter.
422 1504 526 1534 l‘rinio
540 1504 585 1533 sic
601 1514 607 1533 ε
626 1504 779 1533 Convenit
796 1503 880 1532 enim
897 1512 975 1542 erga
990 1504 1043 1532 ali-

272 1567 365 1597 quem
382 1558 464 1588 attici
488 1557 650 1596 dupliciter
668 1567 672 1586 :
692 1556 741 1586 vel
764 1556 900 1595 proprie,
927 1558 957 1586 et
979 1556 1043 1586 dis-

273 1612 377 1648 inu-ie,
388 1614 417 1641 et
428 1610 619 1650 suapropria
635 1610 772 1646 ratione,
791 1609 840 1639 vel
858 1609 889 1638 in
905 1609 1040 1648 quadani

273 1665 475 1703 generalitate
487 1673 559 1693 cum
569 1663 653 1693 aliis:
665 1663 756 1699 sicut,
768 1662 854 1692 verbi
864 1662 977 1701 gratia,
989 1662 1042 1692 du-

274 1718 392 1757 pliciter
403 1720 499 1757 potest
513 1717 583 1756 quis
595 1717 674 1747 attici
693 1717 722 1745 in
740 1715 875 1745 amando
888 1715 1016 1746 Petrum
1034 1726 1040 1746 :

274 1774 327 1800 aut
343 1771 417 1809 quia
427 1770 601 1810 specialiter
617 1769 752 1798 afficitur
762 1768 844 1797 circa
854 1767 957 1806 ipsum
968 1777 975 1805 ;
988 1770 1044 1797 aut

274 1824 347 1864 quia
377 1826 415 1855 (11²
449 1823 638 1861 generaliter
669 1822 785 1860 cogitat
821 1830 947 1851 omnem
982 1822 1042 1851 lio·

275 1877 393 1906 minem
410 1886 476 1905 esse
489 1875 697 1913 diligendum,
714 1876 744 1903 et
757 1873 947 1912 generaliter
962 1874 1043 1903 circa

274 1939 401 1960 omnem
416 1929 577 1959 hominem
595 1928 743 1964 afficitur,
762 1927 937 1957 secundum
958 1927 1042 1966 quod

274 1982 371 2021 exigit
388 1982 464 2012 ordo
480 1981 647 2011 charitatis.
666 1980 697 2010 Si
718 1980 820 2019 primo
841 1979 933 2009 modo
958 1979 1043 2009 acci-

274 2036 377 2075 piatur
394 2037 498 2065 motus
513 2034 686 2063 dilectionis
700 2033 733 2063 in
748 2033 900 2071 amicum,
919 2033 962 2063 sic
978 2042 1042 2064 nou

273 2091 371 2129 potest
386 2097 470 2119 unus
485 2090 515 2117 et
535 2087 617 2117 idem
636 2089 756 2122 motus,
780 2086 835 2125 qui
852 2086 944 2116 estin
959 2088 1043 2115 ami-

274 2152 358 2179 cum,
377 2152 443 2173 esse
459 2142 490 2171 in
507 2142 685 2178 inimicum,
702 2141 782 2170 sicut
798 2141 918 2170 ratione
936 2140 1041 2170 induc-

273 2198 313 2226 tae
342 2195 522 2226 ostendunt.
549 2194 579 2223 Si
604 2203 680 2224 vero
703 2193 840 2223 secundo
866 2193 975 2230 modo,
1001 2192 1044 2222 sic

272 2250 373 2289 potest
388 2256 453 2279 esse
470 2247 553 2277 idem
571 2256 577 2275 :
596 2249 623 2275 et
646 2246 706 2276 hoe
727 2246 821 2275 modo
844 2245 955 2284 accipit
976 2244 1043 2274 Ma-

274 2303 382 2341 gister,
399 2309 472 2331 cum
487 2300 560 2331 dicit
576 2299 659 2338 quod
676 2301 774 2338 potest
790 2307 855 2329 esse
871 2306 955 2328 unus
974 2307 1042 2327 res-

274 2357 365 2395 pectu
383 2354 556 2393 utriusque.
575 2353 674 2383 Aliter
693 2355 797 2382 autem
822 2353 923 2391 potest
947 2351 1040 2381 susti-

274 2409 341 2438 nori
357 2410 391 2438 ut
407 2407 661 2445 distinguamus,
679 2406 762 2444 quod
781 2404 947 2444 dupliciter
965 2413 1044 2433 con-

277 2461 371 2499 tingit
393 2460 458 2490 vim
484 2459 623 2498 aliquam
649 2457 770 2488 moveri
796 2457 827 2486 iu
851 2457 1010 2495 objectum
1037 2466 1043 2487 :

309 2542 313 2555 ¹
333 2543 416 2568 Art-l„
434 2540 462 2560 dr·
481 2540 573 2563 Anisa..
589 2539 631 2561 lit».
650 2539 678 2567 ll,
698 2540 757 2561 cunt
783 2539 820 2559 im.
838 2550 867 2553 —
879 2538 888 2552 ²
906 2538 1003 2566 riveria,
1018 2537 1046 2558 ιΙι·

280 2575 422 2597 <undantia
433 2574 496 2604 mh„
509 2582 531 2595 v.
547 2580 617 2597 un—
632 2574 662 2602 ‘'11]
681 2573 748 2597 Edit.
767 2572 820 2595 Vm.
835 2572 899 2594 dves!
916 2572 982 2603 qnia.

835 169 1142 201 SENTENTIARUM
1163 171 1234 203 ΗΒ.
1258 173 1310 204 111.

1095 240 1148 267 aut
1165 241 1251 269 motu
1268 240 1399 280 simplici
1415 243 1445 271 et
1458 242 1610 280 absoluto,
1627 246 1681 273 ant
1696 246 1785 274 motu
1802 246 1861 275 eol-

1093 289 1200 327 ]ativo,
1225 293 1255 321 et
1278 293 1414 331 quodam
1440 294 1532 324 modo
1549 296 1731 335 composito.
1758 296 1790 327 Si
1814 297 1858 327 lo-

1094 351 1232 380 quamur
1253 344 1290 375 de
1318 348 1405 375 motu
1427 347 1559 385 simplici
1581 350 1612 378 et
1632 349 1791 387 absoluto,
1817 350 1860 380 sie

1095 403 1159 425 non
1176 398 1275 435 potest
1291 407 1373 427 unus
1388 401 1417 427 et
1434 399 1515 430 idem
1532 409 1597 429 esse
1617 401 1648 430 in
1672 402 1809 432 amicum
1832 405 1861 432 et

1095 447 1263 478 inimicum
1281 461 1287 479 z
1304 450 1369 479 imo
1385 451 1498 481 divorsi
1519 454 1591 481 sunt
1602 477 1609 490 ,
1626 462 1761 492 quorum
1778 464 1862 485 uuus

1096 502 1141 529 est
1156 501 1324 540 intensior,
1344 505 1373 533 et
1388 503 1465 533 alter
1480 505 1648 535 remissior.
1676 506 1709 536 Si
1733 516 1807 538 vero
1825 508 1862 538 de

1096 556 1183 584 motu
1204 555 1359 594 collativo,
1376 566 1439 596 quo
1459 557 1529 596 quis
1547 558 1684 588 aflicitur
1705 559 1786 589 circa
1805 560 1861 590 ali-

1095 616 1159 647 qua
1174 607 1248 646 duo,
1269 618 1368 639 unum
1383 610 1469 639 alteri
1487 611 1719 650 przrpoucudoe
1743 612 1787 642 sic
1806 621 1860 651 po-

1095 661 1154 690 test
1178 668 1244 690 esse
1267 662 1382 699 motus,
1400 662 1575 692 secundum
1600 663 1683 702 quod
1700 664 1774 694 dicit
1796 664 1863 695 Ma·-

1097 713 1205 751 gister,
1222 714 1394 744 secuudum
1417 714 1533 754 aliquid
1557 716 1604 745 sui
1627 716 1790 754 intensior,
1815 726 1862 747 se-

1097 765 1237 796 cundum
1260 775 1335 797 vero
1350 766 1468 806 aliquid
1493 768 1662 798 remissior.
1681 768 1864 800 Secundum

1098 817 1155 847 hoc
1170 821 1253 857 patet
1268 820 1429 858 responsio
1443 821 1481 850 ad
1495 830 1542 858 ea,
1559 829 1631 860 quae
1649 821 1841 860 objiciuntur
1854 833 1861 853 ι

1097 880 1171 901 nam
1188 871 1239 901 illa
1261 872 1324 902 duo
1346 874 1520 912 procedunt
1535 874 1572 903 de
1592 876 1664 904 actu
1683 874 1815 914 simplici
1835 878 1865 906 et

1097 922 1252 960 absoluto,
1268 923 1323 962 qui
1342 925 1387 953 est
1402 926 1543 963 respectu
1559 924 1654 954 unius
1667 925 1780 963 objecti
1793 927 1865 956 tan-

1096 976 1186 1013 tum,
1204 977 1291 1005 actus
1304 985 1380 1007 vero
1400 976 1563 1006 collativus
1585 978 1685 1016 potest
1708 986 1774 1007 esse
1797 985 1867 1008 res-

1098 1029 1191 1067 pectu
1213 1028 1351 1058 duorum
1373 1029 1432 1058 sul]
1455 1028 1574 1058 ratione
1595 1029 1701 1059 unius.
1718 1029 1766 1059 Ad
1790 1029 1867 1060 illud

1097 1080 1183 1120 qnod
1204 1081 1362 1120 objicitur,
1384 1081 1467 1120 quod
1488 1081 1590 1111 virtus
1609 1081 1781 1112 affectionis
1803 1090 1867 1112 non

1098 1136 1197 1173 potest
1219 1134 1315 1164 simul
1339 1134 1497 1172 converti,
1520 1136 1604 1174 patet
1627 1135 1787 1174 responsio
1803 1144 1813 1164 :
1828 1144 1868 1165 ex

1098 1186 1158 1216 1100
1179 1186 1265 1216 enim
1283 1195 1347 1217 non
1370 1186 1570 1217 concluditur
1584 1187 1668 1226 quod
1691 1196 1755 1217 non
1772 1187 1869 1228 possit

1098 1248 1164 1269 esse
1185 1248 1269 1269 unus
1289 1242 1393 1269 motus
1412 1239 1587 1277 collativus,
1612 1240 1687 1279 quia
1711 1240 1743 1270 in
1764 1249 1801 1270 eo
1822 1241 1868 1270 est

1098 1291 1234 1330 reperire
1249 1291 1336 1330 prius
1350 1294 1380 1321 et
1397 1292 1560 1331 posterius.

1425 1380 1492 1401 DUB.
1516 1380 1548 1401 11.

1114 1440 1203 1463 Procul
1218 1440 1296 1463 dubio
1309 1440 1386 1464 verba
1397 1440 1542 1470 sponsionis
1555 1441 1628 1472 liujus
1644 1441 1789 1473 implentur,
1802 1445 1849 1467 etc.

1139 1502 1253 1533 Contra
1270 1512 1277 1533 :
1297 1503 1329 1534 Si
1349 1513 1414 1534 non
1430 1504 1560 1534 dimittit
1580 1506 1751 1544 antequam
1775 1514 1866 1545 roge-

1098 1557 1161 1593 tur,
1180 1558 1284 1586 servat
1298 1556 1378 1586 iram
1394 1557 1539 1596 proximo
1553 1559 1601 1587 :et
1615 1557 1639 1586 si
1655 1559 1759 1589 servat
1773 1558 1865 1596 iram,

1099 1609 1284 1639 charitatem
1300 1617 1362 1639 non
1378 1609 1472 1640 habet
1489 1618 1495 1639 :
1513 1619 1590 1649 ergo
1607 1610 1639 1640 in
1655 1610 1796 1641 oratione
1813 1621 1870 1642 sua

1099 1670 1163 1692 non
1189 1664 1235 1692 est
1264 1662 1380 1701 dignus
1410 1663 1631 1701 exauditione,
1661 1672 1719 1693 nec
1742 1664 1869 1695 videtur

1099 1715 1183 1754 quod
1199 1716 1266 1745 oret
1289 1717 1381 1745 recte.
1400 1715 1477 1745 Item
1489 1740 1497 1753 ,
1514 1716 1593 1746 sicut
1612 1716 1644 1746 in
1662 1717 1866 1756 praecedenti-

1100 1768 1159 1797 bus
1172 1768 1339 1807 probatum
1355 1769 1414 1806 est,
1432 1776 1541 1798 omnes
1556 1770 1702 1799 tenentur
1726 1769 1868 1800 inimicos

1100 1829 1174 1850 suos
1194 1820 1342 1859 diligere⁷
1358 1821 1453 1850 etiam
1468 1820 1647 1851 inimicitias
1661 1823 1841 1852 exercentes
1860 1832 1866 1852 :

1100 1883 1177 1912 ergo
1192 1883 1302 1904 omnes
1317 1875 1465 1904 tenentur
1480 1874 1523 1904 eis
1534 1897 1541 1910 ‚
1558 1874 1652 1904 etiam
1674 1882 1738 1904 non
1754 1874 1867 1913 rogati,

1100 1927 1235 1957 offensas
1249 1926 1416 1957 dimittere.

1140 1979 1233 2018 Resp.
1256 1979 1428 2009 Dicendum
1443 1979 1527 2018 quod
1549 1981 1594 2010 est
1617 1979 1773 2010 dimittere
1795 1988 1868 2010 ran—

1101 2041 1216 2070 corem,
1243 2034 1273 2063 et
1294 2033 1449 2063 dimittere
1472 2032 1566 2071 signa
1591 2033 1740 2063 rancoris.
1763 2032 1870 2063 Dimit-

1100 2088 1166 2117 tere
1188 2094 1353 2116 rancorem
1380 2085 1572 2116 necessitatis
1597 2088 1662 2123 est,
1692 2088 1722 2115 et
1746 2085 1785 2116 ad
1811 2085 1871 2116 11οο

1101 2148 1212 2170 omnes
1228 2139 1422 2178 obligantur,
1439 2141 1470 2169 et
1484 2139 1522 2169 ad
1539 2139 1599 2169 hoc
1614 2141 1738 2169 tenetur
1762 2139 1869 2177 homo,

1101 2193 1168 2223 sive
1185 2192 1332 2222 inimicus
1347 2193 1522 2231 repugnet,
1541 2191 1606 2222 sive
1624 2191 1750 2223 veniam
1775 2193 1870 2231 petat.

1102 2245 1264 2276 Dimittere
1280 2246 1386 2275 autem
1404 2253 1466 2275 non
1487 2244 1590 2275 solum
1614 2252 1795 2282 rancorem,
1818 2243 1871 2273 sed

1102 2300 1132 2329 et
1152 2299 1244 2337 signa
1264 2297 1414 2334 rancoris,
1439 2297 1498 2327 hoc
1518 2296 1715 2336 perfectionis
1734 2297 1790 2333 est,
1813 2304 1872 2325 nec

1102 2351 1141 2382 ad
1155 2352 1215 2381 1100
1228 2352 1353 2381 tenetur
1367 2350 1474 2386 honio,
1497 2350 1557 2379 nisi
1571 2349 1604 2380 in
1619 2357 1709 2385 casu,
1728 2348 1872 2379 videlicet

1102 2405 1229 2445 quando
1248 2405 1358 2435 devote
1380 2406 1410 2433 et
1428 2403 1591 2433 humiliter
1610 2402 1703 2434 venia
1727 2402 1870 2442 postula-

1103 2461 1165 2489 tur.
1183 2459 1220 2489 Et
1235 2458 1272 2488 de
1291 2458 1350 2487 hac
1365 2457 1548 2487 dimissione
1563 2455 1703 2494 loquitur
1717 2455 1872 2494 Augusti-

1103 2520 1184 2549 nus;
1206 2510 1398 2550 objectiones
1417 2511 1524 2540 autem
1539 2510 1672 2538 currunt
1687 2507 1725 2539 tle
1739 2507 1801 2538 alia
1819 2517 1825 2538 :
1842 2509 1872 2538 et

1106 2573 1160 2605 per
1175 2565 1235 2595 hoc
1249 2565 1354 2604 patent
1368 2564 1434 2593 tam
1448 2562 1561 2599 littera,
1578 2570 1675 2601 quam
1689 2560 1819 2600 objecta.
