2017 2960
858 186 1049 220 DISTINCT.
1073 187 1178 219 XXIX.
1764 190 1822 221 6¹⁴3

214 257 279 286 tem
294 256 449 292 nostrum,
466 256 496 285 et
511 254 550 285 ad
569 262 684 294 corpus
707 255 910 293 comparatur
930 254 991 286 dif-
1048 256 1184 287 cendum
1200 256 1284 296 quod
1298 255 1376 287 illud
1391 255 1570 287 continetur
1584 256 1643 287 sub
1655 256 1708 288 illo
1722 266 1825 288 mem-

214 307 370 343 formiter,
387 307 463 347 quia
477 308 516 339 ad
532 307 678 338 animum
693 309 896 347 comparatur
910 307 992 339 sieut
1049 309 1117 347 bro,
1134 309 1218 349 quod
1240 312 1285 341 est
1298 308 1402 348 Juxta
1424 315 1492 347 nos,
1516 317 1573 349 pro
1597 318 1634 339 eo
1658 310 1744 349 quod
1767 310 1826 341 etsi

216 362 324 401 ipsum
343 361 540 400 informans,
566 364 598 392 et
621 361 723 392 eidem
753 360 927 399 inhaerens,
952 361 992 392 ad
1049 362 1169 393 inimici
1190 362 1253 394 sint
1267 362 1434 402 diligendi,
1451 361 1507 403 qui
1531 364 1608 393 sunt
1632 366 1741 393 contra
1755 371 1824 401 nos,

216 424 332 454 corpus
348 423 425 445 vero
439 415 521 446 sieut
536 414 620 446 idem
642 415 827 452 dominans,
842 416 873 445 et
886 414 991 454 ipsum
1049 424 1115 447 non
1130 418 1236 447 tamen
1258 419 1334 447 sunt
1354 415 1509 456 diligendi
1533 416 1567 446 in
1590 424 1627 447 eo
1646 416 1733 455 quod
1753 418 1828 447 sunt

216 477 344 507 regens.
1050 469 1159 498 eontra
1182 476 1260 504 1105,
1288 467 1349 498 1106
1374 469 1420 498 est
1444 467 1567 497 ratione
1583 466 1696 506 culpae,
1721 467 1774 497 sed
1794 467 1827 496 in

258 524 287 553 6.
306 521 353 553 Ad
371 521 450 554 iliud
462 521 549 562 quod
560 521 720 561 objicitur,
736 522 823 562 quod
837 531 877 552 ex
893 520 994 552 chari·
1050 529 1087 551 eo
1109 521 1194 560 quod
1210 523 1285 552 sunt
1305 522 1398 560 juxta
1416 530 1484 558 nos,
1512 520 1573 551 hoc
1589 522 1635 551 est
1649 520 1827 551 secundum

217 576 280 606 tate
295 575 495 615 diligendum
508 574 653 615 estquod
672 577 719 605 est
737 576 846 606 contra
860 583 930 613 nos,
945 574 993 605 di-
1050 574 1304 605 conformitatem
1319 577 1454 606 naturae.

699 735 1124 783 DISTINCTIO
1168 736 1353 782 XXIX

528 876 568 898 DE
597 875 814 898 CHARITATE
841 875 1016 902 QUANTUM
1044 876 1090 898 AD
1118 876 1321 898 DlLIGENDi
1351 875 1525 900 ORDINEM.

269 990 348 1024 Post
361 990 528 1034 praedicta,
544 990 584 1023 de
597 990 711 1023 ordine
726 990 896 1023 charitatis
910 990 1075 1034 agendum
1089 994 1152 1032 est,
1173 990 1252 1035 quia
1269 990 1347 1023 dicit
1363 990 1490 1035 Sponsa
1505 995 1513 1011 ¹
1532 1003 1540 1024 ς
1561 991 1755 1026 Introdztoez't
1780 1004 1832 1026 me
1875 1009 1904 1030 ηε
1923 1016 1955 1029 m.

224 1060 282 1082 rex
295 1049 332 1083 in
347 1049 464 1082 cellam
478 1047 660 1090 vinariam,
681 1054 712 1081 et
726 1047 896 1082 ordinavit
910 1048 947 1081 in
962 1059 1014 1081 me
1029 1048 1242 1082 charitatem.
1258 1048 1395 1082 Videam
1402 1060 1439 1082 us
1454 1060 1531 1093 ergo
1554 1050 1703 1083 ordinem
1715 1077 1724 1093 ,
1749 1050 1831 1096 quid
1847 1040 1956 1098 ‘'gfssfifsii'

224 1107 338 1152 prius,
363 1106 444 1152 quid
465 1107 629 1151 posterius
652 1118 719 1140 esse
744 1106 871 1140 debeat.
897 1107 1011 1140 Peecat
1035 1106 1123 1140 enim
1145 1107 1204 1151 qui
1228 1111 1423 1151 praepostere
1444 1108 1525 1151 agit.
1547 1107 1633 1142 Nam
1647 1108 1729 1142 scire
1750 1108 1832 1154 quid
1873 1104 1925 1129 ΨΜ

1866 1140 1937 1160 prius,

225 1164 345 1206 facias,
375 1168 407 1197 et
433 1164 558 1198 nescire
586 1165 735 1198 ordinem
763 1164 916 1207 faciendi,
947 1176 1014 1198 non
1038 1168 1086 1197 est
1110 1164 1260 1209 perfectae
1287 1165 1496 1208 cognitionis.
1526 1165 1661 1200 Ordinis
1688 1178 1833 1212 namque
1867 1167 1938 1223 Ρξᾞξ

225 1222 413 1266 ignorantia
426 1222 601 1256 conturbat
614 1222 807 1256 meritorum
820 1222 974 1255 formam.
991 1222 1149 1255 Ordinem
1165 1226 1276 1255 autem
1291 1222 1451 1266 diligendi
1464 1224 1674 1267 Augustinus
1687 1224 1834 1258 insinuat
1848 1229 1960 1254 numum

1864 1265 1946 1286 mag-s,

225 1280 336 1313 dicens
358 1284 369 1301 ²
396 1293 404 1314 z
431 1293 449 1312 «
473 1280 546 1325 Ipse
569 1284 617 1313 est
638 1280 698 1324 qui
720 1279 906 1313 ordinatam
928 1279 1027 1313 habet
1049 1279 1259 1313 dilectionem
1270 1306 1278 1321 ‚
1305 1291 1347 1313 ne
1365 1284 1423 1313 aut
1449 1280 1566 1324 diligat
1586 1282 1676 1327 quod
1698 1293 1766 1316 non
1789 1286 1836 1315 est
1851 1290 1902 1314 quid
1922 1292 1960 1310 mi-

226 1337 448 1381 diligendum,
465 1342 523 1371 aut
550 1350 617 1371 non
645 1338 762 1381 diligat
789 1338 877 1382 quod
893 1337 1100 1381 diligendum
1115 1342 1175 1379 est,
1191 1342 1250 1371 aut
1270 1349 1363 1383 aeque
1390 1338 1508 1383 diligat
1536 1339 1625 1385 quod
1655 1340 1767 1374 minus
1785 1340 1836 1374 vel
1852 1325 1960 1379 αἶυὲἕὸῗι.

227 1396 371 1441 amplius
384 1396 592 1439 diligendum
616 1400 675 1429 est.
700 1395 817 1429 Omnis
832 1400 991 1440 peccator,
1007 1396 1042 1429 in
1057 1400 1221 1440 quantum
1238 1400 1386 1440 peccator
1400 1401 1458 1437 est,
1475 1409 1543 1431 non
1564 1402 1612 1431 est
1625 1398 1835 1442 diligendus5
1852 1384 1961 1438 ξ’,ἳζῑῖὴό

228 1458 260 1487 et
274 1454 382 1487 omnis
394 1453 508 1495 homo,
523 1454 559 1487 in
573 1458 738 1498 quantum
752 1458 800 1488 est
814 1454 927 1495 homo,
943 1453 1132 1497 diligendus
1146 1457 1194 1487 est
1207 1458 1340 1499 propter
1353 1454 1460 1489 Deum
1478 1469 1485 1490 z
1503 1456 1591 1489 Deus
1605 1467 1682 1490 vero
1705 1460 1839 1502 propter

228 1512 384 1557 seipsum.
402 1512 443 1545 Et
457 1512 485 1545 si
499 1511 587 1545 Deus
599 1512 690 1545 omni
705 1512 839 1545 homine
853 1511 997 1556 amplius
1011 1512 1199 1555 diligendus
1212 1516 1280 1554 est,
1303 1512 1446 1558 amplius
1466 1513 1608 1559 quisque
1622 1514 1719 1547 debet
1732 1514 1839 1548 Deum

228 1570 366 1614 diligere
380 1581 482 1615 quam
496 1570 653 1614 seipsum.
670 1570 753 1603 Item
768 1570 912 1614 amplius
926 1570 1012 1603 alius
1028 1570 1128 1604 homo
1143 1569 1333 1613 diligendus
1347 1574 1395 1604 est
1408 1582 1511 1615 quam
1530 1583 1649 1617 corpus
1673 1576 1837 1614 nostrum,

229 1628 310 1673 quia
323 1632 457 1673 propter
469 1628 576 1662 Deum
589 1627 701 1661 omnia
714 1628 777 1661 ista
789 1628 959 1672 diligenda
973 1632 1064 1670 sunt,
1077 1631 1108 1661 et
1117 1632 1221 1673 potest
1230 1628 1403 1662 nobiscum
1413 1628 1480 1662 Deo
1489 1629 1590 1664 homo
1599 1630 1738 1674 perfrui,
1751 1631 1839 1676 quod

230 1697 298 1720 non
312 1690 418 1731 potest
432 1697 550 1731 corpus
564 1691 728 1730 nostrum,
746 1686 826 1731 quia
840 1697 959 1731 corpus
974 1697 1032 1731 per
1046 1686 1193 1720 animam
1207 1686 1308 1728 vivit,
1324 1697 1391 1731 qua
1410 1686 1556 1721 fruimur
1576 1687 1656 1721 Deo.
1675 1701 1692 1720 >³
1707 1688 1841 1722 Audisti

230 1744 341 1789 aliqua
354 1745 394 1778 de
409 1744 523 1778 ordine
537 1744 717 1786 charitatis,
733 1745 791 1778 ubi
806 1756 997 1790 expressum
1013 1748 1073 1786 est,
1089 1755 1149 1778 nos
1163 1744 1307 1789 amphus
1321 1744 1440 1778 debere
1453 1745 1590 1789 diligere
1604 1746 1724 1790 Deum,
1740 1758 1841 1792 quam

230 1814 344 1836 omnes
359 1802 522 1845 homines,
535 1802 588 1835 vel
606 1813 667 1836 1105
683 1803 791 1848 ipsos3
811 1807 844 1836 et
863 1803 1007 1848 amplius
1017 1803 1164 1836 animam
1182 1802 1324 1847 alicujus
1339 1802 1497 1846 hominis,
1511 1815 1611 1849 quam
1626 1816 1746 1850 corpus
1768 1816 1843 1839 nos-

229 1864 332 1894 trum.
348 1860 388 1893 In
399 1860 649 1894 enumeratione
664 1861 764 1894 etiam
779 1864 923 1906 quatuor
937 1860 1185 1904 diligendorum
1202 1860 1356 1905 superius
1370 1861 1486 1906 posita,
1498 1862 1592 1907 prius
1606 1862 1744 1908 ponitur
1754 1863 1844 1908 quod

231 1929 332 1963 supra
345 1929 406 1951 nos
420 1922 468 1951 est
477 1931 486 1960 ς
503 1918 658 1960 secundo,
675 1918 766 1963 quod
779 1929 839 1953 nos
853 1929 987 1959 sumus;
1004 1918 1114 1962 tertio,
1129 1918 1220 1963 quod
1230 1917 1329 1963 juxta
1342 1929 1402 1952 nos
1417 1922 1480 1960 est;
1496 1924 1628 1964 quarto,
1645 1920 1736 1966 quod
1756 1921 1845 1955 infra

231 1987 292 2010 nos
317 1979 364 2009 est
386 1988 394 2009 :
417 1976 477 2010 uhi
496 1976 577 2010 ordo
591 1975 753 2020 diligendi
766 1976 932 2010 insinuari
946 1975 1079 2010 videtur
1094 1987 1135 2010 ex
1147 1976 1275 2010 ratione
1289 1976 1560 2011 enumerationis.
1576 1977 1651 2012 Non
1665 1982 1714 2012 est
1733 1983 1844 2013 autem

231 2038 395 2078 apertum,
411 2038 527 2068 utrum
542 2045 657 2068 omnes
675 2033 828 2068 homines
846 2034 970 2079 pariter
991 2034 1129 2078 diligere
1147 2034 1347 2077 debeamus,
1371 2038 1403 2068 et
1426 2038 1555 2069 tantum
1578 2040 1743 2081 quantum
1771 2048 1843 2081 nos,

233 2092 287 2126 vel
301 2092 426 2127 minus,

278 2150 375 2184 Unde
390 2150 489 2184 etiam
512 2161 612 2195 super
628 2149 691 2184 hoc
713 2160 798 2195 saepe
818 2153 972 2184 movetur
994 2150 1148 2196 quaestio,
1173 2161 1276 2196 quam
1301 2150 1492 2196 perplexam
1511 2150 1638 2186 faciunt
1657 2156 1846 2187 sanctorum
1887 2171 1970 2192 nom<

234 2208 337 2242 verba
350 2208 441 2243 varie
455 2209 594 2254 prolata.
612 2208 756 2249 Quidam
771 2207 861 2242 enim
875 2208 1005 2242 tradere
1018 2208 1188 2251 videntur,
1206 2208 1297 2253 quod
1320 2208 1393 2254 pari
1412 2208 1531 2243 affectu
1553 2220 1667 2245 omnes
1685 2210 1849 2255 diligendi
1862 2202 1974 2260 ffieshss'a'.

237 2266 320 2308 sint;
351 2266 408 2300 sed
432 2266 469 2300 in
486 2266 618 2309 effectu,
643 2266 677 2300 id
701 2269 761 2308 est,
781 2266 816 2300 in
839 2266 1042 2300 exhibitione
1064 2266 1233 2311 obsequii,
1259 2265 1426 2301 distinctio
1445 2267 1649 2302 observanda
1675 2268 1729 2303 sit.
1754 2269 1849 2303 Unde
1863 2263 1972 2323 'ngcgndjssi‘

238 2324 448 2368 Augustinus
462 2328 473 2345 ³
491 2335 498 2357 :
518 2336 537 2357 t<
552 2324 675 2357 Omnes
687 2323 840 2358 homines
852 2335 946 2370 aeque
959 2324 1121 2368 diligendi
1135 2328 1213 2358 sunt
1231 2336 1238 2357 ε
1256 2323 1312 2357 sed
1333 2336 1410 2358 cuin
1429 2325 1585 2360 omnibus
1603 2326 1754 2372 prodesse
1781 2338 1850 2362 non
1888 2328 1939 2347 ⁵³⁰¹·

239 2382 355 2426 possis,
371 2381 422 2415 his
435 2381 644 2426 potissimum
659 2382 900 2416 consulendum
916 2387 979 2425 est,
995 2383 1055 2428 qui
1069 2394 1130 2428 pro
1153 2383 1301 2417 locorum
1313 2409 1321 2425 ,
1347 2387 1379 2416 et
1403 2387 1603 2429 temporum,
1619 2385 1671 2419 vel
1691 2396 1852 2431 quarum-

241 2440 322 2474 libet
335 2451 449 2474 rerum
463 2440 767 2486 opportunitatibus
780 2440 988 2475 constrictius
1003 2441 1074 2482 tibi,
1093 2441 1189 2486 quasi
1202 2441 1347 2486 quadam
1361 2445 1446 2475 sorte
1457 2442 1661 2487 junguntur.
1682 2443 1749 2478 Pro
1767 2448 1854 2478 sorte

244 2498 332 2531 enim
346 2498 538 2532 habendum
557 2501 605 2531 est
623 2497 714 2543 quod
737 2498 878 2544 quisque
901 2498 962 2532 tibi
986 2499 1210 2544 temporaliter
1231 2499 1405 2543 colligatus
1425 2499 1586 2544 adhaeret,
1611 2512 1652 2534 ex
1674 2513 1741 2547 quo
1760 2501 1856 2547 eligis

244 2555 356 2601 potius
368 2556 419 2589 illi
432 2555 578 2590 dandum
594 2566 674 2590 esse.
690 2568 708 2588 >³
725 2556 822 2599 Item,
838 2567 934 2601 saper
948 2556 1138 2602 Epistolam
1155 2556 1202 2590 ad
1216 2557 1358 2591 Galatas
1374 2558 1384 2576 ⁴
1401 2569 1408 2590 :
1430 2571 1447 2590 α
1466 2560 1646 2602 Operemar
1666 2559 1787 2594 bonum
1813 2560 1859 2593 ad

279 2641 288 2658 ¹
300 2642 384 2670 Cant.,
402 2647 429 2671 ιι,
446 2643 469 2665 4.
480 2655 504 2659 -
520 2643 529 2658 ¹
544 2644 620 2673 Aug„
633 2641 663 2665 cle
681 2642 751 2665 Doce.
769 2642 871 2672 christ„
885 2642 931 2665 lib.
942 2643 961 2672 i,
979 2649 1000 2666 c.
1017 2648 1100 2673 xxvii,
1114 2650 1140 2666 n.
1161 2644 1200 2667 28.
1211 2655 1239 2660 —
1255 2642 1265 2658 ⁸
1281 2642 1358 2673 lbra„
1377 2649 1398 2666 c.
1413 2648 1506 2673 xxviii,
1522 2650 1548 2667 n.
1564 2645 1603 2668 29.
1616 2658 1641 2661 —-
1656 2645 1727 2675 ⁸1d.‚
1745 2647 1859 2679 Exposit.

250 2677 332 2708 Epist.
349 2676 383 2700 ad
393 2676 462 2707 Gal„
478 2682 513 2707 Vl,
530 2679 567 2701 10.
