1997 2986
1767 171 1800 194 IX

182 231 310 272 Aliquis
337 232 447 264 scribit
473 232 579 263 aliena
608 230 771 268 addendo,
795 229 849 260 sed
880 237 946 259 non
975 229 1013 260 de
1041 239 1121 268 suo;
1152 233 1184 261 et
1213 231 1272 262 iste
1308 233 1496 273 compilator
1519 234 1648 266 dicitur.
1675 236 1800 277 Aliquis

180 294 292 325 scribit
305 293 461 332 etaliena,
477 296 509 325 et
525 303 601 332 sua;
618 293 672 325 sed
687 293 791 324 aliena
808 295 963 332 tanquam
979 291 1179 333 principalia,
1196 296 1227 324 et
1239 303 1298 325 sua
1307 297 1462 335 tanquam
1473 305 1601 327 annexa
1611 297 1649 328 ad
1665 298 1798 330 eviden—

180 358 274 397 tiam;
289 361 321 391 et
334 359 392 390 iste
406 359 524 390 dicitur
539 360 782 390 commentator.
801 357 926 398 Aliquis
943 356 1053 387 scribit
1068 359 1099 387 et
1115 366 1185 394 sua,
1202 360 1233 388 et
1247 357 1369 396 aliena;
1387 359 1441 390 sed
1461 368 1519 390 sua
1535 362 1688 400 tanquam
1708 362 1798 402 prin-

179 421 303 461 cipalia,
319 421 425 452 aliena
446 424 601 462 tanquam
623 430 748 452 annexa
773 420 811 451 ad
838 419 1133 457 confirmationem
1160 422 1191 451 et
1216 420 1288 451 talis
1309 421 1403 452 debet
1428 422 1489 452 dici
1515 425 1636 454 auctor.
1654 434 1668 452 n
1687 424 1796 465 Itaque

178 484 356 516 secundum
367 485 455 515 hunc
465 484 707 525 quadruplicem
718 484 862 521 modum,
874 483 904 513 in
919 482 1077 523 praedictis
1091 483 1337 516 Commentariis
1349 484 1462 515 Doctor
1473 487 1581 516 noster
1591 487 1697 526 quoad
1714 496 1795 527 prze—

179 547 314 578 insertos
337 547 435 578 libros
456 547 698 579 Sententiarum
716 546 798 577 Petri
814 545 995 583 Lombardi,
1011 547 1057 575 est
1072 546 1295 577 tantummodo
1311 547 1458 587 δἐι-ἐρίων
1466 557 1478 587 ,·
1493 548 1599 588 quoad
1615 550 1797 589 praemissas

177 610 390 651 expositiones
404 612 521 649 textus,
535 612 584 642 est
598 610 743 650 eJusdem
760 608 904 648 Magistri
921 608 1161 640 Sententiarum
1180 609 1412 643 Commentator
1422 621 1434 651 ,·
1449 614 1612 652 quatenus
1632 622 1709 644 vero
1724 613 1795 645 lau-

178 672 242 704 dati
253 672 397 713 Magistri
409 681 497 704 more
511 673 554 704 ita
568 682 642 704 suas
655 672 744 712 ponit
754 671 938 709 sententias,
951 673 988 702 ut
997 674 1126 712 patrum
1140 673 1367 713 majorumque
1377 675 1542 705 sententiis
1552 684 1605 706 eas
1613 676 1792 714 confirmet,

178 734 332 766 dicendus
345 737 393 767 est
406 738 529 773 auctor,
545 734 734 775 neutiquam
752 742 829 764 vero
848 733 1050 773 compilator,
1074 735 1157 765 sicut
1178 735 1210 765 in
1227 735 1391 768 Pltaretra.
1421 736 1621 778 Quapropter
1643 747 1684 769 ex
1699 739 1794 770 allato

178 797 301 838 syllabo
316 798 397 830 nihil
412 798 446 830 in
470 799 615 832 auctoris
635 797 862 838 praejiidicium
886 796 995 836 colligi
1019 798 1136 836 potest,
1161 798 1215 828 sed
1240 799 1344 839 potius
1361 808 1460 839 quam
1476 800 1536 831 late
1561 802 1633 841 eius
1656 801 1792 833 eruditio

178 863 310 902 pateret.

216 934 231 953 υ
249 922 360 964 Neque
372 923 479 965 ampla
493 925 563 965 ejus
579 923 715 955 eruditio
737 924 859 954 constat
874 922 1030 954 duntaxat
1045 932 1086 954 ex
1101 923 1250 955 citatione
1274 924 1456 963 Doctorum,
1473 925 1527 956 sed
1553 926 1652 957 etiam
1669 936 1709 958 ex
1725 927 1792 968 ipsa

175 988 372 1026 doctrina...;
389 987 654 1028 quandoquidem
677 988 708 1018 et
725 996 765 1018 ex
787 986 871 1018 veris
886 986 961 1017 locis
976 986 1165 1026 theologicis
1180 987 1334 1026 derivata,
1349 990 1381 1019 et
1396 988 1599 1028 praedicando
1616 988 1668 1021 Dei
1693 991 1791 1023 verbo

175 1060 330 1092 perquam
343 1050 592 1089 accommodata,
607 1053 639 1082 et
656 1049 845 1082 reducendis
861 1049 985 1080 artibus
997 1049 1035 1080 ad
1053 1049 1251 1089 theologiam
1269 1059 1466 1091 magnopere
1483 1051 1608 1090 idonea,
1632 1054 1663 1083 et
1679 1053 1792 1093 explo-

175 1114 285 1145 dendis
297 1113 502 1151 novitalibus,
518 1113 693 1149 erroribus,
710 1121 746 1143 ac
761 1112 939 1143 haeresibus
953 1112 1072 1151 optime
1087 1112 1247 1150 instituta,
1262 1115 1293 1143 ct
1312 1113 1352 1143 ab
1367 1113 1512 1144 evanidis
1527 1113 1650 1146 Scholae
1662 1115 1788 1147 subtili-

174 1175 293 1207 tatibus
315 1175 438 1213 aliena,
465 1177 496 1206 et
514 1174 725 1206 illuminando
748 1174 932 1209 intellectui,
962 1174 1260 1215 inssammandoque
1284 1175 1414 1207 affectui
1439 1177 1603 1217 seraphice
1628 1178 1787 1218 ordinata,

174 1239 284 1277 verbo,
300 1247 357 1279 pro
371 1238 495 1270 ratione
517 1237 604 1269 illius
619 1237 783 1278 temporis,
799 1237 952 1268 omnibus
966 1237 1111 1268 numeris
1135 1237 1280 1268 absoluta
1297 1238 1377 1277 (haec
1396 1240 1627 1272 commentaria
1640 1241 1786 1282 quisque)

173 1301 279 1333 statim
290 1301 445 1341 intelliget
462 1311 469 1332 ε
485 1305 522 1332 ut
536 1300 657 1331 mirum
681 1309 887 1340 nequaquam
900 1300 950 1337 sit,
974 1300 999 1330 si
1013 1308 1125 1330 eorum
1141 1299 1304 1331 luculenta
1323 1301 1467 1332 doctrina
1485 1302 1630 1334 Clemens
1645 1303 1685 1335 IV
1708 1313 1788 1345 pon-

174 1364 250 1396 tifex
265 1364 428 1395 maximus
442 1363 539 1395 suerit
553 1363 687 1394 mirifice
709 1363 892 1401 delectatus,
909 1364 941 1394 et
957 1362 1126 1403 scriptores
1141 1363 1247 1394 omnis
1266 1364 1381 1403 aetatis,
1403 1367 1676 1406 contemporanei,
1693 1369 1786 1408 quasi

172 1426 441 1467 contemporanei,
459 1426 681 1467 proximiores,
698 1426 962 1466 remotioresque,
979 1426 1125 1456 certatim
1136 1435 1173 1457 ea
1187 1427 1322 1458 summis
1338 1426 1489 1459 laudibus
1506 1429 1661 1461 extulere.

211 1500 227 1519 n
248 1489 401 1528 Profecto,
421 1489 509 1530 quod
529 1475 718 1520 methodum
741 1490 876 1530 spectat,
897 1488 978 1520 nihil
997 1488 1168 1520 desiderari
1193 1492 1295 1530 potest
1318 1491 1517 1530 ordinatius;
1544 1493 1631 1533 quod
1652 1493 1786 1535 stylum,

171 1552 253 1584 nihil
266 1552 399 1591 clarius;
417 1551 504 1592 quod
519 1551 709 1590 doctrinam,
725 1551 805 1582 nihil
831 1551 981 1589 solidius;
997 1552 1083 1591 quod
1105 1552 1271 1592 pietatem,
1289 1553 1369 1584 nihil
1389 1555 1547 1594 sanctius3
1569 1556 1657 1596 quod
1673 1558 1787 1590 confu-

170 1615 336 1654 tationem,
352 1614 433 1646 nihil
448 1614 640 1653 modestius;
658 1614 744 1655 quod
760 1614 980 1651 assertionem,
996 1614 1077 1645 nihil
1093 1615 1304 1654 moderatius;
1321 1617 1407 1656 quod
1423 1617 1555 1649 demum
1575 1619 1629 1650 Dei
1642 1629 1787 1653 amorem

169 1679 201 1709 et
214 1678 365 1719 proximi,
381 1677 462 1709 nihil
469 1677 645 1709 ardentius.
666 1676 849 1708 Mirandum
863 1677 968 1717 potius
983 1679 1076 1715 esset,
1091 1676 1256 1709 Oudinum
1267 1682 1275 1698 ¹
1292 1688 1329 1710 eo
1346 1680 1548 1719 processisse,
1564 1683 1600 1713 ut
1616 1683 1786 1716 utilitatem

169 1749 263 1782 aeque
275 1740 311 1772 in
324 1739 560 1773 Bonaventurae
572 1764 580 1779 ,
596 1749 634 1772 ac
654 1741 689 1772 in
706 1740 877 1781 Aquinatis
900 1739 1046 1771 doctrina
1069 1743 1247 1781 quaereret,
1266 1741 1522 1784 desideraretque
1535 1767 1543 1783 ,
1560 1753 1597 1776 ac
1611 1748 1786 1787 utrumque

170 1804 348 1836 thenonino
361 1804 455 1836 dente
467 1804 658 1842 corroderet,
675 1803 736 1835 nisi
749 1803 879 1835 aliunde
897 1806 1068 1842 constaret,
1087 1805 1291 1837 consuevisse
1308 1805 1403 1846 lupos
1416 1806 1565 1838 insectari
1582 1816 1686 1847 caneS,
1705 1817 1785 1841 noc-

168 1867 352 1900 tuabundos
364 1868 438 1900 odio
445 1867 564 1900 habere
577 1867 694 1907 lucem,
708 1867 840 1908 suisque
854 1867 992 1899 dicteriis
1013 1868 1080 1898 tam
1094 1876 1161 1899 non
1180 1868 1321 1908 potuisse
1334 1868 1669 1903 heterodoxumillum
1682 1870 1784 1913 Scrip-

167 1933 271 1964 torem
283 1930 420 1963 summis
434 1930 512 1963 viris
525 1939 652 1970 nocere,
667 1932 704 1962 ut
718 1930 848 1971 lapides,
866 1932 897 1962 et
909 1929 1041 1971 quidem
1055 1930 1246 1971 Sanctuarii,
1261 1932 1471 1965 momordisse
1486 1933 1644 1965 videatur.

208 2003 223 2023 n
240 1993 399 2026 Caeterum
412 1993 451 2026 de
464 1993 602 2026 utilitate
611 1992 764 2025 doctrinae
776 1993 811 2025 in
825 1992 986 2034 praedictis
1000 1993 1244 2026 Commentariis
1259 1995 1395 2034 traditae,
1409 1995 1483 2036 quis
1497 2005 1584 2028 sanae
1596 1998 1712 2030 mentis
1721 1999 1781 2031 du-

167 2057 256 2097 bitet,
279 2066 354 2090 cum
373 2057 536 2098 praecipue
559 2056 705 2089 ordinata
727 2056 786 2096 sit,
810 2059 846 2089 ut
872 2057 947 2090 boni
970 2057 1114 2096 fiamus?
1136 2058 1271 2099 Quippe,
1298 2061 1336 2090 ut
1358 2059 1492 2100 egregie
1517 2060 1641 2093 disserit
1667 2061 1782 2095 Doctor

165 2122 275 2153 noster
287 2121 310 2160 ¹,
329 2132 345 2152 α
360 2120 504 2162 cognitio
517 2121 693 2161 haecjuvat
716 2120 825 2158 fidem,
841 2122 873 2152 et
891 2120 970 2152 fides
990 2121 1035 2153 sic
1054 2123 1100 2153 est
1122 2121 1156 2152 in
1169 2121 1332 2154 intellectu
1345 2145 1353 2160 ,
1370 2124 1417 2162 ut,
1433 2125 1592 2164 quantum
1610 2126 1657 2156 est
1676 2125 1715 2157 de
1730 2126 1781 2158 sui

166 2185 303 2225 ratione,
313 2186 388 2217 nata
402 2185 443 2217 sit
450 2193 581 2218 movere
590 2184 753 2217 affectum.
763 2194 778 2214 n
791 2184 891 2225 quue
903 2183 1042 2216 declarat
1050 2184 1199 2225 exemplo
1213 2194 1221 2216 :
1236 2196 1251 2215 α
1261 2184 1343 2216 Nam
1353 2185 1424 2218 haec
1433 2186 1596 2226 cognitio:
1614 2198 1629 2218 σ
1637 2186 1781 2220 Christus

165 2257 224 2290 pro
237 2248 330 2281 nobis
344 2250 493 2281 mortuus
507 2250 565 2287 est,
582 2258 598 2278 n
619 2249 650 2280 et
664 2247 856 2285 consimiles,
872 2247 934 2279 nisi
950 2247 990 2278 sit
1004 2246 1102 2279 homo
1117 2249 1263 2288 peccator
1277 2250 1309 2279 et
1323 2248 1435 2288 durus,
1451 2251 1560 2281 movet
1579 2250 1618 2281 ad
1636 2259 1780 2283 amorem

165 2314 196 2344 et
219 2312 434 2344 devotionem.
460 2310 531 2344 Non
549 2311 593 2343 sic
618 2311 698 2343 ista:
721 2322 736 2341 α
754 2310 898 2344 Circulus
918 2310 1020 2343 vincit
1034 2311 1240 2349 diametrum,
1265 2322 1280 2341 i>
1303 2314 1362 2343 etc.
1388 2311 1537 2344 Sanctam
1559 2314 1699 2354 cognicio
1715 2314 1779 2347 haec

165 2374 259 2415 iuvat
272 2374 386 2415 fidem,
400 2382 511 2416 quam,
527 2373 644 2406 relictis
659 2375 752 2406 vanis
765 2374 1048 2415 speculationibus,
1064 2374 1268 2415 potissimum
1284 2375 1400 2406 insistit
1422 2376 1674 2409 exterminandis
1689 2386 1775 2410 erro-

165 2437 267 2478 ribus,
282 2437 462 2479 praesertim
482 2446 520 2470 ea
534 2440 627 2470 aetate
650 2437 756 2470 adhuc
778 2438 980 2478 vigentibus;
1004 2439 1135 2479 tamque
1150 2441 1252 2472 movet
1277 2438 1321 2471 ad
1335 2447 1486 2478 autorem,
1503 2449 1614 2481 quam,
1639 2440 1779 2482 depulsis

165 2499 306 2542 depulsis
323 2500 465 2533 tenebris
483 2500 524 2533 ab
540 2500 703 2533 intellectu
717 2509 774 2542 per
797 2503 964 2542 peccatum
979 2502 1132 2542 invectis,
1149 2504 1215 2534 tota
1229 2504 1276 2534 est
1300 2503 1334 2534 in
1349 2511 1398 2542 eo,
1415 2504 1451 2535 ut
1465 2503 1727 2544 refrigescentem
1742 2505 1777 2537 in

198 2588 206 2606 ¹
221 2595 235 2612 a
245 2588 360 2613 Oudinus
375 2588 524 2619 casimirus,
539 2588 578 2612 vir
591 2588 696 2620 quidem
705 2588 788 2613 multae
802 2588 918 2613 lectionis
929 2590 954 2613 ct
966 2589 1126 2619 eruditionis,
1139 2597 1169 2614 ac
1180 2589 1257 2615 etium
1267 2589 1292 2615 S.
1308 2590 1494 2614 Bonaventurae
1508 2589 1638 2622 laudator3
1648 2591 1693 2616 sed
1703 2591 1778 2617 avitae

166 2627 224 2653 adei
240 2629 366 2660 desertor,
385 2630 412 2654 et
433 2629 717 2655 Bonaventurianorum
736 2630 848 2660 operum
863 2636 954 2661 parum
973 2638 1062 2663 aequus
1080 2638 1181 2656 censor.
1201 2640 1214 2654 n
1234 2631 1270 2656 lta
1284 2630 1396 2656 editores
1412 2631 1437 2656 S.
1455 2630 1643 2657 Bonaventurae
1669 2639 1777 2663 operum

167 2668 283 2693 omnium
296 2668 478 2700 Supplementi,
491 2670 554 2694 tom.
568 2669 611 2700 ill,
623 2676 649 2701 p.
664 2670 755 2700 ¹248st
780 2673 802 2695 Ι.
813 2682 842 2688 -
853 2670 863 2687 ¹
873 2670 988 2703 Pmoem„
1003 2671 1029 2696 in
1043 2671 1108 2697 libro
1120 2673 1127 2697 l
1138 2672 1266 2702 Sentent.,
1282 2678 1308 2703 q.
1322 2675 1454 2701 1v‚supra,
1467 2672 1530 2696 tom.
1543 2672 1561 2701 Ι,
1577 2678 1603 2703 p.
1618 2673 1656 2703 ¹9,
1667 2672 1717 2698 col.
1731 2675 1753 2698 Ι.
