2017 2960
861 200 1050 235 nis‘HNcT.
1074 202 1125 234 XI.

191 272 309 303 animal
329 271 456 308 album;
473 281 487 298 n
506 270 550 300 ita
570 270 746 301 necessario
767 269 856 309 sequi
879 269 967 300 vide-

190 328 244 356 tur
259 336 265 356 :
286 336 300 354 (1
315 325 368 356 Est
386 324 564 355 substantia
583 333 649 354 non
664 323 775 354 divina
787 346 794 360 ‚
812 332 891 362 ergo
908 323 968 353 ali-

191 379 267 419 quid
283 387 347 408 non
361 378 520 408 divinum.
541 389 555 405 n

232 431 322 471 Resp.
356 431 531 462 Dicendum
564 431 648 471 quod
678 431 747 461 haec
781 433 827 461 est
858 440 934 461 vera
960 441 966 460 x

195 498 210 514 «
224 485 367 516 Christus
383 487 429 515 est
443 485 562 525 aliquid
577 485 724 516 divinum
739 496 746 521 3
761 495 774 512 »
795 487 826 514 et
839 484 909 514 haec
924 485 971 514 est

191 538 267 568 salsa
282 549 288 569 :
309 550 323 565 (ι
339 538 482 569 Christus
497 540 543 568 est
558 538 679 578 aliquid
694 547 761 567 non
777 537 935 568 divinum.
952 549 965 565 n

192 590 254 622 Nec
268 594 315 622 est
330 591 434 621 simile
449 591 487 622 de
502 592 563 621 hoc
578 591 708 621 nomine
724 591 875 628 Divinus,
890 593 920 621 et
933 591 970 622 de

191 643 251 674 hoc
265 644 396 674 nomine
414 644 612 675 Dominicus.
630 642 711 674 Nam
724 643 780 673 etsi
797 645 971 682 utrumque

192 696 231 727 sit
245 696 494 736 possessorium,
518 698 626 726 tamen
648 697 837 728 Dominz'cus
852 697 972 736 impor—

193 753 237 780 tat
251 750 331 780 circa
345 750 441 787 illud,
464 750 502 781 de
519 759 582 790 quo
598 750 725 788 dicitur,
741 750 969 790 possessionem

193 812 249 843 per
265 804 396 834 modum
419 804 575 844 passionis
597 814 604 834 ε
623 804 738 834 dicitur
759 804 846 834 enim
863 804 971 835 Domi-

194 857 287 888 m'cus
303 867 321 887 a
337 856 471 887 Domino
485 857 632 895 habitus,
650 857 699 887 vel
721 866 894 897 possessus.
912 856 974 887 Sed

194 910 345 942 divinum
359 911 475 941 dicitur
493 911 531 950 (a)
549 920 615 941 non
639 911 743 941 solum
763 920 820 950 per
840 911 974 941 modum

195 964 359 1003 passionis,
376 964 429 995 sed
444 968 474 994 et
491 973 546 1004 per
562 964 692 995 modum
714 964 847 994 actionis
869 975 876 994 ε
898 964 975 1003 quia

196 1017 342 1048 divinum
371 1017 486 1048 dicitur
518 1017 602 1057 quod
628 1018 724 1048 habet
755 1017 953 1048 divinitatem
966 1042 973 1054 ‚

196 1080 252 1110 per
279 1080 376 1110 quem
403 1071 534 1102 modum
564 1072 729 1102 consuevit
751 1071 813 1101 dici
842 1080 976 1110 persona

196 1123 316 1154 divina.
337 1124 372 1154 Et
394 1126 524 1164 propter
544 1125 603 1154 hoc
627 1125 809 1155 conceditur
824 1125 882 1154 ista
904 1126 974 1154 tan-

195 1188 293 1218 quam
319 1188 395 1209 vera
421 1190 426 1209 :
458 1190 472 1207 «
496 1179 639 1210 Christus
672 1181 718 1210 est
748 1179 867 1218 aliquid
892 1178 977 1209 divi-

196 1241 294 1268 num,
321 1244 336 1260 »
365 1233 442 1272 quia
465 1235 512 1263 est
536 1242 671 1273 persona
698 1233 816 1263 divina.
846 1234 880 1262 Et
906 1233 976 1263 ideo

197 1285 345 1325 Magister
359 1285 444 1316 hanc
465 1289 561 1325 negat
579 1297 586 1317 ς
609 1298 623 1314 «
640 1286 782 1317 Christus
797 1288 843 1316 est
856 1286 974 1326 aliquid

196 1348 261 1369 non
282 1339 449 1378 divinum3
466 1351 480 1368 »
506 1342 537 1370 et
561 1340 637 1370 dicit
659 1340 745 1380 quod
768 1340 838 1371 haec
862 1349 977 1370 conse-

196 1392 326 1431 quentia
350 1402 415 1423 non
436 1395 522 1423 tenet
549 1404 555 1424 :
590 1405 604 1422 «
629 1393 772 1424 Christus
799 1395 976 1425 secundum

197 1446 282 1486 quod
304 1439 469 1485 creatura,
494 1449 540 1477 est
564 1447 684 1486 aliquid
707 1457 772 1478 uon
790 1448 943 1478 'divinum
968 1456 974 1477 :

198 1508 278 1539 ergo
301 1502 348 1530 est
368 1499 488 1539 aliquid
511 1509 574 1530 non
600 1500 747 1531 divinum
773 1511 780 1531 :
806 1512 820 1530 »
845 1501 921 1541 quia
944 1501 977 1532 in

197 1554 301 1593 prima
323 1556 467 1584 removet
480 1553 610 1593 negatio
625 1553 824 1585 divinitatem
841 1564 859 1585 a
874 1556 979 1585 creata

198 1608 330 1645 natura,
347 1607 449 1637 sedin
471 1607 675 1638 conclusione
697 1610 842 1638 removet
867 1617 886 1638 a
903 1617 978 1647 per-

197 1669 275 1691 sona
291 1662 420 1690 aeterna.
437 1659 470 1690 Si
485 1661 594 1690 autem
609 1660 768 1700 quaeritur
783 1663 893 1691 utrum
910 1661 978 1692 haec

197 1714 237 1744 sit
259 1713 482 1744 concedenda:
509 1724 523 1742 «
542 1713 685 1744 Christus
707 1716 754 1744 est
771 1714 869 1745 homo
892 1714 978 1745 divi-

198 1776 277 1805 nus,
294 1778 308 1796 n
333 1766 503 1797 dicendum
526 1766 612 1807 quod
631 1776 720 1798 non:
740 1777 815 1798 nam
840 1777 913 1798 cum
934 1767 979 1798 sic

198 1820 313 1851 dicitur
325 1844 333 1858 ,
350 1820 485 1851 divinus
501 1829 567 1851 non
585 1822 687 1860 potest
706 1821 809 1852 dicere
825 1821 978 1853 divinita-

199 1877 263 1905 tem
278 1883 334 1914 per
349 1874 482 1905 modum
498 1874 713 1913 informantis,
731 1884 788 1906 nec
808 1875 977 1915 possessio·

198 1936 273 1958 nem
299 1936 355 1967 per
382 1927 515 1958 modum
541 1927 693 1966 actionis,
719 1927 772 1958 sed
796 1927 900 1958 solum
923 1937 979 1968 per

199 1980 331 2011 modum
349 1979 513 2020 passionis,
531 1989 587 2020 per
601 1990 698 2020 quem
713 1981 848 2012 modum
863 1981 979 2012 dicitur

198 2034 416 2065 divinissimus
436 2033 565 2071 Paulus,
582 2034 634 2065 vel
648 2034 868 2065 divinissimus
881 2035 977 2066 Joan-

198 2096 264 2118 neS.
289 2086 378 2118 Unde
398 2087 582 2127 impropriae
606 2090 682 2118 sunt
704 2088 781 2118 tales
802 2088 978 2119 locutiones

198 2141 236 2172 de
259 2140 393 2173 Christo.
410 2140 581 2181 Propterea
595 2141 746 2181 Magister
767 2143 909 2174 concedit
925 2153 978 2174 ea-

197 2204 272 2226 rum
285 2195 456 2236 oppositas,
473 2204 547 2226 cum
563 2195 638 2226 dicit
655 2206 661 2226 :
681 2207 695 2223 «
711 2195 854 2227 Christus
868 2205 979 2227 secun-

199 2247 278 2279 dum
291 2248 458 2279 hominem
472 2250 519 2279 est
535 2248 642 2288 aliqua
657 2249 834 2280 substantia
846 2259 910 2281 non
929 2251 976 2281 di-

200 2302 276 2333 vina
291 2326 301 2341 ,
320 2314 335 2331 »
364 2303 398 2333 id
420 2303 467 2333 est
490 2311 556 2333 non
588 2302 759 2334 informata
790 2304 956 2335 divinitate
969 2328 977 2342 ,

201 2355 276 2395 quia
290 2358 336 2386 est
350 2355 527 2386 substantia
541 2359 647 2387 creata
662 2367 670 2387 ε
686 2356 756 2388 ideo
772 2366 848 2388 sane
866 2366 979 2388 conce-

203 2409 249 2440 dit
271 2410 462 2449 praemissaS,
488 2412 520 2441 et
539 2412 637 2450 negat
658 2411 908 2451 conclusionem,
935 2412 980 2443 di-

204 2471 276 2492 cens
290 2466 453 2502 peccatum
467 2472 535 2495 esse
548 2463 582 2494 in
595 2463 652 2495 tali
665 2464 835 2496 locutione.

519 2559 589 2581 DUB.
609 2559 654 2581 lv.

385 2615 422 2639 Ex
435 2616 540 2647 tropicis
554 2616 739 2648 locutionibus,
752 2618 802 2641 etc.

243 2677 375 2710 Videtur
386 2679 471 2719 quod
487 2680 622 2711 verbum
639 2681 718 2712 illud
733 2681 813 2712 nihil
829 2681 924 2712 faciat
937 2680 977 2712 ad

1741 208 1800 237 243

1026 269 1235 309 propositum,
1253 269 1328 309 quia
1350 269 1438 300 nulla
1450 270 1585 301 istarum
1606 271 1804 303 locutionum

1026 325 1070 352 est
1085 322 1223 362 tropica:
1238 323 1326 353 nulla
1339 323 1426 353 enim
1441 323 1484 353 ibi
1500 326 1546 354 est
1560 326 1803 365 transsumptio,

1025 376 1091 406 imo
1116 376 1292 406 secundum
1319 377 1545 417 proprietatem
1576 379 1731 409 sermonis
1755 379 1805 409 di-

1026 431 1154 459 cuntur.
1173 428 1251 459 Item
1273 430 1402 461 videtur
1423 440 1491 462 esse
1511 431 1644 469 falsum,
1661 432 1745 471 quod
1767 441 1807 462 ex

1027 483 1154 522 tropicis
1168 483 1382 514 locutionibus
1395 494 1460 515 11011
1475 487 1521 516 est
1539 488 1622 516 recta
1637 494 1808 524 argumen-

1026 535 1153 565 tationis
1169 536 1326 575 processio
1340 547 1347 574 ;
1365 537 1441 576 quia
1456 540 1511 568 aut
1532 541 1607 568 sunt
1631 547 1716 569 verae
1729 563 1736 576 ,
1753 541 1807 569 aut

1027 588 1113 618 falsae
1138 599 1144 618 z
1168 588 1194 618 si
1221 598 1321 625 verae,
1348 599 1389 620 ex
1411 591 1495 621 veris
1521 592 1670 623 convenit
1693 592 1808 623 inferre

1028 649 1141 671 verum
1168 648 1175 670 :
1200 650 1280 680 ergo
1298 644 1382 672 recta
1402 645 1505 682 potest
1528 645 1699 675 extalibus
1720 645 1808 676 locu-

1028 694 1170 725 tionibus
1196 697 1435 734 argumentatio
1460 697 1542 727 fieri.
1570 696 1603 727 Si
1627 697 1733 735 falsae;
1756 698 1808 728 sed

1029 758 1069 778 ex
1088 748 1173 778 falsis
1194 751 1297 788 potest
1319 752 1401 780 recte
1427 750 1535 780 inferri
1558 750 1685 788 falsum,
1709 753 1811 790 potest

1029 801 1125 831 etiam
1151 804 1181 832 et
1204 811 1320 832 verum
1345 814 1350 833 :
1370 812 1448 842 ergo
1469 803 1596 833 videtur
1620 804 1707 843 quod
1731 803 1811 833 nihil

1029 855 1069 885 sit
1091 855 1213 886 dictum
1237 856 1318 892 hoc,
1344 856 1429 896 quod
1455 856 1608 896 Magister
1637 857 1722 888 dicit.
1754 856 1812 887 Hic

1030 908 1126 939 etiam
1161 909 1276 940 modus
1300 909 1443 940 solvendi
1473 910 1600 941 videtur
1624 910 1809 947 inauditu5‚

1031 962 1106 1001 quia
1129 972 1194 993 non
1220 966 1266 993 est
1289 972 1345 1003 per
1362 963 1659 1003 interemptionem,
1677 973 1735 995 nec
1757 973 1813 1004 per

1031 1016 1252 1047 diffinitionem
1272 1026 1279 1046 :
1295 1017 1402 1047 nullus
1417 1017 1502 1047 enim
1520 1017 1608 1048 locus
1621 1017 1814 1057 sophisticus

1032 1072 1093 1106 est,
1109 1079 1168 1100 nec
1184 1070 1216 1100 in
1235 1070 1372 1101 dictione
1384 1095 1393 1108 ,
1409 1079 1466 1101 nec
1482 1072 1590 1109 extra,
1607 1073 1700 1111 quus
1714 1071 1814 1102 disso-

1031 1124 1110 1155 lutio
1126 1128 1234 1156 currat
1248 1126 1426 1156 secundum
1442 1126 1524 1155 hanc
1540 1126 1639 1156 vlam.

1073 1177 1164 1218 Resp.
1182 1178 1358 1209 Dicendum
1374 1179 1460 1219 quod
1475 1179 1616 1219 tropicus
1637 1188 1742 1209 sermo
1755 1179 1816 1210 du-

1032 1232 1155 1271 pliciter
1179 1235 1281 1272 potest
1297 1233 1369 1263 dici.
1388 1232 1457 1263 Uno
1478 1242 1619 1273 namque
1640 1234 1735 1264 niodo
1750 1236 1816 1264 tro-

1033 1286 1122 1325 picus
1144 1286 1259 1317 dicitur
1274 1295 1398 1325 sermo,
1416 1287 1448 1316 in
1465 1296 1528 1326 quo
1549 1288 1595 1317 est
1612 1286 1740 1326 aliquod
1764 1287 1816 1317 vi-

1032 1339 1112 1369 tium
1141 1339 1248 1379 aliquo
1282 1342 1374 1380 tropo
1409 1343 1609 1371 excusatum.
1642 1340 1696 1371 Est
1730 1341 1816 1371 enim

1032 1394 1144 1432 tropus
1164 1393 1289 1432 figura,
1309 1395 1339 1424 et
1359 1394 1468 1433 figura
1492 1396 1538 1425 est
1557 1393 1673 1425 vitium
1695 1394 1817 1425 ratione

1033 1448 1234 1477 excusatum.
1255 1447 1325 1478 Alio
1346 1447 1441 1478 modo
1456 1448 1572 1478 dicitur
1596 1457 1702 1478 sermo
1717 1448 1818 1487 tropi-

1033 1508 1089 1529 cus
1111 1499 1246 1538 quilibet
1269 1509 1390 1539 sermo,
1408 1500 1464 1540 qui
1484 1500 1580 1532 habet
1599 1501 1739 1541 aliquam
1755 1501 1818 1531 im-

1034 1553 1277 1592 proprietatem,
1295 1554 1350 1584 sed
1367 1555 1475 1584 tamen
1491 1557 1664 1585 excusatur
1681 1564 1737 1594 per
1758 1554 1815 1585 ali-

1034 1615 1132 1645 quam
1168 1607 1480 1638 determinationem.
1514 1607 1594 1638 Cum
1629 1617 1707 1647 ergo
1744 1608 1819 1639 dicit

1034 1658 1203 1698 Magister,
1229 1660 1312 1700 quod
1336 1660 1395 1691 iste
1416 1670 1539 1699 sermo,
1568 1672 1582 1689 «
1607 1661 1750 1692 Christus
1772 1664 1818 1692 est

1035 1715 1181 1743 creatura
1206 1713 1383 1744 secundum
1405 1713 1590 1752 hominem,
1612 1726 1626 1743 »
1653 1717 1699 1745 est
1720 1715 1818 1755 tropi-

1034 1775 1106 1803 cus;
1125 1766 1185 1796 hoc
1206 1766 1298 1805 dicit,
1315 1766 1391 1806 quia
1416 1767 1558 1807 aliquam
1579 1767 1676 1799 habet
1696 1768 1818 1808 impro-

1034 1818 1201 1858 prietatem
1218 1822 1468 1859 consurgentem
1483 1829 1524 1851 011
1538 1822 1754 1860 repugnantia
1770 1821 1818 1852 in-

1034 1872 1234 1911 tellectuum,
1252 1881 1325 1913 quae
1348 1875 1533 1904 removetur
1548 1883 1605 1914 per
1621 1875 1817 1906 determina-

1034 1926 1154 1957 tionem
1175 1926 1372 1966 adjunctam.
1398 1926 1436 1958 Et
1454 1936 1512 1967 pro
1532 1929 1620 1959 tanto
1636 1930 1728 1959 vocat
1748 1928 1818 1960 Ma-

1033 1979 1134 2018 gister
1155 1979 1323 2019 praedictas
1342 1980 1518 2012 locutiones
1539 1981 1687 2021 tropicas.
1711 1981 1819 2013 Posset

1033 2033 1131 2063 etiam
1144 2033 1205 2064 dici
1216 2033 1300 2073 quod
1312 2035 1405 2065 vocat
1418 2042 1471 2065 eas
1486 2034 1623 2074 tropicas
1635 2035 1818 2074 accipiendo

1032 2088 1163 2126 tropum
1183 2095 1242 2126 pro
1255 2086 1365 2125 figura
1383 2097 1390 2117 ι
1407 2089 1540 2126 possunt
1556 2087 1645 2118 enim
1662 2088 1723 2118 dici
1740 2088 1818 2119 tales

1034 2139 1207 2170 locutiones
1220 2139 1470 2179 synecdochicae,
1491 2140 1567 2180 quia
1581 2141 1669 2181 quod
1683 2144 1730 2172 est
1744 2150 1815 2181 par-

1033 2195 1083 2233 tis,
1099 2195 1287 2226 attribuitur
1301 2195 1378 2233 toti,
1395 2197 1426 2225 et
1440 2195 1595 2235 accipitur
1609 2196 1700 2236 largo
1722 2198 1816 2229 modo

1031 2258 1109 2290 pars
1131 2253 1163 2281 et
1188 2254 1307 2289 totum,
1328 2252 1364 2281 ut
1387 2250 1511 2282 dicatur
1532 2251 1677 2283 humana
1699 2255 1816 2283 natura

1033 2304 1174 2344 quodam
1199 2304 1293 2335 modo
1317 2313 1390 2344 pars
1416 2306 1561 2344 respectu
1587 2304 1718 2343 Christi,
1742 2305 1815 2336 licet

1033 2367 1100 2389 non
1126 2358 1265 2398 proprie.
1292 2357 1331 2389 Et
1351 2358 1396 2388 sic
1418 2360 1519 2398 potest
1544 2358 1606 2389 dici
1629 2361 1714 2398 quod
1737 2359 1814 2390 tales

1033 2412 1209 2443 locutiones
1223 2412 1353 2452 tropicae
1369 2414 1460 2452 sunt,
1484 2415 1515 2443 et
1529 2413 1615 2453 quod
1629 2413 1813 2452 figurativae

1034 2468 1110 2496 sunt
1127 2475 1185 2506 per
1207 2465 1446 2507 synecdochen,
1463 2466 1640 2497 secundum
1659 2467 1744 2507 quod
1759 2477 1812 2508 sy-

1034 2519 1193 2550 necdoche
1219 2521 1266 2550 est
1286 2519 1395 2559 figura
1418 2519 1599 2550 locutionis.
1621 2519 1709 2551 Sicut
1727 2520 1813 2552 enim

1034 2572 1145 2604 dicunt
1172 2572 1269 2613 periti
1295 2572 1329 2603 in
1357 2573 1568 2611 grammatica
1583 2597 1591 2611 ,
1615 2574 1814 2613 synecdoche

1034 2627 1205 2667 aliquando
1231 2629 1278 2658 est
1299 2627 1408 2666 figura
1432 2626 1618 2665 locutionis,
1639 2627 1813 2668 aliquando

1067 2691 1100 2719 (a)
1110 2689 1162 2714 Goet
1174 2689 1244 2714 Edit.
1257 2689 1324 2713 deest
1334 2688 1433 2713 dicitur.
