2017 2960
575 202 766 236 DlSTlNCT.
789 202 871 234 vlu.
896 201 985 233 ART.
1009 201 1048 233 11.
1072 201 1226 239 QUAEST.
1250 200 1303 233 111.

131 276 205 306 tura
225 273 310 306 enim
325 273 398 314 plus
421 272 497 303 dicit
520 272 554 303 in
574 271 796 303 habitudinem
817 271 906 310 prin-

131 328 217 369 cipii,
233 327 283 358 vel
298 335 414 365 causae,
428 335 527 366 quam
539 325 621 357 dicat
636 325 669 356 in
684 324 905 356 habitudinem

129 382 251 412 formae.
268 380 445 411 Fatendum
462 381 508 411 est
527 388 605 419 ergo
627 379 788 409 Christum
804 377 907 408 filium

128 433 306 465 naturalem
319 432 464 472 Virginis
491 442 557 463 esse
580 432 703 462 ratione
724 430 908 471 temporalis

127 486 313 523 nativitatis,
329 486 411 516 sicut
426 486 566 517 rationes
581 485 619 515 ad
632 485 767 524 primam
784 486 905 524 partem

127 537 298 569 ostendunt
315 548 322 568 :
340 539 369 568 et
382 537 453 568 ideo
467 536 677 568 concedendae
693 538 778 566 sunt.

167 594 195 622 1.
211 591 259 622 Ad
279 590 359 621 illud
380 599 458 630 ergo
475 590 560 630 quod
587 589 690 629 primo
710 588 858 627 objicitur
872 587 906 618 in

125 645 338 682 contrarium,
356 643 441 684 quod
460 643 583 681 nullm,
603 643 659 682 qui
675 644 720 672 est
745 641 830 671 filius
849 650 906 680 per

125 699 275 738 gratiam,
300 699 346 728 est
365 697 449 728 filius
468 705 523 736 per
537 697 705 733 naturam,
732 695 904 726 dicendum

125 752 210 792 quod
231 752 257 781 si
272 751 351 782 illud
366 749 565 788 intelligatur
589 749 627 779 de
642 748 746 788 gratia
759 748 905 788 adoptio-

124 805 184 843 nis,
201 813 315 835 verum
330 805 393 842 est;
409 803 434 833 si
450 811 527 833 vero
551 802 753 841 intelligatur
775 802 812 832 de
828 810 903 840 gra-

124 858 167 889 tia
179 858 318 895 unionis,
333 866 398 887 non
421 858 468 887 est
488 864 601 887 verum
619 866 626 887 :
644 855 730 896 quia,
747 855 829 886 sicut
844 855 904 885 ha-

122 911 225 941 bitum
245 913 291 941 est
316 919 414 950 supra
430 915 452 946 ¹,
481 910 540 940 ista
552 909 656 949 gratia
678 909 739 940 fuit
764 909 904 949 quodam

123 965 218 996 modo
232 964 282 995 isti
298 964 422 995 homini
436 963 602 994 naturalis.
622 963 720 994 Aliter
735 962 831 993 etiam
846 972 903 1003 po—

123 1020 182 1049 test
208 1018 280 1055 dici,
307 1018 393 1058 quod
407 1026 522 1049 verum
546 1020 592 1048 est
615 1016 794 1048 secundum
815 1025 902 1047 eam-

123 1072 195 1103 dem
217 1075 376 1104 naturam.
396 1071 538 1103 Christus
553 1074 661 1102 autem
678 1071 824 1102 nominat
839 1071 903 1111 hy-

123 1126 274 1166 postasim
289 1126 324 1157 in
336 1125 460 1156 duabus
475 1126 598 1156 naturis
610 1137 616 1163 ;
634 1126 666 1156 et
678 1126 856 1156 secundum
868 1125 903 1156 il—

123 1180 188 1211 lam
209 1180 368 1220 duplicem
390 1182 539 1210 naturam
567 1179 723 1210 naturalis
749 1182 795 1210 est
818 1179 903 1210 filius

124 1234 234 1272 Patris,
251 1236 282 1265 et
291 1233 445 1264 naturalis
460 1235 506 1264 est
520 1233 604 1264 filius
625 1233 746 1270 matris,
762 1233 805 1264 ita
817 1233 903 1273 quod

123 1288 301 1319 secundum
319 1287 463 1318 divinam
479 1289 628 1317 naturam
644 1288 849 1326 comparetur
863 1285 903 1317 ad

124 1340 261 1378 Patrem,
280 1344 311 1372 et
324 1341 501 1372 secundum
512 1341 689 1371 humanam
701 1341 902 1379 comparetur

124 1394 164 1425 ad
178 1396 325 1425 matrem.
341 1395 371 1425 Si
386 1396 496 1425 autem
509 1396 623 1424 mutua
633 1393 690 1424 fiat
699 1392 905 1433 comparatio,

125 1449 161 1478 ut
179 1447 360 1488 hypostasis
381 1447 435 1478 illa
455 1447 632 1478 secundum
654 1446 795 1477 divinam
817 1448 908 1476 natu-

125 1509 196 1532 ram
222 1503 426 1541 comparetur
455 1502 494 1532 ad
510 1503 657 1538 matrem,
681 1503 711 1531 et
728 1500 907 1531 secundum

125 1554 302 1585 humanam
324 1556 527 1595 comparetur
549 1555 587 1585 ad
610 1554 755 1592 Patrem,
772 1554 816 1584 sic
842 1562 906 1584 non

126 1607 242 1639 dicitur
263 1609 390 1649 proprie
413 1609 500 1639 filius
525 1607 679 1639 naturalis
706 1618 713 1639 z
739 1609 839 1648 potest
863 1609 908 1637 ta-

127 1671 202 1693 men
230 1661 290 1692 dici
313 1661 466 1692 naturalis
481 1661 567 1691 filius
586 1670 643 1701 per
660 1661 797 1700 gratiam
814 1661 907 1691 unio-

125 1715 185 1754 nis,
198 1724 272 1755 quae
285 1715 359 1746 facit
373 1714 535 1746 naturales
550 1715 757 1754 proprietates
768 1714 906 1745 invicem

125 1768 374 1800 communicare.

165 1825 196 1854 2.
213 1823 262 1854 Ad
276 1823 354 1854 illud
369 1822 455 1863 quod
469 1822 628 1862 objicitur,
640 1822 726 1862 quod
739 1822 906 1861 generatio

127 1877 240 1908 Christi
256 1879 303 1907 est
318 1885 416 1917 supra
438 1877 589 1906 naturam
598 1886 606 1914 ;
623 1876 793 1907 dicendum
819 1875 905 1916 quod

161 1940 170 1957 ¹
182 1939 247 1964 Dist.
263 1945 299 1970 ιν,
313 1940 361 1964 art.
375 1940 397 1969 ι,
411 1945 437 1970 q.
452 1944 492 1963 111.
503 1938 626 1969 —2Dist,
643 1943 683 1970 111,
697 1945 723 1970 p.
739 1944 768 1970 11,
784 1940 831 1963 art.
843 1939 866 1963 3.

1684 203 1741 233 195

964 269 1007 300 ita
1028 271 1075 301 est
1096 278 1193 309 supra
1209 270 1358 300 naturam
1371 293 1380 308 ‚
1407 269 1493 309 quod
1513 269 1673 300 est.etiam
1693 278 1741 299 se·

962 323 1106 354 cundum
1118 325 1278 362 naturam,
1292 324 1327 353 ut
1336 322 1456 354 dictum
1465 324 1510 353 est
1525 331 1622 362 supra
1632 323 1655 360 ³,
1667 322 1743 361 quia

963 377 1006 407 ibi
1021 377 1129 407 divina
1143 377 1284 417 potentia
1298 377 1330 407 in
1344 377 1433 407 nullo
1447 376 1678 416 praejudicabat
1688 385 1742 406 na-

962 432 1043 461 turae
1060 439 1068 461 :
1087 434 1117 461 et
1132 431 1200 461 ideo
1231 431 1346 462 modus
1359 430 1410 461 ille
1426 429 1578 470 operandi
1606 439 1670 460 non
1686 439 1743 460 ex—

963 483 1060 514 cludit
1075 486 1199 515 naturae
1212 484 1441 524 operationem,
1458 492 1517 515 nec
1543 483 1647 514 aufert
1662 483 1743 523 proli

962 537 1141 568 naturalem
1154 538 1354 569 filiationem.

1005 592 1034 620 3.
1052 589 1099 620 Ad
1111 590 1187 621 illud
1203 590 1289 630 quod
1299 590 1462 630 oincitur,
1479 590 1565 630 quod
1581 589 1661 620 nihil
1682 599 1741 629 ge-

961 646 1094 675 neratur
1106 645 1293 676 naturaliter
1305 645 1390 685 quod
1406 647 1581 684 generatur
1596 645 1743 676 volunta-

961 698 1019 735 rie,
1042 697 1212 729 dicendum
1239 698 1325 738 quod
1347 698 1462 729 falsum
1491 700 1548 735 est,
1566 698 1743 729 secundum

962 751 1047 790 quod
1069 753 1221 782 naturam
1239 751 1392 782 voluntas
1414 752 1668 783 concomitatur:
1684 760 1744 782 un—

961 805 999 835 de
1027 807 1092 836 esto
1108 805 1192 845 quod
1216 807 1331 836 natura
1351 808 1431 836 esset
1446 805 1577 836 omnino
1594 805 1744 836 obediens

960 859 1019 898 ipsi
1036 859 1205 897 voluntati,
1223 859 1304 890 sicut
1328 861 1359 890 et
1379 859 1412 889 in
1436 859 1538 890 Adam
1553 861 1638 897 erat,
1658 858 1744 890 idem

961 914 1175 951 generaretur
1206 915 1294 952 patre
1321 912 1459 950 volente,
1476 915 1507 943 et
1531 914 1646 944 natura
1668 921 1743 952 ope-

959 968 1061 997 rante.
1081 966 1121 997 Et
1143 967 1295 1007 quoniam
1323 966 1472 998 voluntas
1502 966 1558 997 filii
1576 975 1641 997 non
1663 965 1744 996 tollit

959 1019 1026 1050 vim
1043 1020 1264 1059 generativam
1288 1021 1394 1059 matri,
1419 1020 1489 1051 ideo
1503 1029 1569 1051 non
1585 1019 1741 1060 sequitur,

959 1074 1045 1113 quod
1059 1074 1085 1104 si
1101 1075 1280 1106 voluntarie
1301 1084 1342 1106 ex
1357 1084 1394 1106 ea
1406 1074 1558 1113 nascitur,
1575 1074 1660 1115 quod
1677 1083 1743 1104 non

960 1127 1148 1158 naturaliter
1163 1130 1325 1159 nascatur.

1001 1183 1030 1211 4.
1050 1181 1097 1211 Ad
1113 1180 1191 1211 illud
1205 1181 1289 1220 quod
1305 1180 1468 1220 objicitur,
1483 1180 1569 1220 quod
1584 1180 1692 1211 nullus
1708 1181 1743 1211 fi-

958 1234 1021 1264 lius
1036 1235 1082 1264 est
1103 1233 1190 1274 prior
1218 1243 1277 1265 suo
1306 1233 1464 1274 principio
1489 1234 1676 1272 generante,
1693 1233 1743 1265 di-

959 1287 1096 1319 cendum
1111 1288 1196 1328 quod
1212 1297 1327 1320 verum
1342 1290 1389 1319 est
1404 1287 1582 1319 seeundum
1597 1297 1668 1318 eam
1681 1296 1742 1318 na-

962 1343 1081 1380 turam,
1098 1342 1276 1373 secundum
1296 1351 1395 1382 quam
1417 1343 1464 1372 est
1487 1341 1573 1372 iilius
1594 1341 1664 1381 ejus
1687 1351 1696 1372 ε
1713 1343 1744 1373 et

962 1395 1006 1425 sic
1020 1404 1084 1426 non
1101 1394 1197 1426 habet
1222 1395 1405 1426 instantiam
1421 1395 1455 1426 in
1479 1395 1651 1434 proposito,
1667 1394 1743 1434 quia

964 1448 1105 1479 Christus
1116 1449 1295 1480 secundum
1313 1449 1492 1480 humanam
1506 1450 1656 1479 naturam
1670 1457 1743 1488 pos-

964 1502 1062 1533 terior
1085 1505 1131 1533 est
1146 1502 1291 1542 Virgine,
1307 1512 1380 1543 quae
1404 1503 1512 1543 ipsum
1527 1502 1680 1542 concepit.
1709 1501 1743 1533 Si

963 1557 1071 1587 autem
1083 1556 1269 1596 simpliciter
1284 1555 1494 1596 intelligatur,
1512 1555 1609 1586 habet
1624 1555 1743 1586 instan-

962 1609 1039 1640 tiam
1054 1609 1087 1639 in
1105 1609 1278 1649 proposito,
1295 1609 1370 1649 quia
1385 1609 1528 1640 Christus
1542 1608 1638 1640 habet
1653 1608 1688 1639 in
1710 1618 1743 1641 se

963 1662 1042 1693 duas
1056 1664 1197 1699 naturas.
1211 1663 1389 1694 secundum
1403 1671 1542 1702 quarum
1551 1671 1652 1692 unam
1662 1671 1743 1702 prae-

966 1715 1049 1746 cedit
1063 1717 1129 1746 tam
1156 1717 1305 1746 naturam
1330 1717 1484 1752 creatam,
1501 1724 1599 1755 quam
1621 1717 1743 1746 mater-

962 1768 1034 1799 nale
1049 1768 1246 1808 principium
1264 1780 1271 1800 z
1285 1769 1342 1800 uhi
1359 1771 1468 1800 autem
1480 1769 1632 1800 instantia
1644 1770 1691 1800 est
1708 1769 1743 1800 in

961 1822 1133 1863 proposito,
1156 1823 1199 1853 ita
1223 1822 1308 1863 quod
1328 1831 1393 1853 non
1409 1824 1455 1853 est
1472 1822 1506 1853 in
1523 1822 1598 1860 alio,
1613 1822 1743 1853 serenda

961 1878 1009 1907 est
1051 1876 1229 1907 secundum
1265 1876 1521 1917 philosophicum
1564 1875 1741 1907 documen-

961 1931 1044 1961 tum.
