2017 2960
607 179 702 210 DIST.
727 178 793 210 VII.
819 176 908 208 ΛΒΤ.
934 178 958 208 1,
983 177 1132 214 QUAEST.
1157 177 1195 207 ΙΙ.

387 293 612 326 CONCLUSIO.

118 393 179 420 Haec
194 392 307 418 locutio:
328 400 341 415 «
357 391 424 417 Deus
439 391 526 423 factus
542 392 580 417 est
594 390 685 424 homo,
702 399 714 414 »
730 398 893 424 quoczmzque

194 443 269 463 sensu
283 436 446 470 accipiatur.
465 443 527 462 reru
543 437 579 462 est
595 438 620 461 01
635 434 815 461 admittenda.

158 515 250 556 Resp.
266 515 306 546 ad
321 524 392 554 arg.
410 514 584 545 Dicendum
608 513 692 554 quod
708 522 781 543 cum
803 522 894 553 quae-

116 569 199 600 ritur
213 569 251 600 de
270 569 331 600 hac
347 568 505 599 locutione
532 577 539 598 :
568 578 581 595 κ
606 567 687 597 Deus
716 567 817 596 factus
848 568 894 596 est

117 622 232 660 homo,
254 633 268 651 »
296 623 390 661 Juxta
414 621 492 652 illud
516 620 600 660 quod
625 621 815 650 consuetum
835 621 892 658 est,

117 675 269 716 praedicta
301 675 419 707 locutio
453 673 669 713 multipliciter
704 675 751 704 est
782 673 892 703 distin-

117 729 257 769 guenda,
275 739 314 760 ex
329 729 389 759 1100
403 728 489 767 quod
502 727 561 757 hoc
575 727 776 766 participium
792 728 895 767 potest

118 792 235 823 ponere
261 791 329 812 rem
367 790 463 821 super
495 782 610 817 totum,
630 780 678 811 vel
707 780 789 810 circa
816 780 894 810 alte-

117 845 191 866 rum
214 836 396 866 extremum
419 834 573 872 absolute,
597 833 647 864 vel
676 833 757 864 eirca
790 843 893 864 unum

117 891 298 920 extremum
313 889 346 919 in
367 888 601 928 comparatione
623 887 662 917 ad
686 887 835 918 alterum.
863 887 894 918 Si

117 945 212 983 ponat
236 952 305 973 rem
330 951 433 979 suam,
460 942 577 972 scilicet
601 941 701 981 ipsam
725 941 895 972 factionem

117 1006 214 1037 super
228 998 344 1035 totum,
360 1006 437 1027 vera
455 998 502 1027 est
518 996 644 1034 locutio,
662 998 692 1026 et
705 997 750 1026 est
765 1005 892 1026 sensns:

123 1063 136 1080 α
146 1050 228 1081 Dens
236 1051 336 1081 factus
348 1052 394 1081 est
402 1050 511 1088 homo,
526 1061 539 1077 n
557 1049 588 1080 id
599 1051 656 1086 est,
672 1049 787 1079 factum
800 1051 846 1079 est
861 1051 896 1079 ut

121 1103 205 1135 Deus
219 1106 300 1135 esset
314 1104 412 1135 homo
427 1113 433 1134 :
450 1106 480 1134 01
487 1103 548 1134 1100
556 1103 687 1142 quidem
702 1103 822 1133 factum
838 1102 897 1132 fuit

118 1158 151 1188 in
166 1167 261 1197 opere
275 1157 514 1188 incarnationis.
533 1156 565 1187 Si
581 1158 689 1187 antem
711 1158 808 1195 ponat
828 1165 896 1186 rem

118 1220 212 1241 suam
232 1211 314 1241 circa
336 1210 474 1241 alterum
500 1212 719 1240 extremorum
742 1209 894 1248 absolute,

118 1266 228 1304 utpote
243 1265 324 1295 circa
340 1264 547 1304 praedicatum
563 1287 570 1300 ,
593 1265 669 1294 tunc
691 1266 738 1294 est
760 1273 871 1294 sensus
888 1273 895 1294 :

123 1317 225 1349 «Deus
234 1318 332 1349 factus
338 1318 498 1355 esthomo,
507 1328 521 1345 »
536 1317 566 1347 id
575 1319 631 1355 est,
642 1317 723 1348 Deus
732 1320 778 1348 est
786 1317 894 1354 homo,

119 1371 318 1411 quiquidem
345 1372 445 1401 factus
472 1373 531 1409 est,
558 1371 624 1401 sive
652 1371 826 1410 productus
844 1373 898 1401 :et

120 1424 182 1456 1100
195 1425 325 1464 quidem
340 1434 456 1456 verum
470 1427 526 1455 est.
544 1424 576 1455 Si
591 1427 699 1455 antem
715 1428 812 1465 ponat
829 1435 897 1456 rem

119 1487 213 1509 suam
238 1478 320 1509 circa
342 1487 446 1509 unum
470 1480 652 1509 extremum
680 1479 713 1508 in
733 1488 898 1519 compara-

119 1532 205 1563 tione
213 1532 251 1562 ad
266 1532 413 1569 alterum,
427 1532 470 1561 510
486 1533 533 1562 051
541 1541 668 1562 sensus:
688 1544 701 1560 (t
713 1532 792 1562 Dens
800 1533 900 1562 sactus

119 1588 165 1616 est
179 1585 287 1622 homo,
298 1597 312 1614 »
325 1585 354 1615 id
370 1587 427 1622 est,
439 1585 521 1616 Deus
534 1585 605 1615 fecit
619 1586 825 1626 semetipsum
837 1586 898 1616 ho-

120 1639 241 1670 minem
254 1648 310 1679 per
320 1639 530 1670 humanitatis
541 1640 803 1680 assumptionem,
820 1641 901 1670 sicut

120 1693 218 1723 homo
231 1693 304 1723 facit
318 1693 519 1732 semetipsum
531 1693 660 1723 doctum
676 1703 732 1733 per
747 1694 900 1724 doctrinae

120 1745 374 1786 acquisitionem.
387 1746 425 1777 Et
435 1746 559 1786 primus
575 1746 704 1786 quidem
721 1756 833 1778 sensus
853 1749 901 1777 051

119 1809 227 1839 1101115,
245 1802 276 1830 01
285 1802 455 1830 000500105
465 1800 643 1831 5000001101
658 1810 787 1831 sensum
810 1810 900 1832 com-

120 1862 270 1891 munem;
288 1862 353 1884 non
367 1855 476 1884 tamen
499 1855 544 1884 est
565 1854 744 1884 secundum
766 1854 901 1885 locutio-

119 1916 200 1938 num
219 1907 389 1944 virtutem,
409 1907 486 1946 quia
510 1907 570 1937 1100
586 1908 800 1948 participium,
817 1909 900 1948 quod

121 1963 168 1991 est
191 1961 311 2000 factus,
343 1970 413 1991 cum
438 1961 477 1990 sit
505 1961 673 1991 masculini
696 1962 842 2001 generis,
872 1964 902 1992 et

122 2014 315 2054 adJectivum
340 2013 496 2054 adJective
526 2016 651 2045 tentum
664 2038 671 2052 ‚
706 2024 771 2046 non
802 2017 904 2055 potest

123 2061 241 2108 ponere
255 2077 324 2098 rem
336 2076 428 2098 suam
447 2067 528 2099 circa
545 2068 728 2107 copulatum
742 2079 749 2106 ;
771 2069 824 2099 500
844 2078 903 2100 00-

122 2121 256 2153 cessario
277 2121 378 2162 ponit,
395 2123 553 2161 quantum
571 2123 617 2151 est
637 2121 675 2152 de
695 2122 814 2153 virtute
836 2132 903 2153 ser-

122 2176 237 2215 monis,
255 2176 339 2207 circa
353 2176 546 2216 subjectum,
566 2177 615 2208 vel
639 2176 722 2207 circa
747 2178 902 2217 praedica-

122 2231 204 2261 tum.
231 2229 396 2261 Secundus
425 2232 534 2260 autem
559 2239 670 2261 5011505
698 2232 744 2261 051
773 2231 902 2271 quidem

124 2292 230 2322 verUS,
246 2285 277 2314 01
284 2283 396 2314 haberi
406 2285 506 2323 potest
517 2293 573 2323 per
583 2284 740 2315 sermonis
751 2285 903 2316 virtutem

125 2338 157 2367 et
183 2337 425 2377 proprietatem,
453 2338 499 2367 est
530 2339 638 2368 tamen
665 2340 781 2378 praeter
807 2348 902 2369 usum

126 2399 341 2421 communem.
357 2390 436 2421 Cum
452 2391 539 2421 enim
554 2391 691 2422 dicimus
714 2392 800 2431 quod
822 2392 904 2423 Deus

127 2443 225 2475 factus
242 2446 288 2475 est
309 2445 424 2483 homo,
449 2453 512 2475 non
531 2445 683 2476 volumus
698 2446 801 2477 dicere
818 2447 903 2486 qnod

130 2497 210 2528 Deus
223 2498 263 2529 sit
283 2499 378 2530 homo
392 2499 448 2539 qui
470 2499 644 2539 productus
663 2500 719 2538 sit3
742 2500 796 2531 sed
810 2501 903 2531 volu-

128 2560 201 2582 mus
217 2552 394 2592 exprimere
416 2553 519 2593 ipsam
540 2553 813 2593 incarnationem,
837 2554 905 2586 sive

160 2631 167 2647 ¹
184 2632 237 2655 Hoc
251 2630 347 2661 {refellit
362 2632 453 2656 Scotus
474 2632 562 2657 hocin
576 2633 643 2665 loco,
657 2633 691 2657 ibi
706 2641 711 2656 :
728 2634 761 2657 Et
775 2634 841 2665 quod
857 2634 905 2658 ali·

127 2669 171 2700 qui
182 2668 276 2692 dicunt.
286 2681 317 2686 —
329 2668 339 2684 ¹
351 2669 426 2701 Aug„
445 2669 473 2694 de
485 2671 564 2702 Trin„
579 2671 623 2695 lib.
639 2672 696 2701 Vll,
712 2678 733 2695 c.
748 2677 784 2702 1v,
799 2679 824 2696 n.
841 2673 864 2695 7.

1669 183 1725 210 173

950 244 1102 275 milonem
1119 244 1239 275 divinae
1254 245 1379 275 naturae
1393 244 1431 275 ad
1446 245 1633 276 humanam.
1646 246 1725 277 Ter-

950 298 1012 328 tius
1024 308 1099 329 vero
1115 307 1226 329 sensus
1242 298 1377 329 habetur
1393 302 1423 329 et
1437 299 1611 330 secundum
1630 309 1726 330 usum

950 361 1176 389 communem,
1203 354 1233 382 et
1256 352 1432 383 secundnm
1458 353 1625 383 locutionis
1653 363 1725 393 pro-

950 406 1133 444 0110100οη
1157 405 1252 436 habet
1270 408 1376 436 tamen
1402 407 1434 436 in
1458 416 1490 437 50
1508 406 1628 446 aliquId
1652 416 1727 446 pro-

950 459 1105 498 prietatiS,
1131 461 1161 489 et
1182 460 1301 499 aliquid
1325 460 1582 500 improprietatis.
1605 460 1643 490 Et
1667 461 1727 492 hoc

950 513 1045 551 patet,
1068 512 1144 551 quia
1165 522 1238 543 cuni
1261 513 1376 544 dicitnr
1400 523 1407 544 ε
1440 526 1453 543 κ
1475 514 1534 545 1510
1558 514 1659 544 factus
1682 516 1728 544 est

950 565 1069 602 bonus,
1086 577 1099 593 „
1129 566 1178 596 vel
1203 566 1407 606 hujusmodi,
1427 568 1486 598 hoc
1512 568 1725 608 participium,

951 618 1068 656 saccus,
1080 619 1139 649 tria
1150 619 1310 659 importat,
1323 620 1470 652 videlicet
1479 622 1728 653 antecessionem

950 681 990 702 ex
1007 674 1094 712 parte
1114 673 1260 713 subiecti,
1286 676 1316 704 01
1341 674 1554 714 inceptionem
1578 685 1618 706 ex
1641 678 1729 716 parte

950 725 1129 765 praedicati,
1160 728 1189 757 et
1226 728 1528 759 transmutationem
1566 739 1606 760 ex
1642 732 1730 769 parte

951 779 1131 819 utriusque,
1148 782 1306 820 quantum
1329 784 1428 812 estex
1444 783 1475 813 vi
1492 783 1659 821 sermonis,
1672 793 1730 823 pro

951 841 988 863 eo
1004 833 1086 872 quod
1104 834 1225 871 factum
1240 842 1304 866 esse
1318 835 1459 875 implicat
1474 836 1546 875 fleri
1572 847 1578 867 ε
1605 837 1638 867 in
1656 846 1730 877 pro-

951 886 1052 926 posito
1068 890 1175 918 autem
1191 890 1236 918 est
1256 889 1396 928 reperire
1420 891 1669 921 antecessionem
1690 900 1731 922 ex

953 942 1040 979 parte
1055 941 1199 980 subjecti,
1217 944 1247 972 et
1262 943 1476 982 inceptionem
1489 954 1529 974 ex
1544 946 1631 984 parte
1648 954 1731 984 prae-

951 994 1042 1024 dicati
1056 1004 1062 1029 3
1078 995 1130 1025 500
1146 998 1266 1026 nonest
1277 997 1414 1036 reperire
1431 999 1731 1030 transmutationem

952 1047 984 1077 in
1000 1049 1162 1088 supposito
1179 1050 1231 1080 Dei
1250 1062 1255 1081 :
1274 1052 1304 1081 et
1319 1051 1388 1081 ideo
1414 1053 1517 1090 filetus
1541 1052 1592 1083 hic
1607 1053 1690 1084 cadit
1713 1063 1732 1084 a

952 1102 1080 1142 propria
1099 1103 1333 1142 significatione
1358 1108 1517 1144 quantum
1542 1106 1581 1137 ad
1606 1107 1731 1137 tertiam

953 1155 1188 1195 conditionem,
1219 1167 1276 1187 nec
1308 1158 1460 1198 importat
1491 1162 1731 1192 transmutatio—

952 1218 1039 1245 nem,
1061 1210 1115 1240 sed
1136 1210 1291 1241 unionem
1315 1215 1322 1231 ¹
1352 1223 1358 1242 :
1384 1222 1443 1243 1100
1466 1213 1625 1252 significat
1648 1215 1732 1254 qnod

954 1262 1051 1294 Filius
1074 1264 1127 1295 Dei
1154 1265 1194 1295 sit
1218 1266 1418 1305 suppositum
1442 1268 1730 1307 transmutationis,

954 1327 1028 1348 cum
1040 1318 1153 1350 dicitur
1170 1331 1175 1349 :
1199 1331 1213 1347 «
1228 1319 1310 1351 Deus
1330 1321 1429 1351 factus
1447 1324 1494 1352 est
1513 1322 1626 1360 homo3
1643 1334 1657 1351 »
1678 1323 1732 1354 sed

954 1372 1038 1412 quod
1054 1375 1101 1403 est
1117 1373 1316 1413 suppositum
1342 1377 1467 1405 naturae
1493 1376 1600 1414 factae,
1622 1378 1653 1407 et
1673 1377 1733 1407 sibi

954 1426 1066 1456 unitae.
1087 1426 1173 1457 Licet
1199 1436 1279 1466 ergo
1304 1428 1474 1467 praedictus
1498 1439 1625 1468 sermo,
1650 1439 1733 1470 quo—

955 1489 1094 1520 cumque
1118 1481 1212 1512 modo
1241 1482 1425 1521 accipiatur,
1453 1483 1595 1523 aliquam
1619 1484 1734 1515 habeat

955 1534 1244 1573 improprietatem3
1265 1535 1340 1574 quia
1361 1538 1469 1567 tamen
1491 1537 1657 1568 veritatem
1672 1538 1734 1568 ha—

955 1588 1018 1625 bet,
1035 1588 1244 1619 nihilominus
1259 1589 1421 1628 recipitur,
1447 1590 1525 1630 quia
1549 1591 1583 1621 in
1601 1601 1734 1632 expres-

957 1640 1044 1671 sione
1066 1641 1139 1671 fidei
1162 1643 1280 1672 nostrae
1300 1642 1405 1681 magis
1426 1643 1642 1675 consideratur
1665 1654 1735 1676 ser-

956 1694 1061 1724 monis
1077 1694 1193 1725 veritas
1208 1719 1216 1732 ,
1234 1704 1331 1734 quam
1354 1697 1510 1727 sermonis
1536 1699 1732 1737 congruitas.

961 1758 975 1776 t(
992 1747 1036 1777 Ea
1050 1747 1136 1777 enim
1159 1757 1232 1787 quae
1255 1751 1330 1779 sunt
1351 1749 1424 1780 fidei
1447 1753 1580 1789 nostrae,
1603 1754 1639 1782 ut
1660 1753 1735 1783 dicit

956 1801 1161 1840 Augustinus
1187 1805 1208 1839 ‘-',
1230 1802 1345 1833 melius
1371 1803 1598 1844 intelligimus,
1635 1815 1734 1845 quam

957 1855 1167 1895 proferamus.
1191 1868 1205 1884 >³
1236 1856 1324 1888 Unde
1355 1857 1528 1897 Gregorius
1555 1859 1628 1889 dicit
1650 1859 1736 1899 quod

957 1910 1082 1940 excelsa
1096 1909 1149 1940 Dei
1170 1910 1374 1941 balbutiendo
1395 1921 1594 1943 resonamus.
1618 1912 1735 1944 Conce-

957 1964 1082 1994 dendus
1090 1967 1135 1994 est
1146 1973 1224 2004 ergo
1238 1973 1343 1995 sermo
1359 1965 1540 2004 praedictus,
1555 1968 1584 1996 et
1599 1967 1738 1997 rationes

958 2026 1031 2057 quae
1046 2017 1107 2048 hoc
1118 2018 1300 2054 ostendunt,
1312 2018 1389 2058 quia
1398 2019 1564 2049 veritatem
1576 2021 1735 2051 astruunt.

1004 2073 1028 2101 t.
1046 2070 1092 2101 Ad
1106 2071 1184 2101 illud
1199 2072 1283 2110 quod
1307 2072 1458 2111 objicitur
1481 2073 1585 2112 primo
1607 2073 1641 2103 in
1661 2083 1737 2104 con-

957 2124 1112 2161 trarium,
1137 2125 1222 2164 quod
1244 2127 1406 2155 mutatum
1430 2135 1496 2156 esse
1521 2128 1567 2156 est
1591 2127 1738 2166 superius

959 2177 1130 2208 adsuetum
1149 2187 1233 2216 esse,
1258 2178 1428 2209 dicendum
1451 2179 1537 2219 quod
1556 2189 1669 2211 verum
1691 2183 1738 2211 est

959 2231 1135 2262 secundum
1157 2231 1241 2271 quod
1265 2231 1384 2262 factum
1402 2241 1470 2263 esse
1489 2235 1519 2263 et
1536 2233 1606 2264 fieri
1626 2234 1737 2274 accipi—

959 2287 1012 2315 tur
1027 2285 1169 2325 proprie;
1187 2285 1248 2316 hoc
1260 2287 1368 2315 autem
1384 2287 1440 2321 est,
1458 2295 1531 2316 cum
1547 2287 1621 2317 dicit
1633 2288 1736 2317 trans-

959 2339 1168 2369 mutationem
1189 2339 1271 2369 circa
1293 2339 1398 2378 ipsum
1420 2340 1621 2380 suppositum
1646 2351 1652 2371 :
1673 2350 1735 2372 nou

959 2393 1003 2423 sic
1017 2395 1126 2423 autem
1140 2393 1235 2423 estin
1254 2393 1414 2432 proposito
1428 2417 1435 2430 ,
1456 2403 1514 2433 pro
1533 2403 1570 2425 eo
1594 2395 1678 2434 quod
1702 2395 1735 2424 in

960 2446 1188 2477 incarnationis
1208 2455 1302 2485 opere
1322 2446 1442 2477 factum
1467 2449 1513 2477 est
1532 2449 1569 2477 ut
1592 2447 1674 2478 Deus
1697 2448 1737 2478 sit

960 2500 1069 2538 homo,
1089 2509 1155 2530 non
1179 2499 1357 2530 secundum
1378 2500 1520 2540 aliquam
1541 2502 1737 2532 transmuta-

960 2553 1080 2584 tionem
1095 2554 1209 2584 factam
1225 2553 1260 2583 in
1273 2553 1347 2591 Deo,
1364 2553 1417 2584 sed
1432 2553 1609 2584 secundum
1629 2556 1737 2585 trans-

961 2607 1170 2638 mutationem
1184 2607 1297 2637 factam
1311 2606 1344 2636 in
1360 2606 1457 2637 altero
1472 2609 1626 2639 extremo.

1000 2662 1030 2691 2.
1049 2661 1096 2691 Ad
1112 2660 1188 2691 illud
1203 2660 1287 2700 quod
1304 2659 1487 2699 opponitur,
1507 2661 1592 2700 quod
1615 2662 1735 2700 [actum
