2017 2960
41 1595 145 1616 Fundam.

652 116 748 147 DIST.
773 115 910 147 XXVIII.
934 115 1025 147 ART.
1050 116 1073 147 l.
1098 116 1250 154 QUAEST.
1275 117 1310 149 V.

168 181 428 221 incorruptione:
445 185 476 213 et
499 183 570 214 ideo
594 184 741 223 quamvis
764 193 879 223 corpus
905 184 945 214 sit

169 235 373 274 corruptibile
395 238 554 275 quantum
575 237 615 268 ad
636 237 731 277 lapsae
750 240 875 268 naturae
896 237 944 267 in-

168 288 352 318 firmitatem
364 313 371 326 ‚
390 298 454 319 non
471 290 614 330 sequitur
635 290 720 330 quod
743 300 807 320 non
823 291 863 321 sit
877 291 946 321 dili-

169 341 269 379 gibile
284 350 324 371 ex
336 342 488 373 charitate
503 345 660 383 quantum
677 344 715 374 ad
728 344 944 374 necessitatem

168 395 292 424 naturae
304 418 311 431 ,
329 395 506 426 secuudum
524 406 621 436 quam
637 397 820 427 ordinatum
841 400 888 427 est
906 398 944 427 ad

168 449 355 486 perpetuam
370 448 655 489 incorruptionem.

208 505 237 532 4,
250 502 297 533 Ad
309 503 480 543 illudqnod
496 505 656 545 objicitur,
673 506 760 545 quod
777 506 856 536 ratim)
868 506 946 536 inia-

169 556 272 595 ginis,
302 558 333 586 et
361 566 511 597 expressa
544 558 747 596 assimilatio,
774 568 846 598 qnae
873 560 946 590 facit

168 612 346 640 creaturam
372 611 558 642 rationalem
584 612 675 652 diligi
699 622 739 643 ex
765 613 917 643 charitate
934 637 941 650 ,

167 672 230 693 nou
246 663 410 694 invenitur
435 665 468 695 in
491 675 643 705 corpore,
661 666 832 696 dicendum
857 667 944 706 quod

168 726 281 747 verum
297 720 344 747 est
357 727 412 757 per
427 728 459 748 se
474 719 650 758 loquendo,
668 720 751 759 quod
769 720 849 750 ratio
866 720 945 750 ima-

167 771 252 808 ginis
267 771 311 801 sic
325 771 414 802 facit:
428 772 500 802 licet
510 774 618 802 autem
631 782 747 812 corpus
762 774 943 803 humanum

167 832 230 854 non
243 824 282 854 sit
297 824 336 854 ad
352 824 406 855 Dei
430 825 607 864 imaginem
631 835 686 865 per
703 835 735 856 se
749 850 756 863 ,
772 828 817 856 est
832 828 941 857 tamen

166 877 295 908 unitum
310 878 439 916 animae,
456 887 529 918 quae
547 881 593 909 est
613 879 651 909 ad
668 879 843 919 imaginem
867 880 918 910 Dei
935 891 942 917 ;

166 931 310 969 unitum,
322 931 466 971 inquam,
480 932 600 962 unitate
616 934 739 963 naturae
755 944 761 963 2
778 936 808 963 et
821 934 944 964 ratione

166 983 251 1014 illins
274 986 322 1015 est
342 985 547 1016 beatitudinis
568 987 856 1026 comparticipahile
882 998 887 1017 :
914 989 944 1018 et

165 1037 246 1067 sicut
269 1040 315 1068 θεῖ
338 1038 542 1069 beatitudinis
565 1040 877 1079 comparticipabile,
902 1041 943 1071 ita

164 1092 196 1121 et
210 1091 411 1130 diligendum
431 1102 471 1123 ex
485 1093 655 1130 charitate,
676 1103 712 1124 ea
727 1094 873 1125 videlicet
900 1104 946 1125 ra-

164 1144 265 1183 tione,
282 1154 345 1184 qua
365 1148 412 1176 est
426 1147 543 1177 animae
566 1147 711 1178 rationali
738 1148 867 1178 unitum
887 1159 893 1179 2
911 1151 940 1179 et

164 1197 224 1228 hoc
236 1201 282 1229 est
299 1200 463 1238 proprium
480 1201 620 1240 corporis
641 1201 775 1231 humani
799 1204 942 1241 respectu

163 1252 333 1291 qu'uslibet
354 1253 485 1283 alterius·
506 1254 647 1293 corporis
664 1264 671 1284 ε
686 1257 854 1294 propterea
875 1265 940 1285 uon

162 1307 208 1335 est
223 1305 327 1336 simile
340 1305 377 1336 de
392 1305 461 1336 aliis
480 1306 668 1346 corporibus
691 1307 940 1339 irrationalibus

430 1415 613 1452 QUAESTIO
636 1416 674 1447 V.

188 1498 235 1524 An
249 1497 320 1524 dona
334 1498 458 1532 gratuita
478 1505 511 1524 επ
525 1498 657 1525 charitate
671 1499 725 1525 sint
740 1498 879 1532 diltqcnda
897 1501 914 1526 ¹.

202 1576 315 1608 Utrum
340 1587 379 1608 cx
410 1577 564 1608 charitate
585 1577 648 1608 sint
670 1578 832 1617 diligendi
858 1579 942 1609 dona

161 1630 315 1669 gratnita3
341 1632 372 1661 et
397 1631 481 1670 quod
510 1631 574 1668 sic,
604 1631 730 1662 videtur
753 1632 858 1672 primo
886 1641 942 1672 per

160 1684 381 1723 Augustinum
403 1684 437 1714 in
458 1684 538 1715 libro
560 1684 598 1716 [te
619 1685 780 1718 Trinitate
796 1690 806 1705 2
820 1696 832 1715 :
854 1698 867 1714 t<
882 1686 941 1723 Qui

160 1738 266 1777 diligit
293 1738 499 1778 proximum,
529 1738 632 1778 ipsam
656 1739 816 1779 praecipuc
841 1740 940 1771 dilec-

160 1791 281 1822 tionem
293 1792 404 1831 diligat
422 1802 428 1822 ε
448 1802 461 1819 >)
481 1791 566 1831 Ergo
587 1792 611 1822 si
629 1793 817 1832 proximum
835 1794 943 1833 diligit

160 1854 200 1875 ex
221 1845 395 1883 charitate,
421 1845 621 1876 dilectionem
646 1846 751 1886 diligit
774 1856 814 1877 ex
842 1847 943 1877 chari-

160 1900 222 1929 tate
237 1907 245 1928 :
261 1899 316 1929 sed
330 1899 456 1929 dilectio
472 1908 536 1938 qua
551 1899 655 1938 diligit
679 1900 878 1940 proximum,
896 1902 942 1931 θεῖ

161 1952 282 1983 donum
298 1951 479 1990 gratuitum
497 1961 504 1982 ε
521 1961 599 1991 ergo
613 1952 697 1983 dona
712 1953 854 1992 gratuita
868 1955 943 1984 sunt

161 2015 201 2037 ex
215 2005 374 2036 charitate
391 2005 567 2045 diligenda.

202 2059 280 2090 item
297 2069 392 2090 omne
406 2059 490 2099 quod
507 2060 632 2090 ordinat
642 2060 681 2090 ad
697 2060 941 2099 beatitudinem,

162 2115 193 2144 et
207 2113 246 2144 ad
261 2122 332 2144 eam
346 2113 507 2153 perducit,
524 2115 571 2143 θεῖ
589 2113 790 2152 diligendum
810 2123 850 2144 ex
865 2114 941 2145 cha-

163 2166 255 2197 ritate
272 2174 280 2196 :
297 2167 350 2197 sed
365 2167 449 2198 dona
473 2167 616 2206 gratuita
632 2168 706 2197 sunt
731 2167 915 2206 hujusmodi
934 2177 940 2198 :

163 2229 243 2260 ergo
265 2220 391 2252 videtur
424 2220 509 2260 quod
536 2229 577 2251 ex
600 2221 753 2251 charitate
781 2221 944 2260 diligenda

164 2273 238 2304 siut.

205 2327 284 2358 Item
299 2329 446 2358 constans
466 2329 528 2366 est,
552 2328 637 2367 quod
660 2328 743 2359 dona
765 2328 944 2368 spiritualia

164 2383 239 2411 sunt
253 2381 400 2419 amanda,
417 2383 448 2411 et
462 2390 481 2411 a
500 2381 563 2411 Deo
582 2382 717 2420 petenda
734 2392 740 2412 :
760 2384 791 2412 et
811 2382 867 2422 qui
892 2381 943 2412 illa

166 2434 283 2473 diligit,
300 2434 462 2474 diligendo
486 2436 628 2465 meretur
646 2446 652 2465 :
670 2435 696 2465 si
718 2444 796 2475 ergo
819 2435 943 2466 dilectio

197 2531 204 2547 ¹
223 2531 262 2561 Cf.
279 2531 351 2555 Alex.
370 2531 475 2562 Aleusis,
493 2531 575 2561 Cont.,
591 2539 616 2562 p.
631 2532 673 2561 ill,
689 2533 747 2557 coll.
763 2539 836 2564 Lxm,
848 2536 895 2557 art.
912 2535 943 2564 G;

163 2567 252 2597 Steph.
271 2567 363 2591 Brutos.
375 2586 381 2597 ‚
399 2568 428 2591 ΙΙΙ
443 2568 521 2597 Sem„
538 2567 595 2591 dist.
612 2574 704 2598 xxvni,
720 2577 746 2600 q.
763 2576 785 2594 ν.
797 2583 826 2587 -
842 2571 851 2586 ³
867 2573 942 2601 Aug„

161 2601 191 2626 de
208 2603 307 2632 Triuia,
323 2603 365 2626 lili.
383 2604 447 2631 Vlli,
468 2611 490 2627 c.
508 2609 561 2634 V11,
578 2611 603 2627 u.
622 2605 667 2634 103
689 2606 714 2628 in
731 2606 813 2636 Epist.
833 2606 843 2629 Ι
861 2606 942 2635 .Ιοαη.,

1725 129 1784 158 639

1006 184 1166 214 meritoria
1184 187 1230 215 est
1251 186 1376 218 dilectio
1399 188 1570 227 charitatis,
1593 201 1670 231 crgo
1694 195 1782 225 vide—

1004 239 1057 268 tur
1078 239 1162 278 quod
1187 239 1262 270 talia
1283 240 1366 272 dona
1390 242 1453 272 sint
1475 252 1515 273 ex
1534 244 1685 277 charitate
1710 248 1780 278 dili-

1005 292 1123 330 genda.

1045 345 1121 375 Item
1143 346 1225 377 sicut
1249 356 1281 377 se
1309 348 1404 379 habet
1427 349 1552 381 dilectio
1576 353 1717 389 gratuita
1745 355 1782 384 ad

1004 398 1086 428 dona
1102 400 1253 438 gratuita,
1271 401 1315 431 sic
1326 410 1358 432 εθ
1371 402 1466 433 habet
1481 403 1604 434 dile-tio
1626 407 1780 437 naturalis

1003 451 1040 481 ad
1055 452 1139 482 hona
1154 455 1311 484 naturalia
1328 466 1334 485 z
1353 456 1407 486 sed
1431 456 1513 488 bona
1536 459 1696 489 naturalia
1711 460 1782 490 dili-

1004 505 1129 541 guntur
1148 505 1287 535 naturali
1310 506 1475 538 dilectione
1500 517 1507 537 2
1537 518 1616 548 ergo
1645 511 1710 550 pari
1732 521 1783 542 ra-

1002 556 1090 586 tione
1118 557 1199 587 dona
1227 559 1367 597 gratuita
1396 561 1579 600 diliguntur
1615 564 1781 596 dilectione

1003 611 1144 648 gratuita
1168 622 1174 641 t
1199 612 1254 642 sed
1277 612 1400 644 dilectio
1426 616 1567 653 gratuita
1586 619 1631 647 est
1656 618 1780 650 dilectio

1003 663 1164 694 charitatis
1179 675 1184 694 :
1204 674 1281 704 ergo
1299 666 1424 697 videtur
1438 669 1523 707 quod
1538 669 1621 700 dona
1638 674 1780 710 gratuita

1002 716 1065 746 sint
1080 726 1120 747 ex
1137 718 1289 749 charitate
1305 719 1477 759 diligenda.

1043 770 1157 800 Contra
1174 782 1179 801 :
1200 774 1227 801 1.
1248 771 1341 803 Nulla
1360 776 1506 805 creatura
1527 785 1637 807 carens
1658 779 1779 811 ratione

1002 824 1048 852 est
1065 823 1227 862 diligenda
1246 834 1287 855 ex
1307 826 1457 858 charitate
1484 840 1489 859 :
1515 830 1566 861 sed
1591 830 1777 871 hujusmodi

1001 875 1085 907 dona
1099 879 1239 916 gratuita
1261 880 1416 911 rationem
1438 892 1501 913 non
1524 883 1642 916 habeut
1670 897 1676 917 ε
1702 896 1780 927 ergo

1002 938 1066 960 non
1081 930 1196 962 dehent
1210 932 1300 972 diligi
1318 943 1357 964 ex
1373 935 1537 967 charitate.

1042 986 1071 1013 ⁰2.
1090 984 1166 1015 Item
1192 986 1323 1025 diligere
1343 991 1390 1018 est
1412 990 1491 1020 velle
1511 991 1606 1022 alicui
1628 993 1748 1024 bonum
1772 1006 1778 1025 :

1002 1038 1055 1068 sed
1071 1039 1188 1069 stultus
1198 1042 1244 1070 est
1259 1041 1314 1080 qui
1326 1043 1395 1073 vult
1409 1043 1503 1074 alicui
1520 1045 1631 1076 virtuti
1644 1048 1692 1077 vel
1708 1049 1780 1079 cha-

1000 1091 1087 1122 ritati
1115 1091 1235 1123 bonum
1260 1105 1266 1124 ε
1297 1104 1375 1134 ergo
1399 1097 1527 1128 videtur
1552 1100 1635 1138 quod
1662 1100 1781 1140 huJus-

1002 1145 1087 1175 modi
1102 1146 1186 1177 dona
1200 1149 1340 1186 gratuita
1354 1159 1394 1180 ex
1408 1150 1559 1183 charitate
1574 1162 1638 1183 non
1654 1155 1718 1185 sint
1729 1156 1778 1186 di-

1000 1198 1144 1238 ligenda.

1041 1255 1069 1282 3.
1087 1252 1163 1282 Item
1185 1254 1263 1285 illud
1278 1256 1382 1286 solum
1404 1260 1450 1288 est
1471 1268 1511 1289 ex
1532 1260 1683 1292 charitate
1706 1263 1778 1293 dili-

999 1305 1108 1343 gibile,
1124 1307 1209 1345 quod
1232 1311 1280 1338 θεῖ
1296 1310 1402 1350 atiquo
1427 1313 1521 1343 modo
1543 1314 1749 1347 beatificabile
1767 1329 1774 1348 :

999 1356 1052 1387 sed
1068 1357 1254 1396 hujusmodi
1269 1360 1353 1392 dona
1364 1364 1506 1401 gratuita
1517 1374 1579 1396 uon
1595 1369 1670 1398 sunt
1684 1368 1781 1398 beati-

999 1409 1135 1440 ficabilia
1153 1422 1159 1441 :
1178 1420 1256 1451 ergo
1271 1422 1335 1444 non
1352 1418 1426 1445 suut
1445 1425 1484 1446 ex
1500 1417 1652 1450 charitate
1667 1420 1774 1460 diligi-

999 1463 1086 1494 bilia.

1039 1520 1068 1547 4.
1099 1517 1178 1549 Item
1204 1519 1406 1559 Augustinus
1427 1524 1620 1556 sufficienter
1643 1536 1776 1558 enume-

999 1576 1048 1604 rat
1058 1574 1067 1589 ⁸
1082 1583 1118 1604 ea
1133 1584 1206 1614 quae
1221 1579 1295 1606 sunt
1309 1586 1349 1607 ex
1360 1578 1511 1610 charitate
1523 1581 1684 1621 diligenda
1700 1593 1707 1614 :
1720 1585 1774 1615 sed

999 1626 1082 1658 dona
1097 1629 1239 1667 gratuita
1252 1639 1317 1661 uon
1334 1634 1408 1662 sunt
1422 1633 1459 1663 de
1476 1633 1547 1673 illis,
1560 1645 1633 1675 quae
1647 1636 1775 1676 Augus-

999 1682 1086 1713 tinus
1102 1687 1269 1715 enumerat
1291 1696 1296 1716 :
1312 1695 1391 1726 ergo
1407 1688 1533 1720 videtur
1547 1692 1632 1730 quod
1647 1701 1686 1723 ex
1702 1693 1780 1724 cha-

998 1735 1091 1766 ritate
1106 1737 1270 1776 diligenda
1289 1749 1352 1770 non
1368 1741 1441 1772 sint.

1264 1855 1490 1891 CONCLUSIO.

998 1939 1073 1966 Bona
1089 1941 1212 1973 qratuz'ta
1236 1948 1268 1968 em
1294 1942 1428 1970 charitate
1459 1948 1520 1973 sunt
1544 1947 1692 1983 diliqenda,
1723 1960 1775 1980 non

1053 1982 1159 2016 quidem
1173 1991 1262 2010 amore
1276 1986 1416 2020 amicitioe,
1431 1988 1476 2014 sed
1489 1992 1716 2025 concupiscentioe.

1805 781 1831 800 hl
1842 787 1892 807 opp.

1042 2058 1122 2098 Resp
1161 2059 1200 2089 ad
1227 2068 1298 2099 arg.
1323 2061 1370 2092 Ad
1396 2063 1621 2102 praedictorum
1656 2069 1770 2100 intelli—
1789 2075 1855 2102 Opin-

999 2112 1144 2150 gentiam
1161 2115 1209 2143 est
1231 2115 1419 2155 notandum,
1439 2119 1525 2157 quod
1548 2120 1647 2160 aliqui
1671 2123 1774 2156 dicere

999 2165 1173 2196 voluerunt
1188 2166 1272 2198 dona
1284 2169 1424 2207 gratuita
1438 2180 1504 2202 non
1525 2182 1592 2204 esse
1611 2184 1651 2206 ex
1666 2177 1774 2208 chari—

998 2220 1063 2249 tate
1077 2219 1248 2258 diligenda,
1271 2223 1448 2254 secuudum
1467 2226 1550 2265 qnod
1575 2227 1710 2268 diligere
1735 2241 1774 2262 ex

1000 2272 1151 2303 charitate
1171 2275 1218 2304 est
1230 2276 1337 2305 motus
1356 2276 1516 2309 charitatis
1535 2279 1704 2321 elicientis;
1723 2285 1776 2315 sed

1001 2325 1027 2355 si
1041 2335 1081 2356 ex
1096 2326 1249 2358 charitate
1260 2328 1453 2368 diliguntur,
1466 2331 1527 2362 hoc
1539 2335 1585 2363 est
1598 2337 1775 2369 secundum

1001 2380 1087 2419 quod
1105 2380 1239 2420 diligere
1254 2385 1298 2413 θεῖ
1316 2383 1414 2423 ipsius
1431 2385 1593 2418 charitatis
1616 2389 1779 2430 imperan-

1001 2431 1050 2461 tis.
1072 2430 1152 2462 Nam
1167 2432 1201 2462 in
1227 2432 1287 2464 hoc
1309 2434 1414 2466 differt
1435 2436 1573 2468 charitas
1597 2440 1637 2470 ab
1662 2442 1777 2475 affectu

999 2482 1150 2520 naturali,
1170 2484 1323 2523 quoniam
1343 2487 1498 2518 naturalis
1514 2489 1645 2522 affectus
1663 2496 1780 2533 quaerit

1001 2568 1072 2616 tract).
1083 2571 1154 2595 1x‚u.
1169 2565 1207 2589 10.
1223 2579 1253 2583 -—
1265 2566 1330 2597 ³ld.,
1343 2567 1371 2590 «le
1386 2569 1618 2601 Docl.cl1rist.,lib.
1635 2574 1652 2601 Ι.
1668 2581 1690 2597 c.
1703 2581 1778 2607 xxm,

1000 2610 1016 2626 n
1040 2604 1078 2625 2·„.
