2017 2960
57 581 119 608 Opia.
134 582 139 600 1

65 1438 161 1465 Improb.

688 187 782 220 DIST.
806 187 856 219 lx.
881 185 961 218 ART

451 323 675 356 CONCLUSIO.

179 413 307 447 Quoeh'bet
321 419 386 438 crux
402 412 492 437 Iatrt‘oe
512 410 672 437 adoratione
687 411 724 436 est
741 408 903 437 adm-amhn
925 407 950 432 ει·

211 463 271 483 vero
285 456 382 488 inqua
395 454 515 481 Christus
531 453 678 488 pependit,
699 453 782 479 etiam
798 451 857 477 αΙιά
877 458 952 477 reve-

211 499 301 526 rentia
317 499 355 524 est
371 497 532 524 est-hibenda.

216 578 308 618 Resp.
332 578 371 608 ad
384 587 453 617 arg.
477 576 650 608 Dicendum
665 575 749 615 quod
764 574 802 605 ad
819 573 955 613 praedic-

177 634 282 662 torum
297 631 541 670 intelligentiam
567 630 620 660 hic
634 631 680 659 est
701 628 868 668 multiplex
884 637 955 658 mo-

175 685 234 716 dus
250 685 385 715 dicendi.
402 684 538 721 Quidam
550 682 637 713 euim
649 682 753 712 dicere
769 682 952 717 voluerunt,

174 737 259 777 quod
275 737 333 778 ipsi
356 737 442 768 cruci
464 736 597 766 debetur
624 735 742 772 honor,
760 734 814 774 qui
838 734 955 765 dicitur

174 791 373 832 hyperdulia.
390 790 428 821 Et
440 790 627 829 ratiohujus
642 791 699 825 est,
712 789 787 828 quia
796 789 863 828 ipsa
874 798 955 819 crux

175 845 235 876 fuit
255 845 507 875 instrumentum
527 843 626 874 totius
646 842 873 882 redemptionis
890 842 954 872 lm-

176 908 297 937 manae3
324 899 357 929 in
372 898 441 938 ipsa
464 897 550 928 enim
572 897 658 927 salus
673 898 703 927 et
720 896 895 936 redemptio
910 898 955 926 to-

174 953 238 984 tius
251 952 385 983 humani
398 951 526 991 generis
542 953 588 981 est
600 951 680 980 sacta
693 961 698 980 :
710 952 740 980 et
755 949 825 980 ideo
842 958 955 980 omnes

175 1006 322 1037 homines
337 1006 453 1037 debent
474 1014 541 1035 esse
555 1005 583 1035 ei
599 1004 731 1043 subjecti
758 1004 955 1043 subjectione

176 1059 306 1091 notabili
320 1061 351 1090 et
365 1059 490 1099 speciali
509 1069 515 1088 :
528 1060 559 1089 et
573 1060 740 1098 propterea
751 1058 861 1088 dicunt
883 1067 952 1088 eam

175 1114 300 1145 adorari
312 1112 526 1144 excellentiori
544 1112 728 1143 adoratione
738 1121 835 1152 quam
847 1112 887 1142 sit
899 1112 955 1142 du-

175 1168 227 1205 lia,
257 1176 330 1207 quae
362 1167 495 1197 debetur
521 1166 669 1197 rationali
694 1168 860 1203 creaturae,
879 1166 955 1205 quia

175 1230 249 1251 cum
265 1230 347 1252 crux
356 1220 473 1251 Christi
489 1229 547 1250 nec
564 1219 603 1249 sit
618 1219 711 1257 Deus,
726 1228 785 1250 nec
798 1219 856 1259 ipsi
871 1219 955 1250 divi-

175 1275 265 1305 nitati
277 1274 397 1314 aliquid
410 1274 552 1311 unitum,
570 1273 640 1303 ideo
656 1282 721 1303 non
736 1274 783 1303 est
806 1273 834 1303 ei
851 1273 955 1303 cultus

176 1328 278 1358 latriae
300 1327 513 1365 exhibendus,
531 1328 561 1357 et
583 1329 714 1366 propter
730 1326 791 1356 hoc
805 1327 891 1366 quod
908 1330 955 1357 te-

176 1384 230 1412 net
245 1381 387 1412 medium
403 1381 486 1411 inter
505 1380 631 1411 latriam
646 1381 677 1411 et
692 1380 824 1417 duliam,
838 1380 956 1411 adora—

177 1435 221 1465 tio
240 1435 342 1465 crucis
365 1434 481 1465 dicitur
504 1434 706 1474 hyperdulia.
727 1433 787 1464 Sed
802 1435 955 1474 quoniam

177 1488 329 1525 adoratio,
346 1488 427 1518 sicut
441 1487 600 1526 allocutio,
614 1487 743 1518 videtur
757 1497 824 1518 esse
834 1487 953 1519 solum-

178 1541 271 1572 modo
285 1541 368 1572 inter
382 1541 514 1572 rationis
532 1550 662 1581 capaces
679 1550 686 1571 t
713 1541 854 1572 adoratio
869 1542 955 1572 enim

176 1595 326 1635 quaedam
348 1594 448 1625 oratio
471 1597 518 1625 est
532 1594 570 1625 ad
593 1594 722 1634 aliquod
737 1595 883 1626 ordinata
901 1596 953 1635 (a),

176 1649 260 1679 unde
284 1649 420 1681 adorare
439 1648 544 1680 estad
569 1648 656 1678 aliud
672 1656 786 1687 (ΠΨ-6,·
801 1658 881 1680 crux
896 1659 953 1680 au-

90 1705 110 1724 ³=¹
129 1706 148 1725 Ξ·
176 1706 239 1734 tem
254 1703 370 1734 Christi
388 1702 522 1733 omnino
539 1704 624 1732 caret
640 1703 763 1733 ratione
782 1714 787 1733 :
817 1704 887 1734 ideo
902 1704 955 1733 alii

173 1757 326 1787 dixerunt
341 1765 413 1787 eam
428 1765 494 1786 non
513 1764 580 1786 esse
605 1755 798 1786 adorandam
812 1781 819 1793 ,
836 1757 897 1787 nisi
922 1758 956 1788 in

172 1811 377 1852 quantumin
387 1820 424 1841 ea
440 1810 591 1841 adoratur
608 1810 760 1849 Christus,
773 1820 878 1851 neque
897 1811 955 1841 ali-

173 1876 237 1907 qua
246 1868 293 1897 est
307 1866 337 1897 ei
351 1865 483 1897 honoris
500 1865 679 1896 reverentia
690 1865 881 1904 exhibenda,
894 1867 956 1897 nisi

173 1921 295 1951 ratione
310 1919 473 1958 Crucifixi,
487 1919 568 1950 sicut
590 1928 648 1949 nec
663 1919 810 1959 imagini,
828 1920 888 1951 nisi
904 1929 957 1951 ra-

173 1973 259 2004 tione
286 1973 467 2013 imaginati.
499 1972 536 2002 Et
569 1972 640 2003 ideo
668 1973 840 2011 dixerunt,
870 1975 956 2014 quod

174 2027 260 2058 cruci
276 2029 323 2058 est
338 2027 442 2058 cultus
462 2026 564 2057 latriae
577 2026 787 2065 exhibendus,
802 2029 833 2058 et
847 2028 955 2059 nullus

173 2080 266 2119 alius,
277 2090 335 2112 nec
349 2080 458 2117 duliae,
479 2089 537 2111 nec
551 2080 764 2119 hyperduliae.
780 2080 858 2112 Rem
868 2082 954 2113 enim

173 2134 391 2165 insensibilem
404 2134 540 2165 stultum
556 2135 603 2164 est
624 2133 792 2173 honorare,
810 2144 884 2166 cum
898 2145 956 2175 pro

174 2188 500 2220 indifferenti-habeat
520 2188 677 2219 honorem
697 2190 728 2218 et
741 2188 953 2229 vituperium.

174 2241 212 2273 Et
232 2242 293 2273 hoc
320 2242 469 2273 nituntur
497 2241 689 2272 confirmare
712 2251 768 2282 per
790 2242 956 2275 Damasce-

173 2305 253 2327 num
266 2296 304 2327 de
325 2296 443 2327 sanctis
457 2296 666 2335 imaginibus,
683 2296 740 2327 ubi
755 2296 830 2328 dicit
846 2302 852 2318 ¹
870 2298 956 2338 quod

175 2359 239 2381 non
249 2359 378 2382 crucem
394 2350 578 2387 adoramus,
593 2351 647 2381 sed
658 2353 786 2391 typum,
802 2351 833 2382 id
846 2354 903 2390 est,
916 2352 956 2383 fi-

176 2405 390 2442 gurationem.
416 2404 454 2435 Et
479 2404 524 2435 sic
546 2413 610 2435 non
626 2404 752 2436 videtur
767 2405 852 2445 quod
876 2415 956 2436 crux

176 2457 324 2488 adoretur
337 2458 372 2488 in
395 2460 554 2497 quantum
579 2459 626 2488 est
641 2467 692 2489 res
707 2458 815 2499 aliqua
826 2484 834 2498 ‚
852 2459 905 2490 sed
922 2460 956 2490 in

177 2512 334 2550 quantum
346 2513 392 2542 est
403 2511 546 2551 signum.
567 2510 796 2543 Verumtamen
812 2514 837 2543 si
853 2514 958 2545 consi-

177 2563 325 2595 deremus
336 2565 432 2595 verba
447 2565 631 2596 Damasceni
646 2565 678 2597 in
693 2575 763 2607 cap.
778 2567 814 2599 cle
830 2568 925 2600 eruce
933 2569 955 2607 ¹,

211 2644 219 2661 ¹
235 2644 425 2673 Damascenus‚
439 2644 469 2668 de
489 2645 553 2670 Fide
564 2646 675 2677 orthod„
691 2647 737 2672 lib.
753 2649 796 2679 tV,
812 2655 834 2673 c.
849 2654 916 2673 xvu.
927 2663 959 2667 —

178 2679 189 2696 ¹
200 2679 274 2710 thick,
291 2687 314 2703 e.
327 2685 374 2704 xu.
388 2680 437 2698 -³
452 2680 526 2712 Ibid„
539 2689 561 2705 c.
577 2688 642 2707 xvii.
652 2697 683 2701 —
700 2684 730 2714 (a)
745 2684 788 2708 Al.
802 2685 958 2709 ordinatum.

965 210 972 216 .
997 184 1020 216 1.
1045 183 1195 222 QUAEST.
1220 183 1272 214 lv.

1727 185 1784 214 207

1013 252 1139 283 videtur
1160 252 1245 292 quod
1260 260 1326 282 non
1350 251 1552 281 solummodo
1566 250 1653 280 cruci
1677 250 1789 282 Christi

1012 309 1107 347 prout
1133 308 1180 337 est
1198 306 1346 345 signum,
1365 305 1432 337 sive
1458 305 1492 335 in
1520 305 1680 344 quantum
1696 306 1791 344 typus

1012 364 1068 399 est,
1087 361 1140 391 sed
1157 361 1189 390 in
1204 360 1327 391 ratione
1344 359 1487 390 materiae
1500 359 1595 389 etiam
1612 357 1792 389 exhibenda

1012 415 1048 445 sil
1060 415 1250 453 reverentia,
1267 415 1344 454 quia
1354 424 1418 445 non
1433 414 1538 444 solum
1549 416 1596 444 est
1612 413 1793 444 venerzmda

1011 468 1138 507 figura,
1165 468 1218 498 sed
1234 468 1330 498 etiam
1352 477 1466 499 verum
1489 467 1617 507 lignum
1633 467 1735 498 crucis
1759 467 1792 497 in

1011 530 1076 560 quo
1092 520 1243 551 Dominus
1260 521 1425 561 pependit3
1442 521 1476 551 in
1501 521 1569 552 aliis
1592 530 1667 552 vero
1688 520 1790 551 cruci-

1011 577 1071 605 bus
1086 575 1269 605 veneranda
1290 576 1337 605 est
1352 574 1456 605 solum
1472 576 1590 613 figura,
1606 584 1671 605 non
1687 577 1790 605 mate-

1011 628 1069 659 ria.
1087 628 1138 658 Ait
1160 628 1247 658 enim
1268 628 1334 658 sic:
1357 639 1371 657 (ι
1394 628 1502 668 Ipsum
1517 629 1647 668 quidem
1672 629 1790 669 pretio-

1011 690 1085 712 sum
1102 681 1231 720 lignum
1247 682 1350 712 crucis
1371 682 1565 720 venerabile,
1580 683 1615 712 in
1628 692 1692 722 quo
1707 682 1791 722 seip-

1011 745 1084 767 sum
1099 745 1156 776 pro
1167 735 1261 766 nobis
1275 735 1417 766 Christus
1426 736 1552 773 obtulit,
1565 738 1601 766 ut
1615 737 1789 766 sanctitica-

1011 793 1080 820 tum
1096 791 1181 820 tactu
1193 790 1334 829 corporis
1349 792 1379 819 et
1394 790 1574 829 sanguinis,
1585 790 1732 821 decenter
1744 791 1792 820 est

1011 844 1222 874 adorandum.
1241 854 1254 871 n
1273 843 1311 873 Et
1325 846 1395 883 post
1411 851 1440 875 ³:
1462 856 1475 873 «
1500 844 1531 875 Si
1547 846 1654 874 autem
1671 854 1711 875 ex
1728 844 1790 874 alia

1012 897 1146 928 materia
1159 897 1240 927 sacta
1255 900 1312 935 est,
1331 897 1400 928 ideo
1414 898 1581 929 materiam
1596 898 1787 929 adoramus?

1011 951 1113 989 Absit,
1131 951 1184 981 sed
1199 953 1326 990 typum.
1353 951 1442 982 Unde
1458 952 1514 982 etsi
1529 962 1647 982 aurum
1662 955 1693 983 et
1719 962 1788 992 pre-

1011 1004 1082 1034 tiosi
1098 1004 1216 1044 lapides
1230 1004 1360 1042 suerint,
1377 1008 1448 1045 post
1470 1006 1537 1046 typi
1549 1006 1788 1037 dissolutionem

1010 1066 1075 1087 non
1105 1060 1179 1088 sunt
1206 1058 1377 1089 adoranda.
1406 1072 1418 1087 u
1455 1059 1500 1090 Ex
1521 1070 1586 1100 quo
1615 1060 1787 1100 colligitur,

1010 1111 1095 1150 quod
1111 1111 1218 1151 aliqua
1242 1112 1302 1151 ipsi
1318 1113 1405 1143 cruci
1430 1113 1471 1143 sit
1492 1114 1671 1144 reverentia
1697 1114 1790 1144 exhi-

1011 1164 1124 1203 benda,
1151 1167 1282 1205 excepta
1302 1166 1486 1197 adoratione
1508 1167 1621 1198 latriae.
1639 1167 1676 1198 Et
1690 1168 1789 1208 hujus

1010 1219 1143 1258 siguum
1159 1222 1216 1257 est,
1233 1220 1309 1259 quia
1324 1219 1460 1251 Ecclesia
1475 1221 1703 1252 solemnizatiu
1716 1223 1791 1253 Cru-

1010 1273 1054 1303 cis
1075 1273 1265 1304 Inventione
1281 1275 1311 1303 et
1325 1273 1535 1313 Exaltatione,
1552 1276 1634 1306 sicut
1648 1276 1681 1306 in
1704 1276 1790 1306 festis

1011 1329 1211 1360 Sanctorum.
1228 1329 1265 1359 Et
1277 1329 1346 1360 ideo
1356 1333 1469 1361 neuter
1485 1331 1713 1371 praedictorum
1724 1341 1792 1363 mo-
1834 1347 1847 1359 u

1010 1384 1126 1415 dorum
1142 1384 1272 1414 videtur
1286 1386 1418 1415 omnino
1433 1386 1604 1417 sufficiens.
1622 1385 1792 1426 Propterea

1011 1437 1256 1476 intelligendum
1274 1439 1420 1478 estquod
1442 1439 1560 1479 duplici
1587 1440 1680 1470 modo
1700 1441 1793 1471 exhi-

1011 1492 1104 1522 betur
1114 1491 1209 1522 alicui
1220 1491 1322 1522 honor
1337 1503 1343 1522 :
1359 1492 1531 1532 aliquando
1551 1494 1584 1523 in
1600 1494 1791 1534 obsequium

1012 1545 1210 1581 reverentiae,
1228 1547 1259 1575 et
1274 1545 1332 1575 isle
1359 1548 1405 1576 est
1425 1546 1529 1576 honor
1550 1548 1765 1578 venerationis
1783 1560 1789 1585 ;

1011 1598 1182 1637 aliquando
1197 1598 1229 1628 in
1244 1598 1462 1629 testimonium
1478 1600 1606 1630 virtutiS
1617 1625 1624 1638 ,
1642 1602 1673 1631 et
1689 1602 1793 1632 famu-

1011 1652 1112 1682 latum
1128 1652 1376 1692 eomphrcentiae,
1394 1654 1426 1682 et
1442 1652 1499 1683 iste
1509 1655 1556 1683 est
1570 1654 1673 1685 honor
1686 1655 1795 1686 adora-

1013 1706 1115 1736 tionis.
1126 1706 1262 1745 Uterque
1273 1708 1380 1737 autem
1389 1706 1691 1739 honorumistorum
1704 1710 1794 1741 oss'cr-

1012 1762 1065 1789 tur
1087 1759 1145 1798 ipsi
1163 1759 1248 1789 cruci
1266 1768 1273 1790 :
1300 1769 1376 1790 nam
1401 1769 1528 1791 crucem
1553 1762 1745 1802 adoramus,
1762 1766 1794 1795 et

1013 1821 1142 1843 crucem
1156 1822 1351 1844 veneramur
1369 1824 1375 1845 ε
1393 1814 1446 1844 sed
1461 1814 1495 1845 in
1510 1814 1570 1845 hoc
1586 1818 1632 1846 est
1646 1816 1796 1848 differen-

1013 1867 1066 1905 tia,
1092 1867 1168 1907 quia
1185 1867 1288 1898 honor
1312 1868 1527 1899 venerationis
1543 1869 1714 1901 exhibetur
1736 1871 1796 1911 ipsi

1012 1921 1100 1951 eruci
1128 1923 1283 1961 tanquam
1307 1921 1522 1952 instrumento
1538 1926 1655 1955 nostrae
1673 1925 1794 1957 salutiS.

1017 1974 1104 2006 Unde
1126 1975 1208 2006 sicut
1232 1976 1424 2007 exhibemus
1449 1978 1665 2009 reverentiam
1695 1989 1796 2011 sacra-

1015 2029 1140 2068 mentis,
1172 2030 1249 2070 quia
1264 2032 1310 2060 est
1327 2030 1361 2060 in
1382 2030 1427 2061 eis
1441 2030 1550 2071 aliquo
1566 2032 1660 2063 modo
1676 2036 1795 2065 nostrae

1013 2083 1124 2114 salutis
1138 2084 1322 2122 causalitas;
1340 2084 1384 2114 sic
1404 2085 1489 2115 cruci
1519 2085 1634 2117 Christi
1652 2089 1682 2117 et
1696 2087 1796 2130 clavis

1013 2137 1040 2176 ej
1047 2146 1083 2167 us
1093 2137 1201 2177 aliqua
1209 2137 1390 2168 reverentia
1404 2140 1450 2168 est
1460 2138 1640 2170 exhibenda
1659 2151 1666 2171 z
1680 2144 1710 2171 et
1725 2151 1794 2172 res-

1014 2194 1106 2230 pectu
1122 2190 1212 2221 istius
1226 2191 1357 2222 honoris
1371 2191 1467 2222 habet
1480 2201 1561 2223 crux
1576 2193 1610 2224 in
1626 2203 1659 2225 se
1672 2194 1794 2235 aliquid

1013 2246 1143 2284 propter
1157 2244 1243 2284 quod
1257 2244 1353 2275 habet
1369 2245 1532 2276 honorari.
1552 2246 1661 2278 Honor
1684 2250 1794 2279 autem

1013 2298 1206 2329 adorationis
1222 2298 1357 2329 offertur
1371 2299 1432 2338 ipsi
1448 2300 1535 2330 cruci
1545 2300 1658 2332 Christi
1673 2303 1795 2333 ratione

1015 2352 1175 2384 Crucifixi.
1205 2352 1306 2384 Nemo
1334 2353 1420 2384 enim
1445 2354 1582 2386 intendit
1604 2356 1632 2386 ei
1657 2356 1792 2396 placere,

1014 2407 1065 2438 vel
1093 2407 1214 2447 aliquid
1235 2407 1407 2448 impetrare
1430 2409 1470 2439 ab
1486 2418 1539 2447 ea,
1555 2410 1610 2441 sed
1632 2411 1671 2449 ei,
1689 2411 1747 2450 qui
1761 2410 1795 2442 in

1015 2470 1051 2492 ea
1066 2461 1183 2492 affixus
1197 2461 1256 2492 fuit
1271 2472 1278 2492 z
1296 2464 1327 2492 et
1341 2461 1386 2492 sic
1402 2462 1535 2494 debetur
1550 2463 1579 2494 ei
1590 2464 1732 2495 adoratio
1744 2464 1796 2496 Ia-

1014 2515 1084 2546 triae
1103 2524 1110 2545 :
1127 2515 1171 2546 sic
1186 2515 1272 2546 enim
1289 2516 1377 2546 cruci
1397 2516 1517 2556 duplex
1531 2517 1635 2549 honor
1648 2518 1796 2559 debetur,

1014 2571 1045 2599 et
1056 2578 1142 2600 unus
1156 2569 1287 2609 quidem
1303 2571 1350 2601 est
1364 2569 1467 2609 latria,
1483 2570 1564 2601 alius
1571 2580 1648 2602 vero
1661 2581 1728 2603 non
1740 2573 1796 2604 de-

1014 2623 1068 2654 bet
1091 2623 1151 2654 dici
1179 2632 1238 2654 nec
1259 2623 1351 2654 latria
1372 2632 1430 2654 nec
1449 2624 1554 2662 dulia,
1570 2625 1647 2665 quia
1668 2635 1734 2658 non
1749 2629 1796 2659 est

1018 2676 1139 2716 species
1155 2676 1367 2715 adorationis;
1385 2676 1440 2708 sed
1455 2677 1562 2708 vocari
1576 2680 1678 2719 potest
1693 2680 1796 2712 honor
