2017 2960
718 154 813 188 DIST.
839 154 903 186 XV.
927 154 1007 186 ART
1029 156 1068 187 11.
1092 156 1241 194 QUAEST.
1266 159 1290 190 1.

202 226 263 256 nisi
277 225 475 265 intelligatur
488 223 610 264 aliquid
627 233 695 255 esse
713 233 734 255 a
755 222 894 254 naturali
917 222 978 253 ori-

203 279 295 319 gine,
314 279 356 309 ita
375 277 460 318 quod
476 277 658 317 praepositio
680 285 746 308 non
767 275 874 307 solum
897 274 979 306 dicat

202 330 494 369 concomitantiam,
510 330 565 361 sed
579 330 677 361 etiam
692 338 834 361 causam.
854 328 978 368 Hujus-

203 387 289 419 modi
309 389 418 418 autem
440 386 579 418 defectus
600 386 727 417 fuerant
749 385 784 416 in
804 384 928 416 Christo
944 383 978 415 in

201 440 358 481 principio
377 449 445 471 suae
459 439 594 479 originis
610 450 618 470 :
635 449 702 471 non
721 441 830 470 tamen
849 439 979 470 fuerunt

201 494 379 525 secundum
402 492 667 534 propagationem
692 493 872 523 naturalem
897 502 905 523 :
928 500 979 522 se-

200 547 345 578 cundum
368 547 455 578 enim
478 546 575 577 talem
599 546 879 586 propagationem,
902 545 980 576 tales

200 600 338 632 defectus
355 604 462 632 ortum
483 600 603 632 habent
625 609 643 631 a
666 601 781 630 natura
796 599 918 637 vitiata,
946 598 979 629 in

200 657 359 695 quantum
374 656 489 686 natura
504 654 558 685 illa
572 653 642 693 agit
654 653 795 693 quodam
810 652 905 683 modo
919 660 977 682 na-

200 709 362 747 turaliter,
385 711 415 740 et
429 709 569 749 quodam
584 708 680 739 modo
694 708 808 739 vitiose
827 718 836 738 z
850 707 912 738 hoc
926 715 980 737 au—

200 764 265 793 tem
292 773 358 794 non
391 763 488 794 habet
521 763 688 794 veritatem
711 762 744 792 in
771 760 980 802 generatione

200 815 325 856 Christi,
341 826 415 857 quae
429 817 490 849 fuit
504 819 621 858 praeter
635 816 751 849 vitium
766 818 800 847 et
813 824 912 856 supra
922 823 981 846 na·-

199 871 318 901 turam.

239 926 269 955 4.
282 924 331 955 Ad
346 924 426 955 illud
441 924 526 964 quod
553 924 714 964 objicitur,
733 923 820 963 quod
837 923 982 954 Christus

199 978 234 1008 in
248 977 450 1017 passibilitate
470 977 666 1008 assimilatur
680 977 787 1013 matri,
809 976 981 1007 dicendum

199 1031 295 1071 quod,
310 1031 367 1062 etsi
380 1031 488 1071 aliquo
501 1031 596 1061 modo
607 1030 801 1061 assimiletur
815 1030 920 1066 matri,
933 1029 981 1060 ni-

199 1084 373 1115 hilominus
388 1087 497 1115 tamen
518 1085 551 1114 in
570 1084 665 1115 modo
683 1087 712 1114 et
734 1093 830 1114 causa
858 1083 980 1123 reperi—

199 1139 253 1169 tur
276 1138 465 1170 differentia.
496 1138 578 1169 Nam
604 1138 704 1177 Virgo
739 1137 978 1177 passibilitatem

198 1190 294 1222 habet
304 1201 360 1231 pro
376 1194 468 1223 reatu
483 1192 603 1231 peccati
619 1191 786 1231 originalis
813 1200 853 1221 ex
868 1200 980 1221 neees-

198 1244 289 1276 sitate
303 1247 481 1283 contracto;
499 1246 641 1277 Christus
651 1255 729 1277 vero
741 1245 980 1286 passibilitatem

197 1298 309 1329 habuit
323 1299 444 1339 absque
457 1299 565 1339 aliquo
584 1302 675 1330 reatu
703 1299 737 1329 in
757 1299 826 1339 ipso
840 1302 978 1339 reperto,

198 1352 253 1382 sed
265 1361 306 1383 ex
320 1353 387 1383 sola
401 1353 636 1393 dispensatione
650 1353 770 1384 divina.
780 1352 818 1383 Et
832 1353 902 1384 ideo
913 1361 979 1383 non

201 1404 353 1435 dicuntur
369 1406 502 1436 omnino
516 1406 614 1436 fuisse
628 1406 662 1436 in
677 1405 801 1436 Christo
815 1415 834 1436 a
847 1408 977 1445 natura,

199 1467 258 1488 nec
271 1460 380 1489 tamen
394 1459 526 1490 omnino
536 1459 668 1490 fuerunt
677 1460 793 1499 praeter
806 1461 956 1490 naturam
969 1468 977 1490 :

196 1511 237 1542 de
250 1514 367 1543 natura
381 1513 467 1543 enim
482 1512 593 1544 matris
607 1514 675 1544 erat
690 1513 787 1544 talem
801 1513 906 1543 filium
920 1521 978 1552 ge-

199 1573 324 1596 nerare.

239 1620 268 1650 5.
285 1619 334 1649 Ad
348 1619 427 1650 illud
438 1620 524 1659 quod
539 1620 700 1660 objicitur,
716 1619 800 1660 quod
818 1620 898 1650 illud
911 1629 977 1650 eor-

199 1681 259 1711 pus
274 1672 362 1712 prius
376 1672 436 1703 fuit
460 1673 634 1704 formatum
650 1682 749 1713 quam
765 1674 912 1711 (unitum,
927 1673 976 1703 di-

199 1725 336 1756 cendum
353 1725 440 1765 quod
452 1727 510 1756 etsi
524 1726 614 1766 prius
624 1727 718 1757 fuerit
730 1727 907 1758 seeundum
920 1736 976 1758 na-

197 1780 315 1816 turam,
332 1779 383 1809 vel
398 1779 575 1810 seeundum
598 1780 743 1811 ordinem
764 1780 974 1819 intelligendi,

196 1834 340 1872 tempore
354 1834 464 1863 tamen
484 1833 581 1864 simul
594 1833 655 1864 fuit
667 1833 815 1865 formatio
827 1835 859 1865 et
873 1834 950 1865 unio
967 1845 973 1865 :

197 1887 373 1926 utrumque
388 1889 496 1917 autem
512 1887 691 1918 secundum
705 1888 930 1919 formationem
946 1891 976 1919 et

197 1939 352 1970 unionem
376 1940 537 1980 praecessit
549 1941 698 1972 voluntas
711 1941 807 1972 Verbi
822 1942 883 1972 tale
905 1951 976 1972 cor-

196 2001 258 2033 pus
272 1993 440 2024 formantis
448 1995 479 2025 et
488 1995 680 2025 assumentis
691 2005 698 2032 3
710 1997 741 2025 et
751 1995 899 2025 voluntas
909 1995 976 2025 ani-

198 2055 260 2077 mae
275 2049 450 2087 utrumque
464 2048 613 2079 comitata
630 2051 676 2079 est
694 2059 700 2079 :
717 2050 749 2079 et
762 2048 832 2079 ideo
861 2058 900 2079 ex
915 2049 976 2080 hoc

197 2109 263 2131 non
278 2103 380 2140 potest
394 2101 549 2140 concludi,
566 2102 652 2142 quod
667 2102 806 2133 defectus
821 2102 977 2142 passibili-

197 2153 270 2184 tatis
285 2153 319 2184 in
333 2163 428 2185 earne
442 2155 640 2194 praecesserit
654 2158 774 2193 aetum,
790 2156 858 2187 sive
871 2156 976 2196 impe-

196 2207 283 2238 rium
296 2208 481 2239 voluntatis.
499 2207 646 2248 Operatio
674 2210 762 2240 enim
783 2210 884 2250 ipsius
903 2210 976 2250 Spi-

197 2263 279 2294 ritus
291 2264 391 2295 sancti
405 2264 440 2294 in
454 2263 598 2304 Virgine,
613 2274 687 2306 quae
701 2266 833 2306 quidem
847 2266 907 2297 fuit
923 2275 975 2297 se-

197 2316 340 2347 cundum
353 2317 553 2348 voluntatem
568 2317 675 2356 Verbi,
690 2319 764 2350 fecit
786 2319 890 2359 ipsam
906 2328 975 2350 car-

198 2368 249 2399 nis
262 2370 510 2410 conceptionem,
527 2374 558 2402 et
585 2372 813 2411 purgationem
829 2373 870 2404 ab
885 2374 975 2404 omni

199 2420 335 2453 foeditate
348 2423 529 2455 immunem
552 2425 642 2465 prius
662 2426 860 2465 naturaliter,
877 2436 976 2467 quam

199 2474 347 2507 uniretur
357 2478 474 2509 animae
488 2489 496 2510 :
511 2481 624 2511 etcum
636 2480 692 2511 tali
705 2481 898 2520 purgatione
910 2491 976 2513 non

234 2580 243 2596 ¹
258 2579 300 2609 Cf.
315 2580 387 2605 Alex.
399 2581 517 2613 Alensis„
537 2591 563 2615 p.
581 2584 627 2616 ΙΙΙ,
644 2592 670 2616 q.
684 2591 715 2616 v,
730 2585 826 2610 memb.
837 2587 867 2617 2,
881 2589 928 2612 art.
946 2589 958 2611 1
968 2607 976 2618 ‚

200 2622 228 2646 p.
242 2617 262 2645 ¹;
277 2616 303 2640 S.
316 2616 437 2648 Thomas,
449 2624 476 2648 p.
486 2619 529 2650 111,
543 2626 568 2651 q.
584 2626 628 2650 xv,
639 2622 687 2645 art.
697 2622 721 2651 ὃς
734 2623 759 2645 et
775 2622 806 2645 111
822 2622 903 2653 Sent„
915 2623 974 2647 dist.

201 2652 297 2682 xv,art.
307 2653 329 2682 ¹,
338 2659 363 2683 q.
372 2658 407 2682 ¹¹5
416 2652 566 2685 Richardus,
575 2655 607 2679 ΙΙΙ
618 2656 698 2687 Seni„
707 2656 764 2681 dist.
773 2659 871 2688 xv,art.
879 2659 904 2688 2,
912 2665 938 2689 q.
951 2664 973 2689 15

1751 171 1809 200 339

1033 223 1124 255 debet
1144 227 1227 256 stare
1239 227 1404 266 poenalitas
1418 231 1707 272 secundumlegem
1722 245 1810 266 com-

1034 286 1177 317 munem,
1193 280 1369 312 seeundum
1385 291 1482 321 quam
1505 283 1662 316 immunis
1684 297 1702 317 a
1718 290 1810 329 eulpa

1033 330 1124 361 debet
1135 341 1202 363 esse
1216 333 1372 365 immunis
1386 344 1404 365 a
1419 345 1523 375 poena.
1542 336 1630 369 Unde
1645 341 1730 379 quod
1744 342 1810 381 ipse

1032 383 1207 423 subJungIt,
1237 388 1324 426 quod
1348 389 1498 428 purgatio
1526 391 1622 422 simul
1653 395 1714 423 stat
1735 404 1809 425 cum

1034 437 1249 476 passibilitate,
1266 440 1437 473 dicendum
1448 444 1533 483 quod
1548 445 1605 475 etsi
1616 446 1722 487 aliqua
1731 457 1810 487 pur-

1034 491 1121 529 gatio
1131 492 1228 523 simul
1243 495 1340 533 possit
1355 498 1437 527 stare
1447 506 1521 528 eum
1537 500 1752 540 passibilitate,
1769 502 1812 531 51-

1035 545 1088 574 cut
1102 546 1254 584 purgatio
1270 557 1342 587 quae
1356 552 1402 580 est
1417 560 1435 581 a
1449 552 1584 590 peccatis
1594 554 1683 592 prius
1696 564 1810 595 perpe-

1034 597 1123 627 tratis
1135 609 1143 635 3
1155 598 1208 629 illa
1223 602 1330 632 tamen
1344 604 1476 642 puritas,
1492 614 1566 644 quae
1580 607 1639 637 fuit
1655 608 1690 638 in
1705 608 1812 640 Chris-

1035 651 1078 687 to,
1093 654 1174 682 stare
1187 662 1253 684 non
1269 655 1420 694 potuisset
1435 666 1509 688 cum
1530 660 1723 699 pcenalitate,
1752 663 1813 693 nisi

1036 702 1260 738 intervenisset
1278 707 1333 739 Dei
1359 709 1564 750 dispensatio,
1580 714 1611 743 et
1639 714 1814 746 voluntatis

1035 757 1149 789 Christi
1172 761 1323 801 acceptio.
1346 762 1384 794 Et
1407 764 1452 795 sie
1479 767 1564 805 patet
1584 768 1746 807 responsio
1775 770 1812 800 ad

1035 812 1178 851 quaesita.

1278 893 1407 927 ARTIC
1413 894 1521 929 ULUS
1546 896 1586 930 [I.

1076 975 1312 1017 Consequenter
1338 980 1494 1019 quaeritur
1522 982 1560 1012 de
1591 983 1765 1015 defectibus
1797 994 1815 1015 a

1036 1027 1159 1060 Christo
1179 1033 1352 1072 assumptis
1369 1034 1402 1064 in
1428 1035 1576 1074 special&
1604 1038 1635 1067 et
1651 1037 1734 1068 cirea
1756 1037 1816 1068 hoc

1036 1082 1095 1113 tria
1111 1088 1303 1122 quaeruntur
1319 1096 1326 1116 :
1343 1088 1447 1126 primo
1462 1090 1620 1128 quaeritur
1631 1093 1742 1122 utrum
1754 1091 1815 1123 ha-

1037 1135 1144 1167 buerit
1172 1138 1387 1177 ignorantiam
1416 1141 1451 1171 iu
1477 1143 1645 1182 rationali3
1662 1145 1813 1185 seeundo,

1035 1191 1147 1220 utrum
1161 1190 1308 1222 habuerit
1323 1193 1485 1225 tristitiam
1501 1195 1535 1226 in
1556 1198 1813 1237 concupiscibili;

1035 1243 1139 1282 tertio,
1156 1247 1267 1276 utrum
1277 1246 1426 1279 habuerit
1441 1248 1522 1280 iram
1533 1250 1568 1281 in
1583 1252 1723 1290 potentia
1738 1253 1814 1284 iras·

1035 1296 1131 1327 cibili.

1305 1371 1486 1410 QUAESTIO
1507 1375 1532 1408 Ι.

1047 1437 1092 1463 An
1108 1436 1227 1465 Christus
1241 1438 1368 1466 habuerit
1383 1441 1568 1474 &morantium
1585 1444 1615 1469 ιἰι
1628 1444 1765 1471 rationali
1780 1446 1800 1471 ¹.

1076 1511 1189 1543 Utrum
1205 1513 1347 1546 Christus
1369 1515 1517 1547 habuerit
1536 1517 1754 1557 ignorantiam
1779 1520 1812 1552 in
1830 1532 1861 1551 ,ἐπὶ

1034 1565 1182 1596 rationali
1197 1577 1205 1606 3
1223 1569 1254 1599 et
1267 1568 1352 1608 quod
1365 1569 1420 1608 sic,
1437 1570 1564 1602 videtur
1576 1572 1680 1611 primo
1702 1576 1814 1605 aueto-

1033 1623 1125 1655 ritate
1138 1625 1341 1658 Damasceni¹
1354 1638 1366 1658 ⁴.
1386 1639 1401 1657 «
1417 1628 1546 1668 Oportet
1559 1630 1639 1661 scire
1649 1632 1734 1671 quod
1746 1641 1811 1663 501·-

1033 1678 1130 1708 vilem
1139 1681 1169 1709 et
1183 1679 1387 1718 ignorantem
1402 1684 1552 1713 naturam
1571 1686 1743 1724 assumpsit
1760 1697 1767 1716 :
1793 1698 1807 1715 n

1032 1731 1176 1771 loquitur
1197 1733 1235 1764 de
1253 1733 1356 1765 Verbo
1381 1735 1545 1767 incarnato
1563 1748 1570 1768 :
1587 1747 1665 1777 ergo
1696 1742 1811 1771 natura

1032 1790 1196 1827 assumpta
1223 1788 1257 1818 in
1280 1788 1402 1820 Christo
1418 1790 1479 1821 fuit
1504 1791 1677 1830 ignorans:
1700 1793 1811 1826 habuit

1032 1849 1111 1880 ergo
1126 1842 1283 1873 defectum
1297 1843 1502 1882 ignorantiae.

1072 1897 1101 1926 2.
1131 1894 1222 1933 Item,
1256 1896 1457 1934 Ambrosius,
1484 1898 1518 1928 in
1540 1898 1645 1938 primo
1669 1900 1749 1932 libro
1772 1901 1811 1934 de

1031 1948 1158 1988 Spiritu
1171 1953 1281 1983 sancto
1299 1961 1305 1982 :
1329 1962 1344 1980 ε(
1358 1950 1418 1982 Per
1432 1951 1609 1982 humanam
1620 1952 1808 1993 impruden-

1030 2002 1127 2041 tiam,
1144 2005 1230 2044 quod
1257 2005 1363 2036 adhuc
1381 2014 1446 2036 non
1469 2005 1600 2043 didicit,
1628 2006 1765 2046 ignorat.
1791 2019 1805 2038 ι

1032 2053 1118 2094 Ergo
1133 2055 1247 2087 habuit
1261 2057 1490 2096 ignorantiam.

1072 2110 1102 2139 3.
1119 2109 1210 2148 Item,
1222 2109 1284 2141 Leo
1298 2110 1382 2151 Papa
1396 2112 1430 2142 in
1444 2111 1584 2144 Homilia
1611 2114 1650 2146 cle
1665 2114 1809 2154 Epipha-

1031 2162 1115 2194 nia:
1137 2163 1390 2196 «Adoraverunt
1418 2166 1572 2198 infantem
1598 2168 1632 2198 in
1655 2168 1744 2199 nullo
1769 2169 1808 2198 ab

1032 2217 1171 2248 aliorum
1185 2219 1393 2258 generalitate
1407 2221 1590 2253 discretum.
1605 2233 1620 2251 »
1635 2222 1695 2253 Sed
1710 2232 1808 2262 gene-

1031 2271 1138 2302 raliter
1165 2272 1218 2303 alii
1235 2272 1371 2304 infantes
1391 2276 1468 2305 sunt
1489 2275 1673 2314 ignorantes
1697 2287 1703 2306 :
1729 2285 1808 2315 ergo

1032 2327 1064 2356 et
1086 2325 1228 2358 Christus
1252 2327 1285 2358 111
1303 2337 1362 2359 sua
1376 2328 1510 2360 infantia
1522 2329 1636 2361 habuit
1653 2330 1806 2369 ignoran—

1032 2381 1123 2413 tiam.

1072 2437 1103 2466 4.
1119 2435 1198 2467 Item
1218 2439 1246 2467 ¹:
1273 2436 1420 2470 sciencia
1444 2438 1545 2478 infiat
1563 2439 1643 2470 :sed
1668 2438 1812 2471 Christus

1032 2498 1159 2520 summe
1184 2499 1218 2521 se
1241 2489 1442 2530 humiliavit,
1460 2494 1490 2522 et
1512 2491 1651 2523 defectus
1665 2492 1736 2522 illos
1760 2502 1809 2523 as-

1031 2587 1122 2611 Thom.
1133 2589 1249 2619 Argent.‚
1266 2589 1298 2612 111
1314 2588 1394 2617 Sene„
1411 2589 1470 2613 dist.
1485 2595 1525 2619 xv,
1541 2596 1565 2620 q.
1583 2595 1606 2620 1,
1617 2592 1664 2614 art.
1681 2591 1708 2621 23
1721 2591 1811 2621 steph.

1032 2623 1137 2654 Brulel'.‚
1154 2624 1184 2647 111
1195 2623 1341 2655 Sent.,dist.
1354 2630 1395 2654 xv,
1411 2632 1436 2656 q.
1452 2631 1486 2648 lv.
1501 2625 1549 2642 —2
1564 2625 1692 2655 Damaso,
1705 2626 1735 2650 de?
1748 2626 1810 2650 Fid:

1031 2658 1138 2689 orthod„
1150 2659 1194 2683 lib.
1211 2660 1254 2689 itt,
1264 2666 1287 2684 c.
1298 2666 1352 2684 xxi.
1362 2672 1393 2677 —-
1406 2660 1417 2676 ⁸
1433 2660 1440 2683 1
1457 2660 1525 2687 Cor..
1535 2666 1594 2689 vm,
1613 2663 1632 2690 1,
