2017 2960
62 2194 164 2215 Fundam.

686 172 782 204 DIST.
806 172 884 203 XIV.
908 170 998 203 ART.
1023 171 1046 202 1.
1071 171 1220 209 QUAEST.
1245 175 1270 206 Ι.

176 241 334 279 Verbum;
352 243 382 272 et
404 241 488 281 quod
513 242 723 280 cognoscatur
746 239 888 272 Verbum
912 240 951 270 ab

176 294 229 325 illa
249 295 355 325 anima
378 294 446 324 sine
469 294 530 325 alia
549 294 703 334 sapientia
724 293 838 331 media,
862 293 951 323 vide·

175 348 228 377 tur
237 346 352 386 primo,
364 346 440 386 quia
457 347 594 378 Verbum
610 347 786 377 increatum
801 355 867 376 non
882 347 953 376 tan-

176 402 244 431 tum
255 402 300 431 est
313 400 466 440 sapientia
478 425 485 437 ,
497 401 550 431 sed
572 401 666 431 etiam
678 401 751 439 fons
764 400 951 439 sapientiae,

175 453 254 484 sicut
270 453 387 484 dicitur
407 454 414 470 ¹
433 464 439 483 τ
467 454 521 484 500
544 453 700 494 sapientia
723 453 813 483 unita
836 453 953 483 animae

174 515 240 537 non
254 506 457 545 cognoscitur
475 507 634 537 mediante
646 507 718 544 alia,
733 506 808 546 quia
820 506 863 535 510
874 507 953 536 esset

174 559 260 589 abire
273 559 306 589 in
320 559 482 590 infinitum
496 571 502 590 ε
516 569 590 590 cum
607 569 686 598 ergo
698 559 851 597 Verbum,
867 559 952 598 quod

174 614 220 643 est
236 612 406 652 sapientia,
428 613 468 643 sit
483 613 599 643 animae
615 613 729 644 Christi
743 613 888 650 unitum,
906 613 954 643 vi-

175 665 267 696 detur
281 665 366 705 quod
381 665 482 705 seipso
496 667 682 704 cognoscat,
700 667 730 696 et
744 675 808 696 non
824 675 880 705 per
895 665 951 696 ali-

175 728 271 758 quem
286 719 432 749 habitum
447 719 601 749 medium.

215 775 244 802 2.
263 772 341 802 Item
357 772 395 803 ad
411 772 628 811 cognitionem
646 773 771 803 naturae
784 772 865 802 nihil
883 772 953 811 plus

174 827 351 867 requiritur
365 827 424 857 nisi
440 835 649 865 cognoscens,
667 828 697 856 et
719 826 932 865 cognoscibile
944 850 951 862 ,

175 883 206 911 et
220 880 298 911 unio
312 880 410 911 unius
431 880 471 911 ad
492 880 628 910 alterum
653 891 659 910 :
677 880 729 910 sed
746 879 885 910 Verbum
904 879 954 909 in-

175 935 317 965 creatum
338 934 449 963 unitur
470 933 530 972 ipsi
551 933 668 963 animae
686 933 798 963 Christi
821 934 953 963 omnino

176 987 356 1018 immediate
373 997 380 1017 ε
397 995 475 1025 ergo
489 986 616 1017 videtur
632 986 728 1025 quod,
753 986 833 1016 sicut
850 986 953 1025 seipso

176 1041 300 1078 unitur,
322 1040 364 1070 ita
387 1040 489 1079 seipso
514 1039 633 1079 absque
656 1039 759 1070 medio
784 1040 823 1069 ab
847 1040 954 1069 anima

177 1093 289 1124 Christi
303 1094 525 1132 cognoscatur.

218 1150 244 1177 3.
262 1147 339 1177 Item
356 1156 446 1185 seque
460 1146 624 1182 intimum,
637 1146 687 1175 vel
704 1146 807 1184 magis
822 1148 868 1175 est
882 1145 955 1176 Ver-

177 1201 256 1231 bum
272 1200 398 1231 unitum
414 1200 473 1239 ipsi
492 1199 626 1237 animae,
651 1200 732 1229 sicut
754 1200 862 1229 anima
882 1200 953 1236 sibi,

177 1254 228 1286 vel
243 1254 324 1284 sicut
347 1253 461 1293 aliquis
480 1252 608 1283 habitus
627 1253 684 1292 qui
704 1253 743 1282 sit
764 1253 796 1282 in
820 1253 928 1283 anima
947 1264 952 1283 :

178 1308 231 1339 sed
248 1307 355 1338 anima
370 1306 483 1337 Christi
498 1306 660 1345 cognoscit
676 1306 813 1346 seipsam
831 1315 887 1346 per
906 1305 955 1336 sui

179 1362 364 1398 essentiam;
394 1360 557 1400 cognoscit
592 1360 688 1391 etiam
721 1360 847 1391 habitus
860 1384 867 1397 ,
899 1360 956 1400 qui

179 1415 298 1446 suntin
312 1415 390 1454 ipsa,
407 1414 527 1453 seipsis,
546 1424 610 1444 nou
625 1424 682 1454 per
697 1415 838 1445 medium
856 1426 862 1445 :
878 1424 956 1454 ergo

179 1467 247 1507 pari
259 1467 380 1497 ratione
395 1468 425 1496 et
437 1465 579 1496 Verbum
598 1465 657 1495 sibi
672 1466 813 1497 unitum.

218 1524 247 1552 4.
266 1520 344 1551 ltem
364 1521 480 1550 natura
498 1519 641 1549 humana
664 1519 697 1549 in
720 1519 842 1550 Christo
866 1520 957 1550 unita

179 1577 225 1607 est
238 1574 342 1606 Verbo
362 1574 396 1604 in
415 1574 570 1604 unitatem
593 1582 737 1614 personae
751 1576 782 1604 et
802 1574 957 1613 hyposta-

179 1629 221 1660 sis
239 1640 245 1659 :
263 1637 341 1668 ergo
356 1637 429 1658 cum
444 1627 514 1658 talis
528 1627 604 1657 unio
623 1628 715 1658 faciat
737 1627 957 1657 communica-

178 1683 298 1713 tionem
318 1682 519 1718 idiomatum,
543 1680 653 1710 codem
676 1681 770 1711 modo
794 1679 957 1719 cognoscit

180 1735 322 1766 Christus
341 1735 438 1764 homo
463 1734 569 1773 ipsum
593 1733 733 1764 Verbum
758 1733 954 1771 increatum,

179 1798 242 1829 quo
265 1788 407 1819 Verbum
428 1786 590 1826 cognoscit
615 1787 754 1826 seipsum
778 1787 855 1817 :sed
883 1787 957 1818 Ver-

180 1843 259 1873 bum
284 1841 446 1880 cognoscit
473 1840 612 1880 seipsum
637 1849 701 1871 non
732 1850 788 1880 per
816 1841 956 1881 aliquem

179 1896 326 1927 habitum
341 1894 484 1925 medium
503 1905 509 1924 :
528 1903 606 1933 ergo
625 1896 655 1924 et
676 1894 817 1925 Christus
834 1895 930 1925 homo
948 1907 954 1925 :

181 1950 235 1980 sed
249 1949 329 1979 nihil
344 1948 399 1978 scit
414 1947 567 1985 Christus,
584 1947 646 1977 nisi
663 1950 821 1987 quantum
835 1948 874 1978 ad
888 1948 958 1978 ani-

181 2012 282 2041 mam,
299 2001 476 2032 secundum
497 2001 675 2031 humanam
691 2003 836 2031 naturam
854 2011 861 2031 :
879 2011 957 2040 ergo

181 2056 288 2087 anima
311 2054 423 2086 Christi
443 2054 606 2093 cognoscit
624 2054 730 2094 ipsum
746 2054 886 2085 Verbum
902 2064 958 2095 per

180 2109 377 2150 sapientiam,
395 2117 467 2148 quae
483 2109 529 2138 est
542 2107 694 2139 Verbum.

222 2162 282 2193 Sed
301 2164 411 2193 contra
434 2173 440 2192 ε
464 2161 635 2201 Sapientia,
652 2162 719 2192 sive
741 2162 892 2201 cognitio,
911 2164 958 2193 est

181 2216 330 2257 perfectio
344 2215 532 2253 intellectus,
551 2216 582 2245 et
602 2215 680 2246 illud
696 2225 760 2255 quo
780 2216 957 2247 intellectus

181 2271 346 2310 cognoscit
366 2269 540 2300 formaliter
566 2279 572 2299 ε
595 2269 649 2299 500
673 2269 814 2300 Verbum
840 2270 958 2300 increa-

183 2326 251 2356 tum
265 2333 330 2355 non
345 2325 446 2364 potest
460 2323 547 2353 uniri
562 2322 693 2360 animae,
711 2323 791 2354 sicut
809 2324 957 2363 perfectio

183 2378 366 2417 perfectibili
386 2389 392 2407 :
418 2386 495 2416 ergo
518 2385 643 2407 necesse
671 2378 717 2407 est
739 2377 823 2417 quod
841 2379 958 2417 praeter

184 2431 383 2470 sapientiam,
404 2440 477 2471 quae
492 2433 538 2461 est
552 2431 658 2470 ipsum
674 2430 833 2469 Verbum,
850 2431 957 2462 anima

184 2483 296 2513 Christi
326 2484 439 2514 babeat
465 2485 610 2515 habitum
637 2487 777 2515 creatum
791 2509 799 2522 ,
827 2485 893 2516 sive
918 2486 956 2516 ad

184 2537 437 2572 &ignoscendum
453 2538 606 2576 Verbum,
623 2538 689 2569 sive
704 2538 801 2569 aliud.

224 2590 302 2620 item
330 2590 407 2621 Deus
431 2594 473 2621 cst
495 2592 627 2622 intimus
652 2592 740 2622 omui
765 2593 900 2627 animae,
927 2595 957 2623 et

216 2653 224 2669 ¹
238 2652 326 2679 Ecca..
342 2659 360 2682 ι,
373 2654 396 2677 5.

1729 177 1786 205 297

1009 241 1286 280 praesentissimus,
1303 252 1367 274 non
1386 244 1492 273 tamen
1515 242 1555 272 ab
1576 241 1727 272 omnibus
1741 242 1786 273 vi-

1008 293 1111 332 detur,
1132 296 1185 326 sed
1207 297 1312 327 solum
1334 306 1352 327 a
1376 296 1476 327 beatis
1493 306 1498 326 :
1517 296 1577 326 hoc
1592 296 1699 326 autem
1723 304 1788 325 non

1009 349 1055 377 est
1075 351 1203 388 proptor
1228 350 1442 381 diversitatem
1472 359 1490 380 a
1517 350 1605 389 parte
1632 348 1754 387 cogniti
1779 357 1786 378 τ

1009 409 1087 439 ergo
1110 404 1239 442 propter
1264 404 1477 434 diversitatem
1503 412 1522 432 a
1545 403 1633 442 parte
1657 410 1789 440 cognos-

1009 454 1107 484 centis
1124 465 1130 484 τ
1148 464 1226 494 ergo
1248 456 1274 486 si
1295 456 1356 486 hoc
1379 458 1425 487 est
1450 464 1506 496 per
1527 454 1646 494 aliquid
1670 454 1715 484 eis
1736 454 1789 484 da-

1009 509 1090 545 tum,
1106 508 1234 539 videtur
1253 510 1338 548 quod
1353 510 1392 540 ad
1408 509 1468 539 hoc
1483 509 1567 549 quod
1587 508 1696 538 anima
1710 517 1786 547 cog-

1009 562 1118 591 noscat
1149 560 1270 598 Deum,
1307 571 1434 592 necesse
1460 562 1500 592 sit
1523 561 1650 601 aliquod
1677 561 1788 592 lumen

1009 615 1150 644 creatum
1165 614 1193 644 ei
1209 614 1354 651 infundi,
1372 615 1456 654 (1000
1473 615 1512 644 511
1528 615 1561 644 10
1583 624 1658 652 una,
1680 616 1711 644 et
1724 623 1789 644 000

1010 667 1043 697 10
1069 667 1131 697 alia
1159 678 1165 697 t
1190 677 1267 706 ergo
1293 667 1420 698 videtur
1442 668 1527 706 quod
1546 668 1653 697 anima
1676 667 1789 697 Christi

1008 719 1149 750 Verbum
1164 720 1223 751 sibi
1240 721 1367 751 unitum
1388 722 1557 759 cognoscat
1577 729 1633 760 per
1654 720 1789 759 alicujus

1009 775 1104 805 creati
1118 774 1249 805 luminis
1268 775 1511 805 adminiculum.

1050 828 1140 867 item,
1158 829 1307 868 quamvis
1315 828 1457 859 Verbum
1473 828 1651 858 increatum
1667 827 1706 857 sit
1719 827 1788 857 uni-

1009 884 1078 912 tum
1094 883 1185 912 oculo
1201 882 1325 920 Christi,
1347 884 1378 912 et
1392 881 1542 912 omnibus
1557 881 1700 921 partibus
1718 889 1789 911 cor-

1010 936 1095 975 poris
1117 935 1250 971 Christi,
1278 944 1342 965 non
1370 936 1477 965 tamen
1509 934 1714 973 cognoscitur
1748 933 1788 963 ab

1010 989 1122 1027 oculo;
1139 991 1169 1019 et
1182 989 1253 1026 hoc,
1272 989 1348 1028 quia
1370 997 1435 1018 non
1452 989 1498 1018 est
1516 988 1548 1018 in
1574 997 1611 1018 eo
1627 987 1788 1026 dispositio

1010 1042 1048 1072 ad
1074 1042 1327 1081 cognoscendam
1356 1050 1424 1072 rem
1455 1041 1650 1081 spiritualem
1679 1051 1685 1070 :
1711 1049 1789 1079 ergo

1010 1095 1080 1135 pari
1101 1095 1234 1133 ratione,
1260 1096 1557 1134 quantumcumque
1578 1094 1721 1125 Verbum
1744 1094 1790 1124 in-

1010 1150 1152 1178 creatum
1177 1148 1306 1178 uniatur
1328 1148 1444 1178 animae
1461 1147 1591 1185 Christi,
1609 1147 1669 1177 nisi
1684 1147 1791 1177 anima

1010 1201 1051 1231 sit
1066 1201 1216 1240 disposita
1238 1201 1277 1231 ad
1292 1201 1466 1231 videndum
1484 1201 1583 1231 Deum
1609 1209 1665 1240 per
1680 1200 1791 1230 lumen

1011 1255 1096 1294 quod
1111 1255 1212 1294 ipsam
1227 1255 1320 1285 faciat
1336 1254 1522 1285 deiformem
1534 1278 1541 1291 ,
1558 1263 1726 1293 nunquam
1742 1254 1789 1294 ip-

1011 1318 1084 1339 sum
1100 1308 1278 1339 intuebitur
1293 1319 1299 1339 :
1315 1317 1392 1347 ergo
1404 1308 1532 1339 videtur
1547 1308 1631 1348 quod
1649 1307 1791 1338 Verbum

1012 1362 1190 1393 increatum
1210 1365 1382 1401 cognoscat
1398 1372 1454 1402 per
1471 1362 1619 1393 habitum
1634 1362 1790 1392 medium.

1053 1415 1146 1453 Item,
1165 1417 1285 1454 quanto
1306 1415 1386 1446 Deus
1401 1416 1518 1446 clarius
1539 1416 1685 1453 videtur,
1703 1417 1792 1445 tanto

1012 1477 1137 1499 necesse
1154 1471 1200 1499 est
1222 1469 1353 1500 oculum
1373 1479 1440 1500 esse
1462 1469 1568 1508 magis
1590 1468 1789 1508 dispositum.

1013 1522 1073 1552 Sed
1097 1523 1203 1553 anima
1230 1523 1343 1554 Christi
1365 1523 1538 1553 clarissime
1561 1532 1656 1563 super
1681 1531 1793 1553 omnes

1012 1577 1173 1606 creaturas
1188 1576 1273 1607 videt
1293 1576 1433 1607 Verbum
1456 1577 1516 1606 sibi
1541 1577 1669 1606 unitum
1690 1586 1695 1605 :
1714 1584 1792 1614 ergo

1012 1636 1138 1657 necesse
1168 1630 1214 1658 est
1236 1628 1431 1659 intellectum
1465 1629 1535 1667 ejus
1556 1637 1622 1658 esse
1647 1627 1792 1657 maxime

1012 1680 1199 1720 dispositum
1223 1682 1263 1711 ad
1284 1682 1367 1712 hoc:
1386 1682 1440 1711 sed
1462 1691 1528 1712 000
1552 1683 1652 1721 potest
1674 1681 1713 1711 ad
1732 1680 1793 1711 hoc

1012 1733 1136 1773 disponi
1152 1734 1213 1764 nisi
1229 1743 1285 1774 per
1300 1735 1439 1774 aliquem
1456 1735 1601 1765 habitum
1622 1733 1763 1764 medium
1783 1745 1790 1763 ε

1013 1795 1102 1826 ergo,
1119 1788 1178 1817 etc.

1287 1873 1515 1905 CONCLUSIO.

1014 1940 1137 1973 Cognitio
1153 1947 1206 1973 qua
1220 1940 1320 1967 Christi
1334 1941 1428 1966 anima
1443 1940 1574 1973 coynoscit
1594 1938 1719 1971 Verbum,
1740 1946 1794 1965 non

1050 1986 1087 2011 est
1106 1985 1260 2017 formaliter
1274 1986 1361 2019 ipsam
1380 1984 1511 2017 Verbum,
1526 1983 1572 2011 sed
1587 1986 1623 2010 esc
1639 1983 1706 2018 quid
1720 1991 1793 2010 crea-

1051 2031 1123 2063 tum,
1142 2031 1166 2055 ec
1181 2031 1286 2063 qratia.

1055 2109 1145 2149 Resp.
1163 2109 1201 2139 ad
1216 2118 1286 2149 arg.
1304 2109 1352 2139 Ad
1366 2108 1592 2148 praedictorum
1608 2108 1792 2147 intelligen-

1014 2164 1093 2194 tiam
1118 2166 1163 2194 est
1189 2163 1385 2201 notandum,
1411 2163 1496 2202 quod
1531 2172 1605 2193 cum
1638 2163 1795 2203 quaeritur

1014 2219 1125 2248 utrum
1139 2217 1295 2256 cognitio,
1313 2226 1377 2256 qua
1398 2216 1506 2246 anima
1522 2216 1637 2246 Christi
1655 2225 1791 2255 cognos-

1014 2272 1057 2302 cit
1068 2271 1209 2302 Verbum
1224 2271 1283 2301 sibi
1297 2270 1423 2301 unitum
1434 2294 1443 2308 ,
1459 2270 1500 2300 sit
1514 2270 1620 2310 ipsum
1634 2269 1792 2307 Verbum,

1014 2333 1056 2354 an
1070 2324 1189 2364 aliquid
1202 2326 1363 2361 creatum3
1380 2323 1406 2353 si
1423 2323 1621 2362 intelligatur
1636 2323 1674 2353 de
1685 2323 1794 2361 cogni-

1014 2379 1100 2409 tione
1123 2381 1211 2414 00111,
1236 2378 1356 2418 absque
1383 2376 1480 2407 dubio
1503 2379 1624 2407 certum
1646 2377 1794 2415 estquod

1014 2433 1060 2462 est
1081 2432 1153 2467 alia,
1175 2431 1250 2471 quia
1274 2431 1344 2462 haec
1367 2430 1461 2470 coepit
1481 2439 1558 2468 esse,
1581 2432 1611 2460 et
1636 2432 1683 2460 est
1706 2432 1794 2461 actus

1015 2485 1148 2523 animae,
1173 2487 1204 2515 et
1227 2486 1266 2516 ab
1293 2484 1416 2521 anima,
1444 2483 1584 2514 Verbum
1613 2485 1720 2514 autem
1749 2485 1795 2514 est

1014 2541 1189 2576 aeternuin,
1207 2541 1237 2569 et
1254 2548 1318 2569 uon
1340 2541 1385 2569 est
1401 2538 1440 2567 ab
1460 2537 1583 2574 anima,
1600 2537 1652 2567 sed
1675 2546 1693 2566 a
1719 2536 1791 2567 Deo.

1015 2593 1046 2623 si
1072 2595 1179 2623 autem
1205 2593 1346 2632 cognitio
1374 2592 1515 2627 dicatur,
1542 2600 1606 2630 quo
1636 2590 1794 2621 mediante

1014 2646 1250 2685 cognoscimus,
1266 2646 1310 2675 510
1324 2645 1384 2676 fuit
1399 2643 1565 2676 diversitas
1579 2644 1792 2686 opinantium·
