2017 2960
215 183 273 211 300

216 251 261 278 tas
280 248 338 277 sibi
355 247 411 278 soli
426 250 499 278 nota
515 251 572 284 051,
591 250 619 277 et
636 246 757 276 homIni
776 246 948 284 assumpto.
966 257 979 271 »

215 301 277 330 Aut
301 310 380 339 ergo
404 301 544 340 loquitur
559 301 596 329 dc
612 299 721 329 notitia
742 298 985 337 qualiscumque

216 354 363 391 visionis,
387 357 440 384 aut
461 354 603 393 perfectae
624 351 914 390 comprehensionis
933 361 939 380 t
959 350 985 380 si

216 408 319 446 prim«)
331 407 423 437 modo
438 407 597 445 quuatur,
614 406 728 436 falsum
743 407 799 442 est,
815 404 891 443 quia
906 403 986 434 mul-

216 461 255 490 tis
279 460 400 497 augelis
424 462 453 490 ct
482 459 665 490 hominibus
694 460 739 489 est
769 460 866 488 nota:
885 457 986 497 loqui-

218 516 269 543 tur
290 522 367 551 crgo
389 513 426 543 de
456 513 636 551 cognitione
663 510 953 551 comprehensionis
976 519 983 540 ε

217 576 307 604 crgo,
329 568 385 596 etc.

256 622 285 648 Ji.
314 619 407 658 Item,
435 619 569 659 simplex
590 628 663 649 cuin
686 618 986 657 attillgitu1*,tot111n

217 673 395 711 attingitur,
412 683 468 713 pro
488 683 525 704 eo
547 673 632 712 quod
656 682 717 703 non
741 672 833 702 habet
851 674 985 710 purtem,

217 729 246 756 ct
270 729 390 765 partem
415 738 421 756 :
448 728 473 756 si
496 736 575 765 ergo
592 727 730 757 Verbum
747 726 923 755 increatum
943 727 989 754 est

218 781 504 819 simplicissimum,
523 781 648 811 videtur
665 780 748 819 qnod
770 781 872 809 totum
887 781 917 808 ct
939 781 987 808 10-

220 836 322 864 ῖ.·.ῑ,.κϊ
337 835 376 863 ab
391 835 497 865 amma
512 834 623 864 Christi
640 834 828 871 attingatur,
843 832 867 861 si
883 832 989 871 aliquo

268 909 269 914 .
286 893 311 917 ἰι
328 889 496 926 attingitur
513 898 520 917 t
544 887 595 917 sed
613 886 779 924 attingitur
797 885 902 924 aliquo
922 894 988 915 mo-

231 943 234 950 “
276 952 281 971 :
299 952 375 977 0100
391 940 680 980 comprehenditur.
698 939 730 968 Si
753 941 788 967 tu
809 938 891 968 dicas
907 938 989 977 quod

221 1006 237 1022 η
265 1006 282 1024 n
303 996 394 1031 valet,
413 995 487 1034 quia
502 994 662 1023 inlinitum
674 995 730 1029 est,
742 995 772 1022 et
787 992 856 1022 ideo
870 992 990 1021 incom-

483 1049 591 1077 contra
615 1057 621 1076 2
641 1046 722 1075 sicut
748 1055 821 1076 vere
847 1047 893 1075 est
921 1045 990 1074 infi-

221 1103 335 1139 nitum,
358 1103 401 1132 ita
424 1111 498 1131 vere
527 1103 573 1131 est
595 1100 728 1139 simplex
754 1099 831 1128 illud
852 1098 991 1128 Verbum

222 1159 376 1186 3010111010
393 1166 399 1186 ;
417 1164 494 1193 ergo
510 1154 588 1184 sient
605 1153 733 1193 ponitur
750 1152 991 1191 Incomprehen-

222 1049 432 1087 prehensilnile
453 1059 459 1084 3

221 1210 309 1239 sibile
325 1209 445 1239 ratione
457 1207 688 1243 immensitatis,
705 1206 749 1235 ita
763 1205 889 1235 deberet
905 1214 973 1234 com
984 1221 990 1225 ·

222 1263 374 1303 prehendi
390 1263 510 1292 ratione
527 1260 745 1299 simpliciatis.

263 1319 290 1346 5.
318 1317 394 1346 Item
423 1315 529 1345 anima
554 1313 666 1343 Christi
694 1311 856 1351 cognoscit
887 1311 992 1350 ipsum

225 1370 361 1400 Verbum
379 1380 385 1398 1
403 1371 457 1399 aut
476 1377 554 1407 ergo
575 1366 695 1406 aliquid
716 1368 762 1395 est
786 1365 823 1394 de
841 1364 991 1399 claritate,

223 1426 251 1453 ct
268 1423 418 1458 veritate,
442 1425 470 1452 et
493 1420 742 1460 pulcluitudine,
761 1418 844 1458 quod
863 1427 924 1448 non
942 1427 992 1447 co-

223 1479 351 1514 gnoscat
366 1500 373 1512 ,
389 1478 444 1505 aut
462 1475 542 1505 nihil
559 1484 565 1504 :
583 1474 607 1503 si
628 1472 762 1512 aliquid,
778 1481 856 1509 ergo
879 1471 911 1500 iu
933 1471 994 1501 Deo

224 1532 267 1557 cst
289 1529 407 1568 aliquid
423 1538 441 1558 a
457 1528 578 1558 Christo
604 1527 793 1565 cognitum,
819 1527 850 1555 et
876 1524 994 1563 aliquid

225 1582 422 1617 incognitum
440 1590 445 1609 :
465 1590 543 1619 ergo
558 1579 688 1618 aliquid,
705 1580 735 1608 et
750 1578 867 1617 aliquid
885 1589 890 1607 ;
907 1577 995 1607 etita

228 1644 298 1673 pins
311 1659 318 1670 ,
335 1637 366 1664 et
381 1643 452 1673 pars
470 1645 475 1664 ;
491 1633 575 1672 quod
591 1642 654 1662 non
674 1634 720 1661 est
738 1631 945 1669 intelligibile.
964 1631 995 1660 Si

226 1687 301 1716 nihil
319 1690 362 1717 est
379 1687 512 1717 omnino
527 1685 611 1725 quod
632 1694 698 1714 non
717 1685 906 1722 cognoscat,
922 1683 997 1722 quia

227 1744 326 1770 totum
351 1743 395 1770 est
414 1740 496 1769 idem
520 1739 582 1776 ibi,
599 1738 723 1768 videtur
752 1737 835 1776 quod
862 1736 997 1766 totaliter

228 1794 308 1824 intra
332 1803 423 1823 sunm
447 1792 662 1831 cognitionem
686 1791 785 1820 Deum
802 1789 927 1819 claudat
944 1798 949 1817 z
967 1791 998 1819 et

227 1847 285 1876 hoc
299 1849 343 1876 est
361 1847 458 1876 110001
473 1844 740 1884 comprehendere
755 1855 761 1873 t
776 1852 865 1882 ergo,
884 1844 941 1873 etc.

268 1905 296 1929 ti.
324 1900 417 1936 item,
435 1900 460 1928 si
483 1899 590 1928 anima
614 1897 727 1927 Christi
748 1905 812 1926 non
838 1896 998 1933 cognoscit

228 1954 332 1993 ipsum
348 1953 487 1983 Verbum
513 1952 545 1981 in
565 1954 627 1981 1010
649 1960 706 1980 sua
722 1950 927 1989 plenitudine,
943 1949 998 1979 ad-

229 2007 292 2036 huc
313 2006 415 2036 delicit
430 2015 448 2035 a
463 2005 682 2044 cognoscendo
705 2004 742 2033 de
764 2003 866 2033 Verbo
881 2003 999 2042 aliquid

229 2060 438 2098 cognoscibile
455 2069 462 2089 ε
478 2068 555 2097 ergo
572 2060 681 2097 potens
703 2060 749 2087 est
765 2057 795 2086 in
817 2057 999 2095 cognitione

230 2114 281 2142 illu
312 2115 462 2152 prolicere
487 2123 493 2141 :
518 2121 595 2150 ergo
618 2120 692 2141 cum
714 2110 867 2141 desideret
900 2110 1000 2140 neum

229 2166 364 2205 perfecte
385 2174 533 2201 noscere,
553 2164 678 2194 videtur
703 2164 787 2203 quod
811 2163 1001 2193 desiderium

231 2219 347 2249 1111111110
373 2219 484 2249 Christi
504 2227 568 2247 non
594 2218 632 2247 sit
658 2217 845 2256 impletum,
869 2220 899 2247 et
917 2216 1001 2255 quod

232 2273 298 2312 ipsu
322 2282 384 2302 non
408 2271 586 2311 pervenerit
608 2271 645 2301 ed
669 2271 871 2302 beatitudinis
885 2273 1002 2300 statum

232 2326 418 2364 perfectum.

274 2381 302 2408 7.
323 2378 410 2415 Item,
427 2378 478 2407 ille
493 2377 578 2407 solus
593 2378 638 2406 est
653 2377 774 2414 beatus,
794 2376 848 2415 qui
865 2385 1004 2415 compre-

235 2432 342 2461 hendit
357 2431 439 2470 quod
453 2439 510 2460 1105
525 2429 682 2460 credimus
697 2432 726 2459 et
741 2439 906 2469 speramus
926 2441 931 2459 :
951 2430 1003 2460 sed

233 2495 290 2515 nos
311 2485 469 2515 credimus
490 2484 591 2523 ipsam
616 2482 709 2513 Verbi
732 2484 977 2513 immensitatem
995 2494 1001 2513 :

234 2539 259 2568 si
281 2548 358 2578 crgo
377 2539 517 2569 Christus
536 2539 582 2568 est
605 2539 635 2568 et
658 2537 715 2567 suit
738 2538 861 2575 beatus,
880 2537 1004 2567 videtur

267 2620 274 2634 ¹
286 2621 411 2650 [11011115οῚ
424 2619 467 2643 lib.
482 2621 499 2649 Ι1
514 2626 535 2643 0.
552 2624 585 2642 1v.
595 2631 626 2636 —
637 2618 647 2634 ¹
663 2619 736 2648 Aug„
750 2618 830 2647 Epist.
847 2623 898 2641 cxn
910 2635 916 2647 ‚
930 2622 1004 2645 c.1x,

238 2655 269 2678 111.
283 2661 380 2685 CXLVII,
392 2662 416 2678 n.
432 2656 468 2679 21.

773 176 1083 209 SENTENTIARUM
1104 177 1177 208 LIB.
1199 177 1252 208 III.

1039 245 1121 284 quod
1146 245 1247 284 ipsam
1271 244 1515 277 immensitatem
1544 245 1637 276 Verbi
1661 253 1806 284 compre-

1042 297 1171 328 hendat.

1081 351 1139 381 Sed
1155 353 1264 381 contra
1282 362 1288 381 z
1306 351 1537 382 Damascenus'
1556 363 1563 382 ι
1591 362 1604 380 (1
1618 351 1683 382 1100
1708 351 1812 381 5010111

1040 403 1233 442 intelligitur
1264 404 1301 434 de
1329 404 1391 435 Deo
1405 427 1413 441 ,
1433 404 1517 443 quod
1539 404 1813 444 incomprehensi-

1041 456 1114 487 bilis
1128 458 1185 487 est.
1203 467 1217 485 »
1237 456 1296 487 Sed
1312 457 1337 486 si
1353 457 1460 487 anima
1479 456 1591 487 Christi
1612 458 1718 497 ipsum
1730 467 1814 488 com-

1043 509 1262 549 prehenderet,
1280 510 1469 549 intelligeret
1491 510 1596 549 ipsum
1611 519 1675 541 non
1690 511 1814 542 incom-

1043 563 1307 603 prehensibilem,
1340 563 1393 594 sed
1421 564 1738 602 comprehensibilem
1760 576 1767 595 :
1789 565 1814 595 si

1044 626 1121 656 ergo
1141 617 1200 647 hoc
1215 626 1233 647 a
1248 616 1375 646 nemine
1398 618 1497 656 potest
1514 616 1646 656 intelligi
1660 640 1668 655 ,
1684 626 1749 647 non
1763 627 1816 657 po-

1044 674 1102 703 test
1126 672 1263 702 Verbum
1292 672 1469 702 increatum
1497 672 1536 701 ab
1563 672 1671 703 anima
1704 673 1817 704 Christi

1045 726 1280 766 comprehendi.

1087 780 1163 810 Item
1179 779 1394 818 Augustinus,
1406 778 1444 810 de
1455 778 1593 810 videndo
1608 779 1667 811 Deo
1678 782 1688 798 ²
1697 791 1703 810 :
1712 791 1726 808 «
1737 780 1817 811 Illud
1832 793 1934 814 Fundam.

1046 833 1324 872 comprehenditur
1342 856 1349 868 ,
1379 833 1469 871 cujus
1495 832 1573 862 fines
1601 832 1817 863 circumscribi

1046 888 1186 925 possunt.
1206 897 1219 913 »
1240 886 1299 916 Sed
1316 887 1395 915 fines
1418 885 1535 916 divinae
1558 886 1781 917 immensitatis
1800 896 1819 917 a

1047 938 1135 969 nullo
1159 938 1375 968 circumscribi
1400 940 1532 978 possunt
1559 949 1564 968 :
1591 948 1670 978 ergo
1695 940 1777 970 Deus
1801 950 1819 970 a

1046 993 1134 1023 nulla
1149 992 1257 1022 anima
1273 994 1372 1032 potest
1386 992 1622 1031 comprehendi.

1089 1046 1165 1076 Item
1187 1055 1281 1076 001110
1300 1045 1385 1085 quod
1405 1045 1701 1084 comprehenditur,
1717 1047 1763 1076 est
1781 1046 1819 1076 fi-

1047 1099 1151 1129 nitum
1167 1098 1443 1138 comprehendenti
1461 1108 1468 1128 :
1487 1107 1565 1137 ergo
1580 1098 1664 1137 quod
1677 1107 1819 1138 compre-

1048 1152 1197 1182 henditur
1210 1162 1228 1182 a
1244 1152 1346 1188 finito,
1363 1153 1409 1181 est
1426 1151 1453 1181 ci
1471 1151 1616 1188 finitum;
1635 1152 1664 1181 et
1679 1150 1760 1181 nihil
1775 1152 1822 1181 est

1048 1205 1175 1235 finitum
1190 1205 1280 1235 finito
1293 1229 1300 1241 ,
1318 1205 1377 1234 11151
1393 1205 1477 1244 quod
1493 1205 1540 1234 est
1551 1204 1679 1234 finitum
1696 1204 1821 1243 simpli-

1049 1258 1123 1288 citer
1138 1269 1143 1288 2
1162 1258 1213 1288 sed
1232 1257 1312 1287 Deus
1324 1260 1369 1287 est
1384 1257 1528 1287 iniinItus
1540 1256 1740 1296 simpliciter;
1753 1257 1820 1287 ani-

1049 1322 1101 1342 ma
1116 1313 1240 1349 Christi,
1258 1321 1330 1342 cum
1346 1312 1385 1342 sit
1396 1313 1551 1348 creatura,
1567 1312 1612 1341 est
1622 1310 1712 1340 finita
1724 1320 1731 1341 :
1743 1319 1821 1349 ergo

1050 1375 1111 1396 000
1146 1366 1247 1404 potest
1277 1364 1545 1404 comprehendere
1573 1363 1820 1394 immensitatem

1051 1419 1141 1449 Verbi
1159 1419 1217 1448 sibi
1233 1418 1326 1448 uniti.

1090 1472 1179 1509 Item,
1192 1472 1274 1510 quod
1290 1469 1528 1510 comprehendit
1542 1469 1689 1506 alterum,
1700 1471 1746 1500 est
1758 1479 1822 1500 ma-

1046 1526 1101 1563 jus
1128 1525 1181 1555 illo
1196 1548 1203 1561 ,
1229 1524 1279 1555 vel
1303 1524 1414 1554 saltem
1440 1523 1468 1553 ei
1493 1524 1658 1562 aequatur,
1678 1522 1823 1562 alioquin

1050 1578 1156 1617 ipsum
1181 1577 1326 1607 claudere
1351 1576 1433 1606 intra
1459 1585 1491 1605 se
1519 1584 1583 1605 11οο
1610 1577 1714 1615 posset
1741 1588 1747 1606 ;
1771 1575 1825 1606 sed

1052 1630 1244 1670 impossib'de
1259 1632 1305 1660 est
1320 1631 1496 1660 creaturam
1512 1638 1570 1659 nec
1586 1637 1641 1668 per
1658 1628 1822 1667 unionem,

1051 1693 1108 1714 nec
1120 1693 1176 1723 per
1186 1684 1284 1713 alium
1294 1683 1425 1713 moduni
1436 1681 1558 1721 aequari
1572 1681 1708 1711 Creatori
1721 1692 1728 1718 3
1743 1690 1824 1720 ergo

1051 1737 1244 1777 impossibile
1268 1739 1313 1767 cst
1337 1736 1421 1776 quod
1438 1734 1683 1775 comprehendat
1699 1734 1825 1765 Creato—

1052 1799 1119 1820 rem
1137 1801 1143 1819 .·
1161 1799 1239 1829 ergo
1253 1790 1360 1819 anima
1382 1789 1493 1819 Christi
1516 1788 1656 1819 Verbum
1675 1787 1733 1817 sibi
1749 1787 1823 1817 uni-

1052 1845 1120 1873 tum
1136 1852 1201 1873 non
1218 1842 1466 1882 comprehendit.
1488 1841 1543 1870 llis
1558 1840 1676 1871 eisdem
1693 1839 1825 1870 miloni—

1053 1898 1111 1928 bus
1127 1898 1247 1928 ostendi
1258 1900 1357 1934 potest
1372 1897 1457 1936 quod
1472 1896 1559 1926 nulla
1576 1895 1693 1925 anima.

1095 1952 1182 1989 Item,
1197 1951 1336 1982 Verbum
1362 1951 1539 1981 increatum
1566 1950 1609 1980 sic
1635 1950 1681 1979 est
1695 1948 1825 1979 unitum

1054 2005 1169 2035 animae
1185 2004 1309 2040 Christi,
1326 2003 1409 2043 quod
1427 2004 1531 2042 posset
1550 2002 1635 2032 uniri
1650 2001 1740 2032 alteri
1757 2013 1764 2032 :
1783 2001 1826 2033 sic

1054 2058 1173 2089 habitat
1198 2058 1230 2087 iu
1252 2058 1330 2097 ipsa,
1354 2056 1439 2096 quod
1454 2056 1487 2086 in
1515 2055 1622 2086 multis
1636 2055 1730 2085 aliis:
1749 2064 1827 2094 ergo

1055 2113 1099 2142 sic
1115 2114 1160 2141 est
1182 2112 1215 2141 in
1239 2111 1345 2141 anima
1372 2110 1431 2139 sibi
1447 2109 1546 2146 unita,
1563 2108 1648 2148 quod
1662 2108 1758 2138 etiam
1782 2109 1827 2138 est

1056 2166 1156 2201 extra,
1174 2172 1247 2193 cum
1265 2163 1305 2193 sit
1318 2163 1438 2202 ubique
1453 2173 1459 2192 ι
1476 2170 1554 2200 ergo
1569 2170 1693 2200 semper
1706 2160 1827 2191 excedit

1056 2218 1156 2257 ipsam
1175 2216 1316 2247 animam
1332 2217 1547 2254 assumptam:
1569 2223 1647 2252 ergo
1661 2213 1687 2243 si
1702 2214 1827 2243 tantum

1057 2271 1107 2301 vel
1125 2271 1194 2310 plus
1206 2271 1252 2299 est
1267 2271 1366 2306 extra,
1383 2277 1480 2308 quam
1494 2267 1586 2304 intra,
1603 2265 1729 2297 videtur
1742 2265 1827 2304 quod

1057 2324 1164 2354 anima
1192 2322 1301 2353 Christi
1320 2330 1384 2351 non
1400 2320 1540 2351 includat
1563 2320 1679 2359 ipsum,
1710 2327 1745 2348 ac
1772 2327 1829 2357 per

1058 2378 1117 2407 hoe
1129 2385 1191 2406 non
1207 2374 1465 2414 comprehendat.

1099 2431 1189 2466 Item,
1208 2429 1233 2458 si
1246 2429 1353 2459 anima
1370 2426 1483 2457 Christi
1509 2425 1611 2465 posset
1624 2423 1765 2454 Verbum
1781 2423 1831 2454 in-

1058 2485 1199 2515 creatum
1224 2479 1499 2521 comprehendere,
1516 2479 1620 2518 posset
1648 2486 1705 2517 per
1719 2486 1830 2508 001150-

1059 2545 1160 2577 quens
1170 2535 1289 2575 aliquid
1302 2535 1362 2573 maj
1369 2542 1405 2564 us
1415 2532 1567 2571 cogitare3
1579 2531 1665 2561 omni
1677 2532 1719 2568 (α)
1732 2531 1830 2565 enim,

1060 2590 1152 2629 cujus
1167 2589 1318 2619 terminos
1335 2585 1568 2625 cognoscimus,
1586 2593 1755 2624 possumus
1780 2584 1829 2614 in-

1093 2653 1124 2681 (n)
1142 2652 1201 2674 caet.
1214 2650 1274 2674 edit.
1291 2648 1412 2674 omnium.
