2017 2960
601 179 696 211 DIST.
722 177 829 210 XXIII.
854 175 944 208 ART.
970 176 992 206 1.
1017 176 1166 213 QUAEST.
1193 176 1242 208 IV.

389 282 614 314 CONCLUSIO.

119 374 196 402 Fides
216 375 246 400 in
267 372 427 400 certitudine
447 375 590 407 superatur
609 380 625 398 α
644 373 757 398 scicntia
776 379 834 405 quoe
856 372 895 397 est

155 419 223 444 visio
239 418 287 443 Dei
299 419 411 451 aper-tm
427 419 536 451 superat
556 424 616 443 vero
631 417 771 443 scientiam
786 423 844 449 qnoe
860 416 897 441 est

155 463 272 495 cognitio
292 461 432 488 secundum
455 463 556 487 statum
576 462 628 487 vioe
646 463 765 494 respectu
785 459 898 486 credibi—

157 508 224 534 lium
237 516 245 532 .-
261 514 318 533 cum
333 506 385 532 illu
403 513 461 532 rero
476 514 534 540 quae
551 508 587 532 est
603 506 720 531 aliorum
735 504 898 538 cognoscibi-

157 552 223 578 lium
235 553 393 585 superatur,
414 552 441 576 in
462 550 622 577 certitudine
635 550 827 583 speculationis
844 551 896 580 cst:

155 599 247 623 contru
259 603 320 622 vero
335 597 373 621 cst
390 594 420 621 dc
432 594 593 621 certitudine
608 593 778 619 adhaesionis.

163 673 254 713 Resp.
272 672 309 703 ad
331 681 402 711 arg.
421 671 592 702 Dicendum
614 670 698 710 quod
719 680 794 700 cum
811 680 898 700 com-

124 735 274 766 paramus
295 725 516 755 certitudincm
531 723 603 753 fidei
619 723 658 753 ad
677 723 899 753 certitudinem

123 779 274 815 scientiae,
289 779 388 817 potest
398 777 533 815 intelligi
544 765 724 815 dupliciter.
741 776 818 806 Nam
833 785 900 805 uno

124 833 219 863 modo
233 832 363 862 scientia
376 833 477 870 potest
491 831 550 860 dici
566 833 674 870 aperta
689 833 720 860 et
740 832 824 860 certa
847 829 898 860 vi-

123 886 169 916 sio
184 885 236 915 Dei
252 885 283 914 in
298 884 398 924 patria
411 894 416 913 :
430 885 462 914 et
473 883 534 914 hoc
548 883 643 914 modo
659 893 722 914 non
738 886 784 913 est
797 892 901 923 quaes-

122 939 186 975 tio,
213 947 271 968 nec
296 937 430 968 dubium
454 936 532 976 quin
557 936 688 966 scientia
718 936 776 966 isto
806 935 900 966 modo

122 991 282 1032 praecellat
300 990 336 1020 in
354 990 543 1020 certitudine
564 989 665 1029 ipsam
688 989 783 1019 fidem
797 1013 805 1027 ,
821 989 902 1019 sicut

125 1045 230 1084 gloria
255 1043 407 1084 praecellit
430 1042 587 1082 gratiam,
614 1045 645 1072 et
669 1044 777 1072 status·
792 1042 901 1081 patriae

124 1101 242 1129 statum
257 1098 331 1128 viae.
346 1097 416 1127 Alio
432 1097 526 1127 modo
540 1096 657 1126 dicitur
671 1096 815 1133 scientia,
830 1105 902 1134 cog-
921 1103 924 1105 ·

125 1151 204 1181 nitio
217 1159 314 1190 quam
337 1150 408 1189 quis
423 1149 517 1179 habet
533 1149 567 1178 in
582 1149 634 1179 via
648 1160 654 1186 ;
675 1151 706 1179 et
727 1149 787 1178 ista
803 1150 903 1188 potest

126 1213 192 1234 esse
207 1202 374 1242 dupliciter
389 1211 396 1232 :
411 1204 467 1232 aut
485 1204 630 1241 respectu
655 1201 783 1231 illorum
796 1225 803 1237 ‚
821 1210 902 1240 quo-

125 1265 199 1287 rum
214 1258 261 1286 est
274 1255 370 1292 fides;
388 1257 443 1285 aut
455 1256 601 1294 respectu
616 1253 753 1284 aliorum
770 1263 903 1292 coguos-
922 1253 930 1260 '

126 1310 279 1341 cibilium.
304 1308 336 1340 Si
361 1311 505 1348 respectu
529 1309 669 1345 illorum,
694 1318 833 1348 quorum
856 1310 903 1338 est

125 1363 224 1401 fides,
248 1363 292 1393 sic
316 1362 500 1401 simpliciter
524 1362 683 1401 loquendo
710 1362 823 1392 certior
857 1363 904 1391 est

127 1416 222 1454 fides,
239 1424 336 1455 quam
356 1415 497 1445 scientia.
514 1414 602 1445 Unde
621 1415 646 1444 si
669 1415 782 1454 aliquis
800 1415 904 1454 philo-

128 1469 304 1508 sophorum
339 1468 500 1507 cognoscit
528 1467 666 1507 aliquem
694 1468 903 1498 articulorum

128 1521 356 1559 ratiocinando,
374 1524 481 1560 utpote
498 1520 596 1550 Deum
621 1530 688 1551 esse
713 1520 903 1559 Creatorem,

127 1575 180 1606 vel
199 1574 299 1605 Deum
327 1583 394 1605 esse
422 1576 705 1611 remuneratorem3
738 1584 904 1613 nunqnam

129 1629 237 1658 tamen
247 1627 290 1657 ita
301 1627 561 1658 certitudinaliter
572 1627 733 1665 cognoscit
744 1636 799 1666 per
813 1637 904 1657 suam

130 1681 313 1718 scientiam,
330 1681 411 1711 sicut
432 1690 528 1711 verus
552 1680 654 1710 fidelis
677 1690 731 1719 per
757 1690 849 1711 suam
865 1682 905 1711 fi-

131 1734 214 1764 dem.
230 1733 263 1764 Si
277 1736 385 1764 autem
400 1734 570 1773 loquamur
588 1733 625 1763 de
646 1734 777 1763 scientia
793 1733 929 1765 secun-'³

131 1789 211 1820 dum
224 1789 308 1828 quod
331 1791 377 1818 est
391 1787 532 1827 cognitio
556 1787 692 1817 aliorum
707 1788 907 1826 cognoscibi-

131 1842 209 1873 lium
225 1865 233 1879 ,
258 1842 302 1872 sic
329 1841 468 1881 quodam
496 1840 590 1870 modo
621 1841 735 1870 certior
760 1843 806 1871 est
830 1840 908 1870 fides

131 1904 230 1935 quam
246 1895 386 1931 scientia,
399 1896 430 1924 et
444 1894 582 1934 quodam
599 1894 692 1924 modo
703 1903 720 1924 e
736 1894 905 1924 contrario.

132 1948 187 1978 Est
201 1949 287 1978 enim
303 1947 716 1987 certitudospeculationis,
735 1949 765 1977 et
780 1949 827 1977 est
840 1956 908 1977 cer-

132 2001 286 2032 certitudo
315 2000 507 2031 adhaesionis
530 2001 550 2030 ¹.
580 2000 618 2030 Et
647 2000 751 2039 prima
778 2000 908 2039 quidem

133 2054 259 2094 respicit
281 2054 496 2091 intellectum3
520 2054 659 2084 secunda
684 2062 760 2084 vero
782 2053 910 2092 respicit

134 2107 241 2147 ipsum
255 2107 417 2138 affectum.
435 2107 468 2137 Si
483 2107 654 2146 loquamur
669 2107 707 2137 de
722 2107 910 2137 certitudine

136 2161 344 2198 adhaesionis,
362 2161 406 2190 sic
427 2162 530 2200 major
551 2163 597 2191 est
617 2161 773 2191 certitudo
795 2161 826 2191 in
842 2161 910 2201 ipsa

136 2214 213 2251 fide,
237 2223 335 2254 quam
360 2214 400 2244 sit
422 2214 456 2244 in
482 2214 592 2244 habitu
615 2214 768 2252 scientiae,
791 2223 850 2254 pro
874 2223 910 2244 eo

137 2267 221 2307 quod
238 2276 313 2298 vera
329 2267 405 2298 fides
422 2267 527 2306 magis
541 2267 613 2297 facit
627 2267 789 2298 adhaerere
804 2267 910 2306 ipsum

138 2320 318 2351 credentem
341 2320 467 2350 veritati
496 2320 622 2350 creditae
637 2343 646 2358 ‚
675 2329 774 2360 quam
804 2320 912 2360 aliqua

137 2373 266 2404 scientia
280 2373 371 2404 alicui
385 2373 430 2403 rei
441 2373 539 2403 scitae.
552 2372 705 2403 Videmus
721 2373 807 2404 enim
818 2382 912 2404 veros

137 2425 245 2455 fideles
272 2435 330 2456 nec
355 2435 410 2465 per
437 2429 650 2465 argumenta,
676 2436 733 2457 nec
762 2436 818 2466 per
842 2430 911 2457 tor-—

137 2480 246 2509 menta
256 2502 264 2516 ,
278 2487 337 2508 uec
351 2488 407 2518 per
420 2479 635 2509 blandimenta
649 2479 795 2510 inclinari
809 2489 910 2520 posse,

137 2534 173 2563 ut
192 2532 357 2562 veritatem
379 2541 476 2571 quam
499 2532 633 2563 credunt
644 2556 652 2569 ,
668 2533 779 2563 saltem
794 2542 849 2563 ore
865 2535 910 2563 te-

136 2594 199 2616 nus
215 2587 335 2624 negent
351 2595 358 2615 :
375 2585 458 2624 quod
473 2594 567 2616 nemo
582 2586 683 2617 sciens
697 2596 783 2617 sanae
796 2587 912 2619 mentis

170 2649 177 2664 ¹
192 2647 294 2678 Respuit
308 2647 374 2671 lianc
385 2647 573 2672 distinctionem
586 2649 700 2678 Durand.
713 2649 763 2680 hic,
779 2656 804 2680 q.
817 2655 864 2674 v11.

1662 181 1720 209 493

947 244 1062 274 faceret
1089 253 1146 284 pro
1173 244 1280 284 aliquo
1300 243 1386 284 quod
1409 244 1588 282 cognoscit,
1605 245 1667 275 nisi
1685 246 1718 276 in

948 299 1106 336 quantum
1122 298 1264 328 doctrina
1277 297 1349 328 fidei
1365 297 1460 327 dictat
1473 306 1535 327 non
1550 306 1616 328 esse
1634 307 1719 328 men-

950 350 1107 380 tiendum.
1122 350 1245 380 Stultus
1262 350 1357 380 etiam
1372 352 1451 380 esset
1467 353 1631 389 geometra
1642 375 1649 386 ,
1666 352 1719 390 qui

951 411 1007 441 pro
1032 412 1234 442 quacumque
1259 405 1342 433 certa
1368 403 1566 433 conclusione
1591 412 1722 441 geome-

952 455 1021 485 trice
1053 456 1183 486 auderet
1205 456 1313 486 subire
1341 458 1485 486 mortem.
1518 455 1603 485 [nde
1627 465 1723 485 verus

952 507 1053 538 fidelis
1065 532 1072 545 ,
1090 509 1213 538 etiamsi
1229 509 1319 538 sciret
1335 511 1432 538 totam
1456 509 1619 539 scientiam
1640 509 1720 548 phy-

952 561 1064 596 sicam,
1079 562 1182 591 mallet
1197 564 1293 591 totam
1309 562 1391 591 illam
1404 562 1567 592 scientiam
1582 562 1721 601 perdere,

953 624 1049 653 quam
1066 623 1169 644 unum
1187 614 1289 644 solum
1304 614 1475 644 articulum
1491 615 1656 653 ignorare,
1674 616 1724 645 vei

954 678 1092 707 negare,
1114 668 1191 698 adeo
1212 669 1352 698 atlhaeret
1377 668 1499 697 veritati
1523 669 1660 698 creditae.
1686 669 1724 698 Dc

954 722 1141 752 certitudine
1155 730 1232 760 ergo
1243 721 1432 751 adhaesionis
1448 730 1561 751 verum
1571 724 1618 752 est
1630 722 1724 752 fidem

955 784 1021 805 esse
1038 775 1202 805 certiorem
1218 774 1350 804 scientia
1366 774 1600 813 philosophica:
1615 777 1644 804 et
1660 775 1728 805 haec

956 828 1110 858 certitudo
1127 828 1252 867 respicit
1267 827 1437 858 veritatem
1450 829 1480 857 et
1495 827 1671 857 doctrinam
1685 837 1731 857 se-

956 881 1097 910 cundum
1109 881 1257 927 QQ]
1271 891 1277 910 :
1294 880 1371 910 etde
1385 880 1645 911 haccertitudine
1659 889 1731 910 con-

957 934 1090 964 cludunt
1110 934 1247 964 rationes
1267 933 1305 962 ad
1325 933 1462 972 primam
1479 936 1599 972 partem
1616 933 1728 963 induc-

957 990 1009 1017 tae.
1026 987 1058 1017 Si
1073 990 1181 1017 autem
1196 987 1367 1026 loquamur
1391 986 1428 1016 (le
1448 996 1492 1017 cei
1502 987 1636 1017 titudine
1660 996 1730 1026 spe·
1766 995 1775 1002 ·

958 1040 1144 1077 cu'ationis,
1161 1049 1233 1079 quae
1248 1040 1378 1079 quidem
1399 1040 1527 1079 respicit
1550 1040 1656 1079 ipsum
1679 1041 1730 1070 in-

958 1094 1118 1124 tellectum
1143 1097 1173 1124 et
1198 1093 1319 1123 nudam
1344 1094 1527 1131 veritatem,
1544 1093 1588 1123 sic
1604 1093 1731 1123 concedi

960 1150 1061 1186 potc>t
1084 1147 1168 1186 quod
1191 1148 1295 1186 maj0r
1317 1149 1362 1176 est
1388 1147 1542 1177 certitudo
1570 1148 1601 1177 111
1625 1148 1732 1187 aliqua

959 1201 1103 1237 scientia,
1121 1210 1217 1239 quam
1235 1200 1269 1229 in
1291 1200 1368 1236 fide,
1387 1209 1443 1239 pro
1458 1210 1495 1230 eo
1515 1201 1598 1239 quol
1619 1201 1733 1240 aliquis

959 1257 1060 1294 potest
1076 1255 1194 1293 aliquid
1210 1263 1265 1293 per
1280 1254 1444 1284 scientiam
1461 1255 1502 1284 ita
1525 1254 1732 1285 certitudina-

959 1307 1030 1338 liter
1045 1317 1152 1344 nosse,
1169 1308 1254 1347 quod
1280 1308 1366 1338 nullo
1390 1308 1483 1338 modo
1513 1311 1613 1347 potest
1636 1308 1674 1338 de
1697 1318 1732 1338 eo

960 1362 1104 1392 dubitare
1117 1386 1124 1399 ,
1142 1371 1199 1391 nec
1221 1362 1328 1401 aliquo
1349 1362 1443 1392 modo
1462 1361 1562 1392 disere
1575 1362 1637 1392 lere
1650 1386 1659 1399 ‚
1679 1372 1733 1392 nce

961 1415 993 1444 in
1009 1415 1101 1445 corde
1123 1424 1180 1444 suo
1202 1415 1267 1444 ullo
1295 1415 1387 1445 modo
1408 1415 1638 1453 contrarhcere,
1654 1416 1733 1445 sicut

962 1470 1046 1507 patet
1067 1468 1100 1497 in
1124 1468 1307 1506 cognitione
1331 1468 1525 1507 dignitatum
1539 1493 1546 1506 ,
1563 1471 1593 1499 et
1614 1469 1732 1508 primo-

962 1531 1034 1552 rum
1051 1521 1292 1561 principiorum.
1310 1522 1346 1552 Et
1369 1522 1428 1552 hoc
1450 1522 1543 1552 modo
1561 1523 1735 1562 procedunt

962 1575 1100 1604 rationes
1124 1575 1161 1604 ad
1186 1578 1307 1614 partem
1329 1578 1529 1614 sequentem,
1555 1576 1636 1606 sicut
1660 1586 1734 1616 per-

963 1628 1109 1658 tractanti
1133 1631 1228 1667 patet.
1248 1628 1286 1658 Et
1303 1638 1357 1668 per
1380 1629 1441 1659 hoc
1465 1632 1550 1668 patet
1573 1631 1735 1669 responsio

963 1682 1001 1712 ad
1017 1683 1226 1721 quaestionem
1244 1683 1447 1722 propositam.
1461 1683 1550 1713 Patet
1564 1683 1659 1713 etiam
1675 1693 1736 1714 res-

963 1735 1075 1775 ponsio
1090 1736 1129 1766 ad
1152 1736 1275 1776 objecta
1293 1747 1298 1767 :
1320 1737 1494 1775 procedunt
1515 1737 1601 1767 enim
1622 1746 1736 1767 secun-

963 1790 1041 1820 dum
1054 1790 1193 1820 diversas
1206 1791 1285 1820 vias.
1302 1789 1327 1820 N
1331 1799 1381 1820 am
1396 1790 1532 1820 rationes
1547 1791 1585 1820 ad
1600 1791 1737 1830 primam

964 1846 1086 1883 partem
1114 1843 1252 1873 inductae
1275 1843 1470 1873 concludunt
1492 1843 1530 1874 <le
1551 1844 1737 1876 certitudine

965 1897 1174 1934 adhaesionis;
1194 1897 1334 1927 rationes
1349 1906 1424 1927 vcro
1440 1897 1477 1927 ad
1499 1897 1679 1936 oppositum
1701 1898 1737 1928 ‹le

965 1950 1153 1980 certitudine
1178 1949 1410 1989 speculationis.
1433 1949 1662 1980 Verumtamen
1686 1960 1738 1981 01-
1774 1968 1778 1969 ⁷

965 2002 1067 2031 tiones
1085 2001 1124 2031 ad
1144 2002 1281 2041 primam
1300 2004 1421 2041 partem
1438 2001 1576 2032 inductae
1592 2002 1739 2033 videnlur

966 2054 1152 2084 concludere
1162 2054 1200 2084 de
1211 2054 1399 2084 certitudine
1412 2054 1646 2094 speculationis,
1655 2056 1739 2094 quod

966 2108 1020 2138 illa
1047 2108 1233 2138 certitudine
1263 2108 1301 2137 sit
1328 2108 1405 2138 siles
1437 2108 1551 2139 certior
1577 2109 1708 2139 scicntia
1730 2119 1737 2139 :

967 2161 1053 2200 quo-tl
1077 2161 1190 2191 falsum
1218 2163 1274 2192 est.
1306 2161 1377 2191 Ideo
1402 2161 1590 2191 tentandum
1623 2164 1669 2192 est
1690 2171 1742 2192 eas

968 2214 1150 2245 dissolvere.

1010 2271 1038 2297 1.
1058 2267 1103 2297 Α(1
1127 2268 1204 2298 illud
1230 2268 1364 2297 verbum
1387 2268 1560 2307 Augustini
1581 2278 1643 2308 quo
1662 2269 1742 2300 dici-

968 2323 1022 2350 tur
1038 2331 1044 2350 :
1067 2333 1077 2347 n
1096 2320 1180 2350 Nihil
1196 2323 1242 2351 est
1261 2321 1382 2350 11011111ιί
1409 2323 1524 2352 certius
1545 2331 1602 2352 sua
1624 2322 1684 2353 fide
1699 2347 1705 2359 ,
1723 2334 1736 2350 n

969 2374 1030 2404 dici
1046 2376 1146 2413 potest
1161 2374 1247 2413 quod
1268 2373 1348 2403 1111111
1369 2373 1441 2404 facit
1463 2375 1502 2404 ad
1523 2375 1739 2414 propositum,

970 2427 1046 2466 quia
1062 2436 1125 2456 non
1141 2427 1283 2466 loquitur
1298 2427 1336 2457 de
1360 2427 1547 2457 certitudine
1562 2437 1659 2467 quam
1674 2429 1744 2468 quis

969 2480 1064 2510 habet
1080 2489 1135 2519 per
1145 2480 1253 2518 fidem,
1268 2481 1321 2511 sed
1335 2490 1430 2520 quam
1442 2481 1515 2520 quis
1527 2481 1668 2511 liabetde
1684 2482 1743 2511 [lde.

970 2543 1067 2573 quam
1088 2534 1184 2564 hahet
1203 2534 1236 2564 in
1255 2536 1361 2564 mente
1378 2544 1385 2563 ι
1402 2536 1433 2563 et
1451 2533 1502 2564 illa
1521 2537 1567 2564 est
1591 2535 1743 2566 certitudo

971 2585 1110 2616 scientiae
1127 2596 1134 2616 :
1155 2585 1213 2615 scit
1237 2586 1323 2615 enim
1348 2585 1444 2614 homo
1458 2584 1558 2614 fidelis
1578 2594 1610 2615 se
1629 2585 1744 2618 habere

972 2640 1078 2670 fidem.
