2017 2960
116 1676 218 1696 fundam.

224 169 282 198 288

227 237 336 264 utrum
351 233 495 264 videlicet
514 233 553 263 sit
575 233 635 262 alia
655 241 751 271 quam
767 231 869 269 grafia
884 230 1001 268 singu-

226 287 301 317 laris
316 295 470 326 personae,
487 288 515 315 et
537 286 639 323 gratia
654 283 798 319 unionis3
820 284 850 312 et
865 282 950 321 quod
963 281 1001 311 sit

227 339 298 377 alia,
317 340 442 369 videtur
465 337 729 372 1.(]01nmuniter,
741 336 918 366 secundum
932 335 1002 365 doc-

228 395 311 421 10165
323 417 330 429 ,
365 393 397 421 in
427 392 547 421 Christo
568 391 603 429 {a}
629 389 792 419 consuevit
825 387 1002 418 differentia

227 445 338 483 gratia*
354 445 439 484 poni,
456 444 573 473 seilicet
589 443 692 482 gratia
707 441 879 481 singularis
895 449 1000 480 perso-

229 507 295 533 na»,
312 500 340 527 et
356 497 459 535 gratia
483 496 622 533 unionis,
646 498 675 525 et
698 495 801 533 gratia
824 494 934 533 capitis
952 505 958 523 :
977 493 1002 522 51

228 559 305 588 ergo
318 549 430 579 divisio
446 558 511 578 esse
524 549 614 578 debet
629 557 684 587 per
701 548 857 587 opposita,
876 546 926 577 veI
941 546 1003 576 sal-

229 605 291 631 tem
306 602 478 641 disparata,
496 601 622 632 videtur
636 601 720 640 quod
747 601 805 630 ista
825 600 1003 630 differentia

228 654 340 692 gratim
355 654 394 683 ab
409 654 478 684 aliis
496 654 533 683 sit
548 654 682 684 diversa.

269 710 296 736 2.
327 707 415 744 Item,
439 707 541 745 gratia
563 706 672 746 capitis
697 705 765 735 aliis
787 704 1004 735 communica-

229 762 282 789 tur
305 771 311 789 :
331 760 467 797 gratiani
488 769 564 789 vero
585 759 756 797 singularis
771 767 933 797 personae,
953 757 1003 787 vel

230 813 367 849 unionis,
381 813 523 842 Christus
536 812 604 842 aliis
618 821 680 842 non
694 811 919 847 communicat,
929 810 1004 849 quia

229 865 353 903 respicit
374 865 477 904 ipsum
494 865 596 895 50111111
614 874 621 894 z
639 873 717 902 ergo
732 865 807 894 sunt
824 863 1005 893 differentes

230 918 354 955 gratiae.

271 975 299 1000 3.
318 970 409 1007 Item,
427 971 512 1009 quod
528 971 567 999 sit
581 970 642 1000 alia
656 978 755 1008 quam
770 969 873 1007 gratia
890 968 1006 1007 singu—

229 1023 304 1053 laris
319 1033 477 1063 personat,
496 1023 621 1053 videtur
638 1032 644 1052 :
663 1023 738 1062 quia
753 1024 818 1052 esto
836 1021 920 1060 quod
942 1021 1006 1051 hu-

231 1077 365 1107 manitas
379 1079 542 1116 separatur
557 1086 575 1106 a
590 1076 765 1113 divinitate,
781 1075 885 1105 adhuc
898 1077 1006 1105 tamen

231 1132 373 1160 remanet
389 1130 491 1168 gratia
506 1129 677 1168 singularis
692 1137 835 1168 personae
854 1139 860 1157 :
875 1127 927 1157 sed
942 1136 1006 1158 non

232 1185 372 1213 remanet
396 1183 500 1221 gratia
520 1182 645 1221 capitis,
661 1191 719 1211 nec
736 1182 839 1220 gratia
853 1180 980 1211 unionis
997 1190 1004 1210 ε

233 1244 310 1274 ergo
326 1236 428 1274 gratIa
443 1235 552 1274 capitis
567 1234 671 1264 differt
684 1243 702 1263 a
719 1234 821 1272 gratia
836 1233 1007 1271 singularis

234 1297 388 1327 personae.

274 1344 302 1370 4.
321 1341 414 1377 Item,
431 1340 515 1380 quod
531 1340 569 1369 sit
594 1339 654 1369 alia
678 1347 775 1378 quam
791 1338 895 1376 gratia
918 1338 1008 1368 unio-

234 1394 298 1429 nis,
315 1394 440 1423 videtur
460 1402 466 1422 :
484 1393 559 1432 quia
583 1392 686 1431 gratia
708 1391 835 1421 timonis
860 1400 926 1421 non
952 1391 1008 1420 ha-

234 1446 303 1476 buit
318 1456 383 1476 esse
400 1455 457 1476 1166
478 1446 665 1482 efficaciam,
684 1444 742 1474 11151
758 1445 790 1473 111
813 1444 1009 1482 plenitudine

235 1502 436 1538 temporum3
455 1498 559 1537 gratia
582 1497 690 1537 capitis
714 1506 731 1526 a
753 1497 927 1535 primordio
948 1496 1009 1526 ha-

235 1552 301 1582 buit
323 1552 469 1582 effectum
492 1552 525 1581 in
542 1550 663 1581 Sanctis
686 1561 692 1579 z
711 1559 790 1588 ergo
813 1558 939 1580 necesse
963 1551 1010 1579 est

235 1614 287 1635 eas
301 1606 339 1635 ab
355 1605 493 1635 invicem
509 1604 646 1634 differre.

275 1659 335 1689 Sed
351 1662 459 1689 contra
476 1669 481 1688 :
504 1659 539 1688 In
564 1657 658 1688 unica
673 1657 781 1687 anima
794 1665 860 1687 una
873 1658 919 1686 est
934 1665 1008 1695 gra-

235 1712 277 1742 tia
292 1714 421 1751 gratum
435 1711 568 1748 sacIens,
585 1710 663 1740 sieut
678 1719 743 1740 una
758 1712 803 1739 est
822 1709 888 1740 vita
904 1720 910 1738 z
930 1718 1009 1748 ergo

234 1765 259 1794 51
275 1765 382 1795 anima
402 1764 515 1795 Christi
537 1765 582 1793 651
603 1772 684 1800 nna,
705 1764 761 1792 aut
775 1762 878 1800 gratia
898 1762 1010 1800 capitis

236 1826 299 1847 non
324 1819 372 1847 est
391 1819 521 1856 gratum
545 1816 672 1851 faciens,
697 1816 753 1845 aut
774 1824 836 1844 non
862 1814 967 1844 differt
991 1824 1010 1844 a

235 1871 339 1907 gratia
360 1870 498 1904 unionis,
519 1871 549 1899 et
570 1868 742 1907 singularis
766 1875 909 1906 personae
930 1877 936 1896 z
955 1867 1009 1896 sed

236 1925 281 1951 651
293 1925 422 1961 gratum
435 1922 550 1951 faciens
567 1932 573 1950 :
590 1930 679 1959 ergo,
692 1922 750 1950 etc.

277 1975 354 2005 Item
374 1976 458 2006 idem
473 1977 519 2005 est
534 1974 662 2004 habitus
676 1973 814 2003 scientiae
828 1995 836 2008 ,
858 1981 923 2011 quo
938 1972 1010 2011 quis

236 2029 324 2059 novit
337 2030 370 2059 in
385 2038 428 2066 se,
445 2031 475 2059 et
488 2037 552 2068 quo
567 2030 676 2067 potens
694 2030 740 2057 est
754 2027 865 2057 docere
883 2026 960 2056 alios
975 2028 1011 2056 ut

237 2083 387 2121 magister
406 2095 412 2112 2
429 2092 506 2121 ergo
521 2082 589 2122 pari
604 2082 724 2112 ratione
738 2081 823 2111 idem
844 2083 889 2111 est
916 2080 1011 2110 habi-

236 2139 287 2166 tus
310 2136 422 2174 gratiae
438 2145 500 2174 quo
515 2135 547 2165 in
567 2144 599 2165 se
616 2134 779 2174 perficitur
801 2136 832 2163 et
850 2133 910 2163 Deo
934 2133 1010 2163 uni—

236 2191 299 2225 tur,
316 2191 345 2219 et
361 2198 423 2227 quo
438 2188 542 2217 inssnit
555 2188 587 2217 in
604 2188 748 2218 membra
765 2188 795 2217 et
810 2186 854 2216 eis
874 2186 984 2216 unitur
1001 2196 1007 2215 t

236 2241 287 2271 sed
320 2241 440 2280 primns
466 2241 591 2270 habiius
623 2240 735 2278 gratiae
767 2238 881 2269 dicitur
908 2238 1011 2277 gratia

237 2294 409 2332 singularis
436 2302 576 2332 persona?
612 2296 642 2323 61
674 2293 818 2329 unionis,
853 2291 1010 2321 secundus

238 2357 313 2378 vero
329 2347 440 2377 dicitur
460 2347 564 2385 gratia
588 2346 696 2385 capitis
714 2357 720 2375 ς
738 2355 815 2385 ergo
835 2345 938 2384 gratia
959 2354 1009 2374 ca-

237 2401 319 2440 pitis,
333 2402 363 2430 et
378 2400 517 2435 unionis,
531 2402 604 2429 sunt
618 2409 683 2429 una
697 2399 801 2438 gratia
817 2407 891 2429 cum
906 2398 1010 2436 gratia

235 2455 408 2494 singularis
423 2463 577 2494 personae.

276 2509 364 2546 Item,
376 2518 413 2539 eo
426 2508 493 2548 ipso
507 2510 552 2538 est
566 2507 617 2537 1116
631 2507 727 2537 1101110
742 2508 836 2545 caput
851 2505 1009 2543 Ecclesiae,

268 2593 299 2619 (a)
320 2590 381 2614 Coet.
405 2590 467 2613 edit.
483 2590 590 2613 Videtar
605 2588 775 2612 communiter
790 2587 932 2610 secundum
947 2587 1009 2610 (106-

235 2628 310 2649 tores.
329 2627 354 2649 In
370 2626 479 2649 Christo.
491 2638 520 2643 —
532 2625 566 2655 (bi
580 2625 640 2648 Caet.
653 2624 714 2647 edit.
728 2623 815 2646 desunt
829 2623 932 2646 diversa
946 2628 1007 2646 non.

795 162 1103 195 SENTENTIARUM
1126 162 1198 193 LIB.
1222 162 1275 192 111.

1056 238 1121 269 quo
1138 231 1320 268 assumptus
1333 231 1379 258 est
1393 238 1412 259 a
1425 229 1528 260 Verbo
1543 230 1577 260 in
1592 231 1746 261 unitatem
1762 240 1831 271 per-

1057 292 1144 313 sonae
1167 292 1174 313 :
1199 283 1251 313 sed
1277 283 1336 313 hoe
1361 286 1407 314 est
1426 294 1482 324 per
1503 286 1641 324 gratiam
1665 286 1793 316 unionis
1821 296 1827 317 :

1057 345 1135 375 ergo
1161 336 1264 375 gratia
1288 336 1433 375 unionis,
1459 340 1489 368 61
1513 339 1642 378 capitis,
1668 340 1743 369 sunt
1766 348 1832 369 una

1058 390 1171 429 gratia.
1193 390 1296 421 Minor
1319 391 1485 422 manifesta
1503 394 1550 422 est
1566 403 1572 422 t
1591 393 1694 432 major
1714 392 1832 432 proba-

1058 444 1110 472 tur
1134 452 1189 482 per
1216 443 1304 481 illud,
1330 444 1415 483 quod
1436 444 1551 475 dicitur
1574 445 1613 475 ad
1634 445 1829 485 Ephesios¹t

1058 498 1167 536 Ipsum
1186 497 1277 529 dedit
1297 500 1405 536 caput,
1422 500 1479 527 etc.
1495 509 1501 535 ;
1520 497 1626 528 Glossa
1643 509 1649 528 z
1671 497 1832 528 «Nullum

1059 550 1162 588 majus
1179 549 1300 580 donum
1317 551 1468 589 praestare
1482 551 1586 589 posset
1600 549 1682 580 Deus
1695 549 1834 580 homini-

1058 603 1129 640 bus,
1146 612 1244 642 quam
1258 605 1293 633 111
1307 602 1446 633 Verbum
1461 612 1568 641 suum,
1584 611 1640 642 per
1654 602 1738 642 quod
1756 611 1833 633 con-

1059 655 1136 685 didit
1151 655 1258 685 omnia
1270 679 1278 693 ,
1295 656 1410 686 faceret
1428 655 1489 686 illis
1504 657 1599 694 caput
1621 663 1687 685 esse
1704 665 1711 685 ε
1736 654 1835 685 Filius

1059 708 1130 743 Dei,
1156 710 1186 737 et
1200 708 1284 738 filius
1303 708 1461 745 hominis3
1479 716 1564 738 unus
1586 707 1668 738 Deus
1683 716 1757 738 cum
1774 706 1833 738 Pa-

1059 762 1122 797 tre,
1139 770 1224 791 1111115
1242 761 1339 791 1101110
1361 769 1436 790 611111
1460 760 1654 790 110111111111115.
1670 771 1685 788 u
1705 759 1753 790 Ex
1774 759 1836 790 hoc

1059 822 1204 853 expresse
1218 814 1367 851 habetur,
1386 814 1471 853 quod
1486 822 1523 844 eo
1538 815 1584 844 est
1598 813 1650 844 ille
1666 813 1764 844 homo
1780 822 1834 843 ca-

1058 869 1126 906 put,
1138 876 1202 906 quo
1215 876 1233 897 a
1247 866 1350 898 Verbo
1366 867 1419 897 Dei
1433 868 1615 906 assumptus
1628 866 1663 896 in
1677 866 1833 896 unitatem

1060 929 1215 959 personae.

1102 972 1192 1010 Item,
1206 973 1290 1012 quod
1304 982 1359 1012 per
1374 972 1696 1012 superabundantiam
1708 972 1833 1009 dicitur,

1061 1026 1118 1056 uni
1140 1026 1197 1056 soli
1223 1026 1369 1056 convenit
1394 1036 1401 1056 :
1428 1026 1481 1056 sed
1503 1025 1606 1064 gratia
1634 1025 1761 1055 unionis
1786 1027 1833 1055 est

1062 1088 1188 1109 summa
1203 1079 1321 1118 gratia,
1337 1081 1373 1108 ut
1388 1078 1462 1109 dicit
1480 1077 1682 1117 Augustinus
1698 1077 1736 1109 de
1762 1077 1834 1108 Tri-

1061 1134 1164 1164 nitate
1175 1136 1196 1169 2,
1213 1134 1243 1162 et
1257 1132 1393 1162 habetur
1413 1131 1447 1161 in
1460 1131 1616 1171 principio
1632 1131 1836 1170 praecedentis

1062 1186 1270 1216 (115111161101115
1280 1196 1286 1215 2
1297 1185 1335 1215 In
1350 1185 1441 1216 rebus
1449 1193 1507 1223 per
1522 1187 1642 1223 tempus
1657 1184 1749 1221 ortis,
1761 1185 1834 1221 etc.;

1062 1240 1165 1278 gratia
1183 1239 1292 1278 capitis
1313 1241 1359 1269 est
1382 1247 1526 1276 summa,
1543 1237 1623 1268 sieut
1644 1237 1782 1268 habetur
1804 1237 1837 1267 in

1062 1292 1246 1322 anctoritate
1271 1292 1435 1331 praemissa
1462 1302 1468 1320 2
1493 1299 1570 1329 ergo
1597 1290 1701 1329 gratia
1727 1290 1838 1330 capitis

1063 1354 1127 1375 non
1146 1345 1252 1375 dissert
1264 1354 1282 1374 a
1295 1344 1398 1383 gratia
1413 1344 1553 1374 unionis.

1105 1398 1194 1435 Item,
1210 1398 1294 1437 qnod
1310 1398 1379 1427 haec
1393 1397 1517 1427 diversa
1532 1405 1597 1426 non
1618 1396 1655 1435 (b)
1673 1396 1712 1426 511
1727 1405 1746 1426 a
1761 1404 1838 1435 gra-

1062 1451 1105 1481 tia
1130 1451 1303 1489 singularis
1327 1458 1491 1490 personae,
1517 1448 1662 1486 videtur,
1687 1449 1838 1488 quoniam

1064 1503 1205 1534 Christus
1220 1505 1266 1533 est
1280 1505 1374 1542 capnt
1391 1502 1568 1533 secundum
1588 1501 1674 1531 illam
1688 1501 1836 1540 gratiam,

1064 1557 1240 1587 secundum
1262 1565 1358 1596 quam
1374 1558 1421 1586 est
1440 1556 1475 1585 in
1495 1556 1563 1594 ipso
1583 1563 1736 1584 sensuum
1755 1554 1839 1585 11116-

1064 1610 1163 1649 gritas
1187 1612 1216 1640 et
1240 1609 1387 1650 perfectio
1416 1620 1422 1639 :
1451 1611 1481 1639 61
1511 1609 1571 1639 1106
1594 1610 1640 1638 651
1662 1607 1838 1639 secundum

1064 1664 1201 1702 gratiam
1215 1663 1390 1702 singularis
1400 1670 1544 1701 personae
1558 1672 1564 1691 :
1575 1670 1663 1700 ergo,
1674 1663 1733 1691 etc.
1746 1660 1836 1699 Item,

1064 1716 1242 1746 secundum
1262 1715 1348 1745 illam
1365 1714 1502 1753 gratiam
1517 1713 1657 1744 Christus
1672 1715 1718 1743 est
1732 1715 1836 1753 caput,

1064 1768 1239 1798 secundum
1253 1777 1351 1807 quam
1367 1776 1423 1806 pro
1443 1766 1534 1797 nobis
1549 1766 1711 1804 satisfecit,
1727 1766 1838 1796 nobis-

1065 1831 1126 1861 que
1141 1821 1317 1861 promeruit
1332 1821 1469 1859 gratiam
1489 1821 1647 1859 quantum
1662 1819 1701 1850 ad
1716 1820 1838 1849 motum

1065 1877 1095 1905 et
1111 1883 1240 1905 sensum
1255 1875 1294 1905 ad
1308 1883 1367 1904 nos
1382 1873 1518 1904 derivari
1535 1884 1541 1903 z
1560 1873 1613 1904 sed
1634 1873 1695 1903 hoc
1716 1872 1776 1903 fuit
1789 1881 1837 1902 se-r

1065 1928 1207 1958 cundum
1233 1928 1371 1966 gratiam
1393 1935 1535 1966 personae
1556 1925 1747 1965 singularis,
1764 1924 1839 1964 quia

1065 1983 1222 2020 quantum
1236 1981 1275 2011 ad
1288 1980 1375 2010 illam
1387 1980 1561 2010 attenditur
1573 1979 1742 2009 meritum:
1759 1986 1838 2017 ergo

1066 2031 1149 2062 idem
1165 2031 1250 2071 quod
1262 2031 1362 2071 prius.

1340 2148 1564 2180 CONCLUSIO.

1066 2230 1163 2257 Gratia
1182 2230 1329 2263 singularis
1347 2237 1481 2263 pcrsonoe,
1503 2231 1528 2255 et
1544 2229 1637 2262 qratia
1655 2227 1770 2261 capitis,
1795 2233 1834 2252 se-

1101 2274 1214 2301 cundum
1233 2274 1352 2300 diversas
1367 2275 1528 2308 acceptiones
1551 2279 1642 2299 earum
1659 2272 1721 2297 sunt
1742 2267 1812 2296 idem
1825 2289 1833 2302 ,

1103 2319 1145 2344 vel
1160 2318 1279 2345 (liversae.

1106 2398 1197 2438 Resp.
1215 2399 1253 2429 ad
1268 2407 1337 2436 arg.
1354 2397 1402 2428 Ad
1416 2396 1640 2436 praedictorum
1654 2393 1836 2432 intelligen-

1064 2451 1141 2481 tiam
1156 2453 1203 2481 est
1221 2450 1412 2486 notandum,
1428 2448 1513 2488 quod
1534 2447 1639 2486 gratia
1662 2445 1835 2485 singularis

1065 2513 1208 2544 personae
1232 2503 1358 2544 proprie
1378 2501 1522 2532 nominat
1543 2500 1701 2536 habitum,
1727 2507 1837 2530 secun-

1100 2586 1104 2600 ¹
1119 2584 1219 2615 Ephes„
1232 2589 1251 2612 1,
1263 2584 1302 2607 22.
1314 2595 1340 2600 —
1353 2582 1363 2598 ²
1373 2583 1448 2612 Aug„
1458 2580 1488 2604 de
1498 2581 1600 2610 Trinit„
1609 2580 1653 2604 lib.
1667 2579 1734 2609 XIII,
1746 2585 1769 2602 c.
1781 2582 1835 2607 XIX,

1067 2627 1093 2644 n.
1110 2621 1148 2644 24.
