2017 2960
29 494 134 515 Fundam.

37 2116 69 2136 Ad
87 2123 138 2146 opp,

635 154 730 185 DIS'I'.
754 152 861 183 XVIII.
886 150 976 183 ART.
1001 151 1038 182 II.
1062 151 1210 189 QUAEST.
1233 153 1272 183 lI.

421 280 601 318 QUAESTIO
625 281 663 312 II.

186 365 232 391 An
254 363 375 391 Christus
389 367 515 393 meruerit
538 366 591 393 sibi
614 366 731 401 corporis
752 365 889 399 glorifica-

468 411 569 437 tionem
583 413 600 435 ¹.

191 487 304 518 Utrum
336 488 479 519 Christus
520 489 674 520 meruerIt
707 488 757 519 sui
783 487 924 527 corporis

150 541 430 580 glorificationem;
449 544 480 572 et
494 542 580 582 quod
596 543 649 580 sic,
672 541 796 571 videtur
816 542 925 571 aucto-

149 594 242 625 ritate
267 594 408 633 Magistri
426 596 456 626 in
476 596 579 626 littera
597 604 604 625 :
626 606 640 624 (ι
655 594 767 626 Merito
791 594 923 625 humili-

149 647 221 677 tatis
234 649 265 678 et
278 648 384 678 anima
399 648 600 688 impassibilis
620 647 701 678 facta
716 649 773 683 est,
797 649 829 678 et
851 655 924 676 caro

149 700 348 732 immortalis.
365 712 378 729 n
398 701 483 740 Ergo
500 701 641 732 Christus
656 701 774 731 meruit
796 701 924 730 immor-

148 753 302 785 talitatem
327 754 449 785 carnis:
466 763 544 793 ergo
567 754 831 794 glorificationem
854 763 924 784 eor-

149 807 246 847 poris.

190 859 267 892 Item
281 885 289 899 ‚
316 861 399 892 sicut
423 870 480 902 per
502 861 718 893 humilitatem
738 861 925 901 pervenitur

150 913 188 944 ad
207 914 430 946 exaltationem
444 939 453 954 ,
477 915 522 946 sic
543 915 648 955 passio
669 915 722 945 via
747 916 793 945 est
815 923 925 954 perve-

150 967 260 998 niendi
288 968 327 999 ad
357 969 640 1009 impassibilitatem
667 979 673 999 :
700 968 753 999 sed
782 968 925 999 Christus

152 1019 212 1050 1100
226 1021 320 1051 modo
336 1022 481 1061 pervenit
495 1022 533 1053 ad
548 1022 834 1062 impassibilitatem
855 1031 925 1052 001·-

151 1074 237 1113 poris
255 1084 261 1104 :
276 1083 354 1113 ergo
368 1075 455 1105 illam
469 1075 558 1115 prius
573 1075 758 1115 promeruit-

190 1126 280 1165 Item,
297 1128 453 1158 efficacius
478 1130 619 1158 meretur
643 1128 713 1167 quis
733 1128 806 1166 sibi,
827 1137 924 1167 quam

149 1179 221 1218 alii;
249 1180 310 1210 hoc
332 1189 396 1211 non
415 1180 509 1211 habet
524 1181 707 1211 instantiam
723 1181 760 1211 de
775 1181 835 1219 his,
852 1190 925 1220 quae

150 1235 225 1263 sunt
248 1235 322 1263 nata
346 1233 456 1263 cadere
479 1234 539 1264 sul)
560 1233 696 1264 merito:
713 1234 766 1264 sed
783 1233 925 1264 Christus

150 1285 267 1316 meruit
282 1286 350 1317 aliis
366 1287 643 1325 resurrectionem,
658 1289 688 1318 et
703 1287 842 1328 corporis
853 1287 925 1327 glo-

150 1339 359 1369 rificationem
378 1349 385 1370 :
402 1349 480 1379 ergo
499 1340 599 1371 multo
611 1341 725 1371 fortius
738 1340 857 1372 meruit
875 1341 924 1371 sui

151 1393 291 1432 corporis
305 1393 580 1433 glorificationem.

191 1447 281 1484 Item,
308 1447 387 1477 nihil
409 1447 479 1487 plus
503 1447 678 1487 requiritur
704 1447 742 1478 ad
769 1448 924 1479 rationem

151 1501 268 1539 meriti,
285 1500 343 1531 nisi
362 1501 505 1532 merendi
525 1501 717 1541 principium
730 1525 738 1539 ‚
763 1503 793 1531 et
813 1503 924 1539 status,

150 1556 181 1585 et
195 1554 272 1584 ordo
288 1555 393 1585 meriti
407 1555 444 1585 ad
457 1555 627 1594 praemium
645 1563 651 1583 :
668 1554 721 1585 sed
734 1554 805 1585 haec
818 1553 926 1584 omnia

150 1607 354 1647 reperiuntur
364 1608 398 1638 in
411 1607 533 1639 Christo
556 1617 595 1638 ex
611 1610 701 1648 parte
716 1607 924 1647 glorificatio-

150 1660 200 1691 nis
214 1661 369 1701 corporis3
388 1661 526 1692 habebat
540 1661 626 1691 enim
635 1661 835 1698 charitatem,
854 1670 926 1700 quae

151 1716 218 1744 erat
237 1714 429 1754 principium
450 1714 525 1745 boni
545 1714 663 1754 operis;
681 1714 817 1744 habebat
831 1714 926 1745 etiam

150 1769 268 1798 statum
287 1767 429 1798 merendi
445 1777 484 1798 ex
499 1769 588 1808 parte
604 1767 762 1805 inferiori;
780 1769 927 1807 expecta-

151 1820 205 1851 bat
230 1821 325 1851 etiam
351 1821 617 1860 glorificationem
648 1821 697 1851 sui
721 1821 862 1861 corporis
889 1821 927 1852 de

152 1875 272 1906 futuro.
302 1875 333 1906 Si
357 1885 437 1915 ergo
462 1876 570 1907 omnia
592 1876 645 1906 illa
674 1878 869 1907 concurrunt
894 1876 927 1907 in

153 1928 276 1960 Christo
287 1952 294 1965 ,
313 1938 385 1968 qua:
402 1930 613 1969 requiruntur
635 1929 673 1960 ad
689 1930 840 1960 merItum
854 1954 861 1968 ‚
877 1929 928 1961 vi-

153 1981 246 2013 detur
258 1983 342 2022 quod
359 1982 501 2014 Christus
510 1984 775 2023 glorificationem
787 1983 927 2024 corporis

154 2035 203 2067 sui
217 2037 411 2068 merebatur.

195 2090 254 2121 Sed
271 2093 379 2121 contra
401 2101 407 2121 :
427 2092 455 2121 1.
472 2089 647 2121 Praemium
662 2092 709 2121 est
723 2090 929 2121 excellentius

156 2144 269 2175 merito
282 2168 289 2181 ‚
306 2144 382 2184 quia
400 2143 482 2174 Deus
504 2145 687 2175 remunerat
707 2153 805 2184 supra
819 2144 927 2175 condi-

155 2207 258 2237 gnum
276 2209 283 2229 :
302 2198 356 2229 sed
372 2198 507 2229 charitas
528 2198 642 2230 Christi
661 2199 929 2239 superexcedebat

154 2251 415 2290 glorificatIOnem
428 2252 567 2292 corporis
581 2262 587 2282 ε
606 2261 684 2291 ergo
701 2262 782 2292 opus
796 2262 836 2283 ex
851 2253 929 2284 cha-

154 2304 245 2335 ritate
267 2305 320 2335 illa
345 2305 517 2345 procedens
547 2305 685 2344 dignum
714 2307 783 2336 erat
813 2306 927 2346 maiori

155 2358 410 2389 remuneratione
429 2369 436 2389 ε
459 2367 525 2389 11011
547 2368 626 2398 ergo
653 2359 861 2391 ordinabatur
887 2360 926 2391 ad

156 2410 418 2450 glorificationem
452 2412 593 2453 corporis
616 2435 624 2451 ,
653 2412 737 2444 sicut
767 2413 806 2444 ad
841 2423 929 2454 prae-

158 2464 272 2499 mium.

196 2520 226 2548 2.
260 2517 356 2556 Item,
381 2518 488 2550 anima
518 2519 633 2550 Christi
665 2520 841 2552 beatificata
868 2522 928 2554 suit

157 2572 277 2612 absque
297 2572 419 2604 meritis
439 2577 568 2616 propter
589 2575 743 2608 unionem
766 2576 867 2617 ipsius
888 2579 927 2610 ad

192 2638 198 2653 ¹
215 2637 285 2661 Alex.
302 2637 407 2665 Mennis,
420 2644 445 2668 p.
459 2638 501 2670 III,
516 2647 540 2670 q.
557 2646 620 2670 xvii,
636 2641 732 2665 memb,
747 2642 759 2665 4
770 2659 776 2671 ,
791 2649 878 2673 parag.
896 2645 925 2673 ‘25

1698 159 1756 190 397

980 219 1129 250 deitatem
1147 229 1154 250 :
1172 229 1251 261 ergo
1277 221 1344 261 pari
1371 221 1493 253 ratione
1516 223 1654 261 videtur,
1670 225 1756 264 quod

981 281 1095 313 corpus
1119 273 1232 304 Christi
1246 274 1365 314 absque
1380 275 1501 306 meritis
1516 275 1662 307 debuerit
1675 278 1756 308 effici

980 325 1169 364 gloriosum.

1022 382 1050 409 3.
1071 379 1160 417 Item,
1178 380 1320 411 Christus
1341 390 1505 421 nunquam
1533 382 1644 413 hibuit
1669 382 1757 413 debi-

980 434 1048 462 tum
1074 433 1272 464 mortalitatis
1297 445 1303 464 :
1330 444 1409 474 ergo
1433 435 1559 467 videtur
1587 436 1672 476 quod
1694 436 1755 476 ipsi

980 486 1100 525 corpori
1126 486 1239 516 Christi
1263 487 1301 517 de
1325 497 1358 518 se
1381 488 1549 519 deberetur
1573 489 1676 528 gloria
1691 489 1755 519 im-

981 539 1202 569 mortalitatis:
1222 548 1287 570 non
1315 549 1395 579 ergo
1424 542 1552 573 videtur
1573 542 1659 582 quod
1684 551 1754 574 eam

981 601 1037 631 per
1052 592 1165 622 merita
1180 593 1373 632 acquisierit.

1021 648 1051 675 4.
1076 645 1153 676 Item
1167 670 1174 684 ‚
1191 648 1248 676 aut
1273 646 1443 685 gloriosius
1465 649 1532 678 erat
1553 647 1673 679 Christo
1695 648 1756 679 ha-

981 699 1055 730 bere
1077 699 1213 738 gloriam
1241 699 1380 739 eorporis
1393 700 1460 730 sine
1476 700 1612 739 meritis,
1629 703 1686 731 aut
1701 710 1756 741 per

980 752 1095 783 merita
1112 763 1118 782 z
1134 753 1159 782 si
1178 753 1246 783 sine
1270 752 1409 792 meritis,
1428 755 1458 783 et
1477 753 1561 793 quod
1585 753 1755 793 gloriosius

980 808 1026 837 est
1043 806 1164 837 Christo
1187 808 1234 836 est
1248 806 1499 844 attribuendum,
1518 815 1598 846 ergo
1613 806 1756 838 Christus

980 858 1117 898 gloriam
1140 859 1227 889 illam
1239 858 1298 889 sibi
1314 868 1378 889 11011
1395 859 1512 890 meruit
1527 868 1534 897 ;
1552 859 1577 889 si
1593 868 1649 899 per
1663 859 1757 890 111011-

980 913 1024 949 ta,
1041 912 1109 951 pari
1124 912 1248 943 ratione
1264 912 1323 943 erit
1341 914 1372 942 et
1393 912 1431 943 de
1452 912 1556 951 gloria
1571 912 1709 943 animae:
1731 912 1757 943 si

980 974 1059 1004 ergo
1082 965 1168 996 illam
1191 975 1256 997 non
1284 965 1417 1004 meruit,
1445 965 1570 996 videtur
1594 965 1680 1006 quod
1698 974 1757 997 nec

980 1019 1085 1050 istam.

1022 1074 1051 1102 5.
1077 1072 1171 1109 Item,
1187 1074 1242 1103 aut
1265 1072 1479 1104 necessarium
1504 1075 1571 1104 erat
1594 1073 1755 1104 Christum

981 1126 1096 1157 mereri
1122 1126 1257 1164 gloriam
1283 1126 1441 1165 corporis,
1467 1128 1522 1156 aut
1544 1135 1608 1157 non
1626 1127 1755 1158 :sinon

980 1181 1048 1210 erat
1060 1179 1284 1216 necessarium⁷
1302 1188 1375 1209 cum
1391 1179 1534 1210 Christus
1545 1179 1634 1210 nulla
1648 1180 1756 1211 fecerit

980 1235 1097 1273 praeter
1115 1232 1292 1263 necessaria
1304 1257 1311 1271 ‚
1330 1242 1395 1263 11011
1420 1232 1546 1263 videtur
1560 1233 1645 1272 quod
1661 1233 1754 1264 Chri-

980 1289 1047 1317 stus
1070 1286 1208 1326 gloriam
1232 1286 1318 1316 illam
1341 1285 1526 1326 acquisierit
1547 1295 1603 1326 per
1616 1287 1751 1326 merita;

980 1340 1007 1370 si
1036 1340 1249 1370 necessarium
1277 1342 1361 1377 erat,
1378 1348 1456 1378 ergo
1472 1338 1612 1370 Christus
1634 1339 1755 1370 meritis

980 1393 1146 1432 indigebat
1156 1393 1195 1424 ad
1207 1393 1255 1423 sui
1266 1392 1540 1432 glorificationem.
1557 1392 1616 1424 Sed
1628 1395 1751 1424 contra:

981 1446 1063 1477 Deus
1086 1446 1236 1487 parvulos
1260 1446 1417 1486 glorificat
1431 1455 1488 1486 per
1502 1446 1602 1477 solam
1617 1447 1755 1486 gratiam

981 1501 1100 1540 absque
1120 1501 1240 1531 meritis
1266 1500 1331 1531 suis
1348 1511 1354 1531 :
1372 1509 1450 1540 ergo
1463 1523 1471 1538 ‚
1490 1500 1515 1530 si
1532 1501 1634 1532 multo
1653 1502 1756 1541 maior

982 1554 1085 1593 gratia
1108 1554 1211 1585 fuerat
1235 1554 1270 1584 in
1294 1553 1432 1592 Christo,
1450 1563 1514 1584 nou
1528 1554 1655 1585 videtur
1670 1554 1755 1594 quod

981 1608 1020 1638 ad
1035 1608 1086 1638 sui
1108 1607 1372 1646 glorificationem
1393 1607 1515 1638 meritis
1529 1607 1713 1647 indiguerit.

1022 1663 1051 1691 6.
1080 1661 1175 1698 Item,
1193 1661 1218 1691 si
1234 1660 1376 1692 Christus
1396 1660 1513 1691 meruit
1537 1660 1597 1691 sibi
1618 1660 1755 1701 gloriam

981 1715 1133 1755 corporis,
1149 1714 1216 1746 sive
1232 1714 1344 1745 stolam
1359 1714 1542 1752 secundam,
1559 1723 1639 1754 ergo
1653 1715 1757 1755 patie-

982 1768 1076 1799 batur
1095 1768 1134 1799 ad
1156 1768 1325 1798 utilitatem
1340 1777 1432 1799 suam
1449 1778 1456 1799 :
1474 1777 1541 1798 11011
1560 1777 1638 1807 ergo
1653 1768 1757 1799 solum

982 1822 1162 1862 patiebatur
1189 1823 1317 1862 propter
1344 1821 1556 1861 indigentiam
1588 1824 1754 1853 nostram:

983 1876 1014 1905 et
1037 1874 1063 1905 si
1087 1875 1148 1905 1100
1171 1883 1284 1905 verum
1305 1876 1368 1913 est,
1386 1876 1463 1905 tunc
1478 1883 1543 1905 non
1566 1876 1714 1906 tenemur
1728 1875 1758 1906 ei

983 1928 1022 1959 ad
1037 1930 1141 1959 tantas
1156 1928 1276 1968 gratias
1291 1928 1446 1967 agendas,
1464 1927 1502 1959 ad
1518 1930 1654 1968 quantas
1668 1930 1757 1960 tene-

982 1991 1094 2013 remur
1109 1983 1148 2021 01,
1168 1982 1193 2012 51
1209 1982 1290 2012 nihil
1304 1982 1365 2012 sibi
1383 1982 1568 2020 meruisset,
1586 1983 1638 2014 sed
1654 1983 1759 2014 solum

983 2045 1041 2076 pro
1054 2036 1144 2066 nobis
1160 2035 1334 2067 crucifixus
1347 2035 1469 2067 fuisset.

1257 2154 1485 2187 CONCLUSIO.

984 2235 1103 2262 Christus
1121 2234 1219 2260 meruit
1240 2233 1464 2267 glorificationem
1482 2233 1525 2260 sui
1549 2233 1682 2268 corporis,
1703 2240 1755 2260 non

1061 2280 1147 2307 solum
1159 2280 1190 2306 in
1205 2277 1320 2313 aqendo,
1335 2278 1381 2305 sed
1393 2279 1476 2305 etiam
1490 2279 1520 2305 in
1533 2277 1673 2313 paciendo.

1023 2360 1114 2400 Resp.
1132 2359 1170 2390 ad
1185 2367 1255 2398 arg.
1271 2357 1447 2390 Dicendum
1463 2358 1548 2399 quod
1560 2358 1679 2399 absque
1693 2359 1757 2390 du-

981 2415 1034 2447 bio
1049 2413 1189 2446 Christus
1203 2412 1262 2443 sibi
1275 2411 1393 2443 meruit
1406 2411 1670 2451 glorificationem
1690 2422 1758 2444 cor-

981 2469 1069 2511 poris
1082 2476 1148 2499 non
1161 2466 1266 2498 solum
1281 2465 1315 2496 in
1329 2465 1466 2505 agendo,
1483 2473 1597 2497 verum
1611 2465 1706 2496 etiam
1723 2466 1758 2499 in

982 2523 1131 2565 patiendo
1144 2546 1152 2560 ‚
1176 2521 1258 2553 sicut
1280 2520 1431 2561 Magister
1456 2529 1604 2561 expresse
1626 2520 1703 2552 dicit
1722 2521 1757 2553 in

982 2605 1090 2631 Richard
1104 2624 1111 2636 ‚
1127 2605 1157 2629 111
1170 2604 1248 2632 Sent„
1260 2602 1316 2627 dist.
1331 2607 1408 2632 xvm,
1422 2603 1468 2626 art.
1483 2603 1505 2631 2,
1522 2608 1546 2632 q.
1564 2607 1596 2632 11;
1611 2601 1755 2633 Stephanus

985 2641 1089 2670 Brulef..
1102 2642 1133 2665 Ill
1148 2640 1226 2670 Seni„
1241 2638 1299 2664 dist.
1320 2643 1393 2667 xv111,
1409 2644 1434 2668 q.
1452 2642 1475 2662 v.
