<?xml version="1.0" encoding="UTF-8"?>
<!DOCTYPE html PUBLIC "-//W3C//DTD XHTML 1.0 Transitional//EN"
    "http://www.w3.org/TR/xhtml1/DTD/xhtml1-transitional.dtd">
<html xmlns="http://www.w3.org/1999/xhtml" xml:lang="en" lang="en">
 <head>
  <title>
</title>
<meta http-equiv="Content-Type" content="text/html;charset=utf-8" />
  <meta name='ocr-system' content='tesseract 3.04.00' />
  <meta name='ocr-capabilities' content='ocr_page ocr_carea ocr_par ocr_line ocrx_word'/>
</head>
<body>
  <div class='ocr_page' id='page_1' title='image "./operaomniasixtiv04bonauoft/operaomniasixtiv04bonauoft_0135.png"; bbox 0 0 2017 2960; ppageno 0'>
   <div class='ocr_carea' id='block_1_1' title="bbox 841 137 1760 171">
    <p class='ocr_par' dir='ltr' id='par_1_1' title="bbox 841 137 1760 171">
     <span class='ocr_line' id='line_1_1' title="bbox 841 137 1760 171; baseline -0.001 0"><span class='ocrx_word' id='word_1_1' title='bbox 841 137 1034 171; x_wconf 80' lang='lat' dir='ltr'>nlSTth‘r.</span> <span class='ocrx_word' id='word_1_2' title='bbox 1066 137 1103 169; x_wconf 83' lang='lat' dir='ltr'>V.</span> <span class='ocrx_word' id='word_1_3' title='bbox 1704 141 1760 170; x_wconf 75' lang='lat' dir='ltr'>ita</span> 
     </span>
    </p>
   </div>
   <div class='ocr_carea' id='block_1_2' title="bbox 158 205 1769 2614">
    <p class='ocr_par' dir='ltr' id='par_1_2' title="bbox 158 205 1769 2460">
     <span class='ocr_line' id='line_1_2' title="bbox 162 205 1764 252; baseline -0.003 -9"><span class='ocrx_word' id='word_1_4' title='bbox 162 209 312 244; x_wconf 76' lang='lat' dir='ltr'>Peenem¹</span> <span class='ocrx_word' id='word_1_5' title='bbox 326 221 338 241; x_wconf 90' lang='lat'>.·</span> <span class='ocrx_word' id='word_1_6' title='bbox 350 222 367 241; x_wconf 75' lang='grc' dir='ltr'><strong>α</strong></span> <span class='ocrx_word' id='word_1_7' title='bbox 380 209 468 242; x_wconf 89' lang='lat' dir='ltr'>Deus</span> <span class='ocrx_word' id='word_1_8' title='bbox 485 209 687 252; x_wconf 73' lang='lat' dir='ltr'>unigenitus,</span> <span class='ocrx_word' id='word_1_9' title='bbox 705 208 786 242; x_wconf 85' lang='lat' dir='ltr'>dum</span> <span class='ocrx_word' id='word_1_10' title='bbox 800 207 1037 252; x_wconf 72' lang='lat' dir='ltr'>conciperetur,</span> <span class='ocrx_word' id='word_1_11' title='bbox 1054 207 1223 240; x_wconf 81' lang='lat' dir='ltr'>veritatem</span> <span class='ocrx_word' id='word_1_12' title='bbox 1238 205 1346 238; x_wconf 83' lang='lat' dir='ltr'>caruis</span> <span class='ocrx_word' id='word_1_13' title='bbox 1361 206 1483 250; x_wconf 83' lang='lat' dir='ltr'>accepit</span> <span class='ocrx_word' id='word_1_14' title='bbox 1496 217 1535 238; x_wconf 71' lang='lat' dir='ltr'>ex</span> <span class='ocrx_word' id='word_1_15' title='bbox 1554 205 1689 248; x_wconf 73' lang='lat' dir='ltr'>Virgine</span> <span class='ocrx_word' id='word_1_16' title='bbox 1709 220 1715 247; x_wconf 86' lang='lat'>;</span> <span class='ocrx_word' id='word_1_17' title='bbox 1734 213 1764 238; x_wconf 81' lang='lat' dir='ltr'>et</span> 
     </span>
     <span class='ocr_line' id='line_1_3' title="bbox 163 263 1765 310; baseline -0.002 -10"><span class='ocrx_word' id='word_1_18' title='bbox 163 278 238 301; x_wconf 90' lang='lat' dir='ltr'>cum</span> <span class='ocrx_word' id='word_1_19' title='bbox 254 270 451 309; x_wconf 78' lang='lat' dir='ltr'>nasceretur,</span> <span class='ocrx_word' id='word_1_20' title='bbox 470 267 690 310; x_wconf 73' lang='lat' dir='ltr'>integritatem</span> <span class='ocrx_word' id='word_1_21' title='bbox 706 265 905 309; x_wconf 83' lang='lat' dir='ltr'>virginitatis</span> <span class='ocrx_word' id='word_1_22' title='bbox 918 265 1062 297; x_wconf 79' lang='lat' dir='ltr'>servavit</span> <span class='ocrx_word' id='word_1_23' title='bbox 1077 265 1110 297; x_wconf 94' lang='lat' dir='ltr'>in</span> <span class='ocrx_word' id='word_1_24' title='bbox 1126 269 1240 297; x_wconf 85' lang='lat' dir='ltr'>matre.</span> <span class='ocrx_word' id='word_1_25' title='bbox 1256 277 1270 293; x_wconf 72' lang='grc' dir='ltr'><strong>υ</strong></span> <span class='ocrx_word' id='word_1_26' title='bbox 1291 263 1329 296; x_wconf 69' lang='lat' dir='ltr'>tit</span> <span class='ocrx_word' id='word_1_27' title='bbox 1344 263 1443 308; x_wconf 89' lang='lat' dir='ltr'>paulo</span> <span class='ocrx_word' id='word_1_28' title='bbox 1459 267 1566 308; x_wconf 78' lang='lat' dir='ltr'>post&#39;:</span> <span class='ocrx_word' id='word_1_29' title='bbox 1580 277 1596 294; x_wconf 79' lang='grc' dir='ltr'>ιι</span> <span class='ocrx_word' id='word_1_30' title='bbox 1611 263 1664 296; x_wconf 74' lang='lat' dir='ltr'>Sic</span> <span class='ocrx_word' id='word_1_31' title='bbox 1680 264 1765 297; x_wconf 80' lang='lat' dir='ltr'>Deus</span> 
     </span>
     <span class='ocr_line' id='line_1_4' title="bbox 164 322 1762 369; baseline -0.002 -12"><span class='ocrx_word' id='word_1_32' title='bbox 164 324 342 358; x_wconf 81' lang='lat' dir='ltr'>humanam</span> <span class='ocrx_word' id='word_1_33' title='bbox 359 328 510 358; x_wconf 81' lang='lat' dir='ltr'>naturam</span> <span class='ocrx_word' id='word_1_34' title='bbox 528 325 561 358; x_wconf 92' lang='lat' dir='ltr'>in</span> <span class='ocrx_word' id='word_1_35' title='bbox 579 325 737 358; x_wconf 89' lang='lat' dir='ltr'>unitatem</span> <span class='ocrx_word' id='word_1_36' title='bbox 754 334 897 369; x_wconf 59' lang='lat' dir='ltr'>personae</span> <span class='ocrx_word' id='word_1_37' title='bbox 912 323 1064 367; x_wconf 77' lang='lat' dir='ltr'>suscepit,</span> <span class='ocrx_word' id='word_1_38' title='bbox 1082 322 1170 367; x_wconf 82' lang='lat' dir='ltr'>quod</span> <span class='ocrx_word' id='word_1_39' title='bbox 1182 333 1214 354; x_wconf 74' lang='lat' dir='ltr'>se</span> <span class='ocrx_word' id='word_1_40' title='bbox 1226 322 1406 355; x_wconf 85' lang='lat' dir='ltr'>humilians</span> <span class='ocrx_word' id='word_1_41' title='bbox 1420 333 1476 367; x_wconf 87' lang='lat' dir='ltr'>per</span> <span class='ocrx_word' id='word_1_42' title='bbox 1494 322 1762 363; x_wconf 76' lang='lat' dir='ltr'>inisericordiam,</span> 
     </span>
     <span class='ocr_line' id='line_1_5' title="bbox 163 379 1764 426; baseline -0.002 -11"><span class='ocrx_word' id='word_1_43' title='bbox 163 382 360 426; x_wconf 68' lang='lat' dir='ltr'>incorruptae</span> <span class='ocrx_word' id='word_1_44' title='bbox 376 382 524 425; x_wconf 75' lang='lat' dir='ltr'>Virginis</span> <span class='ocrx_word' id='word_1_45' title='bbox 539 387 669 416; x_wconf 88' lang='lat' dir='ltr'>uterum</span> <span class='ocrx_word' id='word_1_46' title='bbox 686 393 723 415; x_wconf 79' lang='lat' dir='ltr'>ex</span> <span class='ocrx_word' id='word_1_47' title='bbox 738 394 776 415; x_wconf 82' lang='lat' dir='ltr'>ea</span> <span class='ocrx_word' id='word_1_48' title='bbox 790 382 975 414; x_wconf 87' lang='lat' dir='ltr'>nasciturus</span> <span class='ocrx_word' id='word_1_49' title='bbox 990 380 1152 425; x_wconf 78' lang='lat' dir='ltr'>implevit.</span> <span class='ocrx_word' id='word_1_50' title='bbox 1178 380 1331 413; x_wconf 77' lang='lat' dir='ltr'>Formam</span> <span class='ocrx_word' id='word_1_51' title='bbox 1347 391 1425 422; x_wconf 77' lang='lat' dir='ltr'>ergo</span> <span class='ocrx_word' id='word_1_52' title='bbox 1440 380 1537 420; x_wconf 75' lang='lat' dir='ltr'>servi,</span> <span class='ocrx_word' id='word_1_53' title='bbox 1557 379 1587 412; x_wconf 88' lang='lat' dir='ltr'>id</span> <span class='ocrx_word' id='word_1_54' title='bbox 1608 383 1655 412; x_wconf 72' lang='lat' dir='ltr'>est</span> <span class='ocrx_word' id='word_1_55' title='bbox 1671 384 1764 412; x_wconf 82' lang='lat' dir='ltr'>natu-</span> 
     </span>
     <span class='ocr_line' id='line_1_6' title="bbox 163 438 1766 485; baseline -0.002 -12"><span class='ocrx_word' id='word_1_56' title='bbox 163 451 233 473; x_wconf 86' lang='lat' dir='ltr'>ram</span> <span class='ocrx_word' id='word_1_57' title='bbox 243 440 327 473; x_wconf 88' lang='lat' dir='ltr'>servi</span> <span class='ocrx_word' id='word_1_58' title='bbox 344 440 376 473; x_wconf 90' lang='lat' dir='ltr'>in</span> <span class='ocrx_word' id='word_1_59' title='bbox 393 452 486 474; x_wconf 85' lang='lat' dir='ltr'>suam</span> <span class='ocrx_word' id='word_1_60' title='bbox 502 441 623 485; x_wconf 83' lang='lat' dir='ltr'>accepit</span> <span class='ocrx_word' id='word_1_61' title='bbox 638 440 694 473; x_wconf 79' lang='lat' dir='ltr'>illu</span> <span class='ocrx_word' id='word_1_62' title='bbox 709 440 795 473; x_wconf 82' lang='lat' dir='ltr'>Deus</span> <span class='ocrx_word' id='word_1_63' title='bbox 810 449 994 484; x_wconf 78' lang='lat' dir='ltr'>personam.</span> <span class='ocrx_word' id='word_1_64' title='bbox 1015 451 1029 466; x_wconf 71' lang='lat' dir='ltr'>n</span> <span class='ocrx_word' id='word_1_65' title='bbox 1051 438 1129 470; x_wconf 85' lang='lat' dir='ltr'>ltem</span> <span class='ocrx_word' id='word_1_66' title='bbox 1141 440 1150 454; x_wconf 72' lang='lat'><strong>³</strong></span> <span class='ocrx_word' id='word_1_67' title='bbox 1163 450 1169 470; x_wconf 93' lang='lat'><strong>:</strong></span> <span class='ocrx_word' id='word_1_68' title='bbox 1182 452 1197 468; x_wconf 86' lang='lat'>«</span> <span class='ocrx_word' id='word_1_69' title='bbox 1211 438 1297 470; x_wconf 81' lang='lat' dir='ltr'>Deus</span> <span class='ocrx_word' id='word_1_70' title='bbox 1314 438 1459 471; x_wconf 66' lang='lat' dir='ltr'>Verbum</span> <span class='ocrx_word' id='word_1_71' title='bbox 1477 449 1543 471; x_wconf 90' lang='lat' dir='ltr'>non</span> <span class='ocrx_word' id='word_1_72' title='bbox 1558 438 1678 483; x_wconf 61' lang='lat' dir='ltr'>accepit</span> <span class='ocrx_word' id='word_1_73' title='bbox 1695 448 1766 482; x_wconf 87' lang='lat' dir='ltr'>per-</span> 
     </span>
     <span class='ocr_line' id='line_1_7' title="bbox 161 496 1766 539; baseline -0.001 -9"><span class='ocrx_word' id='word_1_74' title='bbox 161 509 275 531; x_wconf 82' lang='lat' dir='ltr'>sonam</span> <span class='ocrx_word' id='word_1_75' title='bbox 291 498 447 539; x_wconf 84' lang='lat' dir='ltr'>hominis,</span> <span class='ocrx_word' id='word_1_76' title='bbox 464 499 517 532; x_wconf 59' lang='lat' dir='ltr'>secl</span> <span class='ocrx_word' id='word_1_77' title='bbox 535 503 698 532; x_wconf 86' lang='lat' dir='ltr'>naturam.</span> <span class='ocrx_word' id='word_1_78' title='bbox 718 511 733 528; x_wconf 74' lang='lat' dir='ltr'>n</span> <span class='ocrx_word' id='word_1_79' title='bbox 753 497 833 530; x_wconf 85' lang='lat' dir='ltr'>Item</span> <span class='ocrx_word' id='word_1_80' title='bbox 845 500 874 529; x_wconf 74' lang='lat'>⁸:</span> <span class='ocrx_word' id='word_1_81' title='bbox 896 510 912 527; x_wconf 90' lang='lat'>«</span> <span class='ocrx_word' id='word_1_82' title='bbox 932 496 987 528; x_wconf 88' lang='lat' dir='ltr'>Dei</span> <span class='ocrx_word' id='word_1_83' title='bbox 1005 496 1108 528; x_wconf 82' lang='lat' dir='ltr'>Filius</span> <span class='ocrx_word' id='word_1_84' title='bbox 1125 496 1328 537; x_wconf 71' lang='lat' dir='ltr'>unigenitus,</span> <span class='ocrx_word' id='word_1_85' title='bbox 1347 501 1381 528; x_wconf 92' lang='lat' dir='ltr'>ut</span> <span class='ocrx_word' id='word_1_86' title='bbox 1396 507 1526 529; x_wconf 78' lang='lat' dir='ltr'>carnem</span> <span class='ocrx_word' id='word_1_87' title='bbox 1540 496 1682 529; x_wconf 81' lang='lat' dir='ltr'>bominis</span> <span class='ocrx_word' id='word_1_88' title='bbox 1696 496 1766 529; x_wconf 87' lang='lat' dir='ltr'>ani-</span> 
     </span>
     <span class='ocr_line' id='line_1_8' title="bbox 163 553 1766 602; baseline -0.002 -12"><span class='ocrx_word' id='word_1_89' title='bbox 163 567 317 602; x_wconf 84' lang='lat' dir='ltr'>mamque</span> <span class='ocrx_word' id='word_1_90' title='bbox 329 556 514 597; x_wconf 81' lang='lat' dir='ltr'>mundaret,</span> <span class='ocrx_word' id='word_1_91' title='bbox 526 555 728 600; x_wconf 80' lang='lat' dir='ltr'>susceptione</span> <span class='ocrx_word' id='word_1_92' title='bbox 737 554 843 587; x_wconf 87' lang='lat' dir='ltr'>carnis</span> <span class='ocrx_word' id='word_1_93' title='bbox 853 554 1037 598; x_wconf 77' lang='lat' dir='ltr'>animmque</span> <span class='ocrx_word' id='word_1_94' title='bbox 1055 553 1223 586; x_wconf 80' lang='lat' dir='ltr'>rationalis</span> <span class='ocrx_word' id='word_1_95' title='bbox 1238 554 1426 586; x_wconf 85' lang='lat' dir='ltr'>incarnatus</span> <span class='ocrx_word' id='word_1_96' title='bbox 1441 559 1498 586; x_wconf 74' lang='lat' dir='ltr'>est.</span> <span class='ocrx_word' id='word_1_97' title='bbox 1522 568 1536 584; x_wconf 77' lang='lat' dir='ltr'>n</span> <span class='ocrx_word' id='word_1_98' title='bbox 1554 554 1612 587; x_wconf 74' lang='lat' dir='ltr'>uis</span> <span class='ocrx_word' id='word_1_99' title='bbox 1626 554 1766 599; x_wconf 82' lang='lat' dir='ltr'>aliisque</span> 
     </span>
     <span class='ocr_line' id='line_1_9' title="bbox 162 611 1766 659; baseline -0.001 -12"><span class='ocrx_word' id='word_1_100' title='bbox 162 614 314 659; x_wconf 87' lang='lat' dir='ltr'>pluribus</span> <span class='ocrx_word' id='word_1_101' title='bbox 328 614 576 648; x_wconf 84' lang='lat' dir='ltr'>auctoritatibus</span> <span class='ocrx_word' id='word_1_102' title='bbox 589 613 758 646; x_wconf 81' lang='lat' dir='ltr'>evidenter</span> <span class='ocrx_word' id='word_1_103' title='bbox 768 611 963 653; x_wconf 82' lang='lat' dir='ltr'>ostenditur,</span> <span class='ocrx_word' id='word_1_104' title='bbox 977 623 1042 644; x_wconf 91' lang='lat' dir='ltr'>nou</span> <span class='ocrx_word' id='word_1_105' title='bbox 1060 616 1211 644; x_wconf 83' lang='lat' dir='ltr'>naturam</span> <span class='ocrx_word' id='word_1_106' title='bbox 1228 622 1413 655; x_wconf 83' lang='lat' dir='ltr'>personam,</span> <span class='ocrx_word' id='word_1_107' title='bbox 1431 623 1489 644; x_wconf 77' lang='lat' dir='ltr'>nec</span> <span class='ocrx_word' id='word_1_108' title='bbox 1507 624 1678 656; x_wconf 83' lang='lat' dir='ltr'>personam</span> <span class='ocrx_word' id='word_1_109' title='bbox 1696 623 1766 656; x_wconf 85' lang='lat' dir='ltr'>per-</span> 
     </span>
     <span class='ocr_line' id='line_1_10' title="bbox 161 669 1766 717; baseline -0.001 -13"><span class='ocrx_word' id='word_1_110' title='bbox 161 683 288 712; x_wconf 83' lang='lat' dir='ltr'>sonam,</span> <span class='ocrx_word' id='word_1_111' title='bbox 304 671 359 705; x_wconf 75' lang='lat' dir='ltr'>sed</span> <span class='ocrx_word' id='word_1_112' title='bbox 376 682 547 717; x_wconf 83' lang='lat' dir='ltr'>personam</span> <span class='ocrx_word' id='word_1_113' title='bbox 563 675 714 705; x_wconf 84' lang='lat' dir='ltr'>naturam</span> <span class='ocrx_word' id='word_1_114' title='bbox 740 670 907 714; x_wconf 83' lang='lat' dir='ltr'>recepisse.</span> <span class='ocrx_word' id='word_1_115' title='bbox 937 669 982 702; x_wconf 89' lang='lat' dir='ltr'>De</span> <span class='ocrx_word' id='word_1_116' title='bbox 1010 674 1129 714; x_wconf 79' lang='lat' dir='ltr'>quarto</span> <span class='ocrx_word' id='word_1_117' title='bbox 1161 680 1238 702; x_wconf 89' lang='lat' dir='ltr'>vero</span> <span class='ocrx_word' id='word_1_118' title='bbox 1265 669 1457 714; x_wconf 63' lang='lat' dir='ltr'>quaestionis</span> <span class='ocrx_word' id='word_1_119' title='bbox 1484 669 1635 709; x_wconf 78' lang='lat' dir='ltr'>articulO,</span> <span class='ocrx_word' id='word_1_120' title='bbox 1654 674 1766 703; x_wconf 88' lang='lat' dir='ltr'>utrum</span> 
     </span>
     <span class='ocr_line' id='line_1_11' title="bbox 160 727 1767 774; baseline -0.002 -11"><span class='ocrx_word' id='word_1_121' title='bbox 160 730 281 763; x_wconf 84' lang='lat' dir='ltr'>scilicet</span> <span class='ocrx_word' id='word_1_122' title='bbox 299 734 416 763; x_wconf 85' lang='lat' dir='ltr'>natura</span> <span class='ocrx_word' id='word_1_123' title='bbox 432 734 583 763; x_wconf 80' lang='lat' dir='ltr'>naturam</span> <span class='ocrx_word' id='word_1_124' title='bbox 599 728 824 774; x_wconf 79' lang='lat' dir='ltr'>assumpserit,</span> <span class='ocrx_word' id='word_1_125' title='bbox 841 728 1035 773; x_wconf 79' lang='lat' dir='ltr'>scrupulosa</span> <span class='ocrx_word' id='word_1_126' title='bbox 1050 728 1148 760; x_wconf 87' lang='lat' dir='ltr'>etiam</span> <span class='ocrx_word' id='word_1_127' title='bbox 1166 727 1251 760; x_wconf 89' lang='lat' dir='ltr'>inter</span> <span class='ocrx_word' id='word_1_128' title='bbox 1264 727 1374 760; x_wconf 82' lang='lat' dir='ltr'>doctos</span> <span class='ocrx_word' id='word_1_129' title='bbox 1395 727 1533 772; x_wconf 78' lang='lat' dir='ltr'>quaestio</span> <span class='ocrx_word' id='word_1_130' title='bbox 1555 731 1619 769; x_wconf 81' lang='lat' dir='ltr'>est3</span> <span class='ocrx_word' id='word_1_131' title='bbox 1642 727 1722 772; x_wconf 80' lang='lat' dir='ltr'>quia</span> <span class='ocrx_word' id='word_1_132' title='bbox 1736 733 1767 760; x_wconf 90' lang='lat' dir='ltr'>et</span> 
     </span>
     <span class='ocr_line' id='line_1_12' title="bbox 161 785 1768 832; baseline -0.001 -12"><span class='ocrx_word' id='word_1_133' title='bbox 161 787 194 820; x_wconf 90' lang='lat' dir='ltr'>in</span> <span class='ocrx_word' id='word_1_134' title='bbox 211 787 270 821; x_wconf 85' lang='lat' dir='ltr'>boc</span> <span class='ocrx_word' id='word_1_135' title='bbox 286 787 468 832; x_wconf 84' lang='lat' dir='ltr'>plurimum</span> <span class='ocrx_word' id='word_1_136' title='bbox 485 788 656 822; x_wconf 70' lang='lat' dir='ltr'>dissentire</span> <span class='ocrx_word' id='word_1_137' title='bbox 673 787 840 828; x_wconf 88' lang='lat' dir='ltr'>videntur,</span> <span class='ocrx_word' id='word_1_138' title='bbox 857 786 916 831; x_wconf 79' lang='lat' dir='ltr'>qui</span> <span class='ocrx_word' id='word_1_139' title='bbox 931 786 1124 819; x_wconf 83' lang='lat' dir='ltr'>auctoritate</span> <span class='ocrx_word' id='word_1_140' title='bbox 1139 785 1284 830; x_wconf 82' lang='lat' dir='ltr'>praeclari</span> <span class='ocrx_word' id='word_1_141' title='bbox 1300 785 1439 830; x_wconf 82' lang='lat' dir='ltr'>aliisque</span> <span class='ocrx_word' id='word_1_142' title='bbox 1454 785 1614 818; x_wconf 76' lang='lat' dir='ltr'>doctiores</span> <span class='ocrx_word' id='word_1_143' title='bbox 1630 785 1663 818; x_wconf 93' lang='lat' dir='ltr'>in</span> <span class='ocrx_word' id='word_1_144' title='bbox 1678 797 1768 819; x_wconf 85' lang='lat' dir='ltr'>sacra</span> 
     </span>
     <span class='ocr_line' id='line_1_13' title="bbox 160 844 1765 890; baseline -0.001 -11"><span class='ocrx_word' id='word_1_145' title='bbox 160 845 278 890; x_wconf 73' lang='lat' dir='ltr'>pagiua</span> <span class='ocrx_word' id='word_1_146' title='bbox 288 846 479 879; x_wconf 83' lang='lat' dir='ltr'>extiterunt.</span> <span class='ocrx_word' id='word_1_147' title='bbox 493 845 558 879; x_wconf 85' lang='lat' dir='ltr'>Nec</span> <span class='ocrx_word' id='word_1_148' title='bbox 567 850 695 879; x_wconf 89' lang='lat' dir='ltr'>tantum</span> <span class='ocrx_word' id='word_1_149' title='bbox 706 845 762 878; x_wconf 84' lang='lat' dir='ltr'>alii</span> <span class='ocrx_word' id='word_1_150' title='bbox 771 845 812 878; x_wconf 87' lang='lat' dir='ltr'>ab</span> <span class='ocrx_word' id='word_1_151' title='bbox 821 844 909 884; x_wconf 82' lang='lat' dir='ltr'>aliis,</span> <span class='ocrx_word' id='word_1_152' title='bbox 921 855 1036 877; x_wconf 81' lang='lat' dir='ltr'>verum</span> <span class='ocrx_word' id='word_1_153' title='bbox 1049 844 1145 877; x_wconf 86' lang='lat' dir='ltr'>etiam</span> <span class='ocrx_word' id='word_1_154' title='bbox 1160 844 1258 877; x_wconf 83' lang='lat' dir='ltr'>iidem</span> <span class='ocrx_word' id='word_1_155' title='bbox 1270 856 1289 877; x_wconf 85' lang='lat' dir='ltr'>a</span> <span class='ocrx_word' id='word_1_156' title='bbox 1300 844 1414 888; x_wconf 83' lang='lat' dir='ltr'>seipsis</span> <span class='ocrx_word' id='word_1_157' title='bbox 1425 844 1591 877; x_wconf 82' lang='lat' dir='ltr'>dissonare</span> <span class='ocrx_word' id='word_1_158' title='bbox 1600 844 1765 885; x_wconf 88' lang='lat' dir='ltr'>videntur,</span> 
     </span>
     <span class='ocr_line' id='line_1_14' title="bbox 158 902 1764 949; baseline -0.001 -13"><span class='ocrx_word' id='word_1_159' title='bbox 158 903 242 937; x_wconf 88' lang='lat' dir='ltr'>sicut</span> <span class='ocrx_word' id='word_1_160' title='bbox 255 903 400 948; x_wconf 83' lang='lat' dir='ltr'>subjecta</span> <span class='ocrx_word' id='word_1_161' title='bbox 414 904 558 949; x_wconf 80' lang='lat' dir='ltr'>capitula</span> <span class='ocrx_word' id='word_1_162' title='bbox 571 903 700 938; x_wconf 87' lang='lat' dir='ltr'>docent.</span> <span class='ocrx_word' id='word_1_163' title='bbox 720 903 855 946; x_wconf 80' lang='lat' dir='ltr'>Legitur</span> <span class='ocrx_word' id='word_1_164' title='bbox 877 903 965 936; x_wconf 88' lang='lat' dir='ltr'>enim</span> <span class='ocrx_word' id='word_1_165' title='bbox 982 902 1016 935; x_wconf 90' lang='lat' dir='ltr'>iu</span> <span class='ocrx_word' id='word_1_166' title='bbox 1041 902 1187 935; x_wconf 80' lang='lat' dir='ltr'>Concilio</span> <span class='ocrx_word' id='word_1_167' title='bbox 1215 902 1373 935; x_wconf 74' lang='lat' dir='ltr'>&#39;Toletano</span> <span class='ocrx_word' id='word_1_168' title='bbox 1387 906 1477 935; x_wconf 76' lang='lat' dir='ltr'>sexto</span> <span class='ocrx_word' id='word_1_169' title='bbox 1501 902 1656 935; x_wconf 81' lang='lat' dir='ltr'>traditum</span> <span class='ocrx_word' id='word_1_170' title='bbox 1671 903 1716 935; x_wconf 85' lang='lat' dir='ltr'>sie</span> <span class='ocrx_word' id='word_1_171' title='bbox 1728 904 1737 919; x_wconf 79' lang='lat'><strong>³</strong></span> <span class='ocrx_word' id='word_1_172' title='bbox 1757 914 1764 934; x_wconf 90' lang='lat'>:</span> 
     </span>
     <span class='ocr_line' id='line_1_15' title="bbox 163 956 1768 1004; baseline 0 -11"><span class='ocrx_word' id='word_1_173' title='bbox 163 975 177 993; x_wconf 76' lang='grc' dir='ltr'>(ι</span> <span class='ocrx_word' id='word_1_174' title='bbox 192 961 309 995; x_wconf 90' lang='lat' dir='ltr'>Solum</span> <span class='ocrx_word' id='word_1_175' title='bbox 325 961 474 995; x_wconf 78' lang='lat' dir='ltr'>Verbum</span> <span class='ocrx_word' id='word_1_176' title='bbox 489 956 564 995; x_wconf 78' lang='lat' dir='ltr'>caro</span> <span class='ocrx_word' id='word_1_177' title='bbox 579 962 702 995; x_wconf 79' lang='lat' dir='ltr'>factum</span> <span class='ocrx_word' id='word_1_178' title='bbox 717 965 776 1003; x_wconf 88' lang='lat' dir='ltr'>est,</span> <span class='ocrx_word' id='word_1_179' title='bbox 794 965 825 993; x_wconf 84' lang='lat' dir='ltr'>et</span> <span class='ocrx_word' id='word_1_180' title='bbox 840 961 999 994; x_wconf 87' lang='lat' dir='ltr'>habitavit</span> <span class='ocrx_word' id='word_1_181' title='bbox 1016 961 1049 993; x_wconf 92' lang='lat' dir='ltr'>iu</span> <span class='ocrx_word' id='word_1_182' title='bbox 1067 960 1161 994; x_wconf 83' lang='lat' dir='ltr'>nobis</span> <span class='ocrx_word' id='word_1_183' title='bbox 1179 973 1186 993; x_wconf 90' lang='lat'>:</span> <span class='ocrx_word' id='word_1_184' title='bbox 1204 965 1324 993; x_wconf 90' lang='lat' dir='ltr'>etcum</span> <span class='ocrx_word' id='word_1_185' title='bbox 1342 964 1407 993; x_wconf 83' lang='lat' dir='ltr'>tota</span> <span class='ocrx_word' id='word_1_186' title='bbox 1422 960 1566 993; x_wconf 79' lang='lat' dir='ltr'>Trinitas</span> <span class='ocrx_word' id='word_1_187' title='bbox 1580 966 1712 1004; x_wconf 80' lang='lat' dir='ltr'>operata</span> <span class='ocrx_word' id='word_1_188' title='bbox 1727 961 1768 993; x_wconf 90' lang='lat' dir='ltr'>sit</span> 
     </span>
     <span class='ocr_line' id='line_1_16' title="bbox 158 1017 1767 1065; baseline -0.001 -12"><span class='ocrx_word' id='word_1_189' title='bbox 158 1019 388 1053; x_wconf 79' lang='lat' dir='ltr'>formationem</span> <span class='ocrx_word' id='word_1_190' title='bbox 404 1020 543 1065; x_wconf 84' lang='lat' dir='ltr'>suscepti</span> <span class='ocrx_word' id='word_1_191' title='bbox 560 1019 716 1060; x_wconf 87' lang='lat' dir='ltr'>hominis,</span> <span class='ocrx_word' id='word_1_192' title='bbox 736 1019 894 1064; x_wconf 87' lang='lat' dir='ltr'>quoniam</span> <span class='ocrx_word' id='word_1_193' title='bbox 906 1019 1137 1064; x_wconf 78' lang='lat' dir='ltr'>inseparabilia</span> <span class='ocrx_word' id='word_1_194' title='bbox 1147 1023 1330 1062; x_wconf 71' lang='lat' dir='ltr'>suutopera</span> <span class='ocrx_word' id='word_1_195' title='bbox 1345 1017 1534 1058; x_wconf 80' lang='lat' dir='ltr'>Trinitatis;</span> <span class='ocrx_word' id='word_1_196' title='bbox 1551 1019 1641 1051; x_wconf 87' lang='lat' dir='ltr'>solus</span> <span class='ocrx_word' id='word_1_197' title='bbox 1658 1024 1767 1052; x_wconf 85' lang='lat' dir='ltr'>tamen</span> 
     </span>
     <span class='ocr_line' id='line_1_17' title="bbox 161 1076 1766 1122; baseline 0 -12"><span class='ocrx_word' id='word_1_198' title='bbox 161 1077 265 1110; x_wconf 87' lang='lat' dir='ltr'>Filius</span> <span class='ocrx_word' id='word_1_199' title='bbox 275 1078 395 1122; x_wconf 75' lang='lat' dir='ltr'>accepit</span> <span class='ocrx_word' id='word_1_200' title='bbox 409 1077 577 1111; x_wconf 87' lang='lat' dir='ltr'>hominem</span> <span class='ocrx_word' id='word_1_201' title='bbox 589 1077 622 1110; x_wconf 92' lang='lat' dir='ltr'>in</span> <span class='ocrx_word' id='word_1_202' title='bbox 634 1077 897 1119; x_wconf 70' lang='lat' dir='ltr'>singularitatem</span> <span class='ocrx_word' id='word_1_203' title='bbox 911 1078 953 1120; x_wconf 64' lang='lat' dir='ltr'>(a)</span> <span class='ocrx_word' id='word_1_204' title='bbox 968 1088 1126 1122; x_wconf 64' lang='lat' dir='ltr'>personae,</span> <span class='ocrx_word' id='word_1_205' title='bbox 1145 1088 1210 1110; x_wconf 89' lang='lat' dir='ltr'>nou</span> <span class='ocrx_word' id='word_1_206' title='bbox 1227 1077 1260 1109; x_wconf 90' lang='lat' dir='ltr'>in</span> <span class='ocrx_word' id='word_1_207' title='bbox 1278 1077 1437 1109; x_wconf 83' lang='lat' dir='ltr'>unitatem</span> <span class='ocrx_word' id='word_1_208' title='bbox 1449 1076 1486 1120; x_wconf 64' lang='lat' dir='ltr'>(b)</span> <span class='ocrx_word' id='word_1_209' title='bbox 1498 1077 1619 1109; x_wconf 62' lang='lat' dir='ltr'>divinae</span> <span class='ocrx_word' id='word_1_210' title='bbox 1628 1082 1766 1118; x_wconf 79' lang='lat' dir='ltr'>naturae,</span> 
     </span>
     <span class='ocr_line' id='line_1_18' title="bbox 158 1134 1768 1180; baseline 0 -12"><span class='ocrx_word' id='word_1_211' title='bbox 158 1134 192 1168; x_wconf 85' lang='lat' dir='ltr'>id</span> <span class='ocrx_word' id='word_1_212' title='bbox 207 1140 266 1176; x_wconf 87' lang='lat' dir='ltr'>est,</span> <span class='ocrx_word' id='word_1_213' title='bbox 283 1135 369 1180; x_wconf 83' lang='lat' dir='ltr'>quod</span> <span class='ocrx_word' id='word_1_214' title='bbox 380 1135 418 1179; x_wconf 87' lang='lat' dir='ltr'>(c)</span> <span class='ocrx_word' id='word_1_215' title='bbox 428 1140 476 1168; x_wconf 85' lang='lat' dir='ltr'>est</span> <span class='ocrx_word' id='word_1_216' title='bbox 491 1135 661 1180; x_wconf 90' lang='lat' dir='ltr'>proprium</span> <span class='ocrx_word' id='word_1_217' title='bbox 677 1135 768 1175; x_wconf 88' lang='lat' dir='ltr'>Filii,</span> <span class='ocrx_word' id='word_1_218' title='bbox 785 1146 851 1168; x_wconf 89' lang='lat' dir='ltr'>non</span> <span class='ocrx_word' id='word_1_219' title='bbox 867 1135 956 1179; x_wconf 80' lang='lat' dir='ltr'>quod</span> <span class='ocrx_word' id='word_1_220' title='bbox 984 1137 1160 1168; x_wconf 72' lang='lat' dir='ltr'>cdmmune</span> <span class='ocrx_word' id='word_1_221' title='bbox 1180 1139 1228 1167; x_wconf 82' lang='lat' dir='ltr'>est</span> <span class='ocrx_word' id='word_1_222' title='bbox 1249 1134 1415 1167; x_wconf 86' lang='lat' dir='ltr'>Trinitati.</span> <span class='ocrx_word' id='word_1_223' title='bbox 1436 1147 1452 1165; x_wconf 73' lang='lat' dir='ltr'>n</span> <span class='ocrx_word' id='word_1_224' title='bbox 1476 1134 1555 1168; x_wconf 86' lang='lat' dir='ltr'>Item</span> <span class='ocrx_word' id='word_1_225' title='bbox 1572 1134 1606 1167; x_wconf 89' lang='lat' dir='ltr'>in</span> <span class='ocrx_word' id='word_1_226' title='bbox 1622 1135 1768 1168; x_wconf 72' lang='lat' dir='ltr'>Concilio</span> 
     </span>
     <span class='ocr_line' id='line_1_19' title="bbox 160 1192 1767 1238; baseline -0.001 -11"><span class='ocrx_word' id='word_1_227' title='bbox 160 1193 334 1227; x_wconf 83' lang='lat' dir='ltr'>undecimo</span> <span class='ocrx_word' id='word_1_228' title='bbox 347 1193 505 1227; x_wconf 84' lang='lat' dir='ltr'>Toletano</span> <span class='ocrx_word' id='word_1_229' title='bbox 520 1197 546 1226; x_wconf 76' lang='lat'>⁶:</span> <span class='ocrx_word' id='word_1_230' title='bbox 559 1207 575 1225; x_wconf 82' lang='lat'>«</span> <span class='ocrx_word' id='word_1_231' title='bbox 596 1193 700 1226; x_wconf 83' lang='lat' dir='ltr'>Unius</span> <span class='ocrx_word' id='word_1_232' title='bbox 715 1193 904 1227; x_wconf 84' lang='lat' dir='ltr'>substantiae</span> <span class='ocrx_word' id='word_1_233' title='bbox 919 1193 1084 1226; x_wconf 88' lang='lat' dir='ltr'>credimus</span> <span class='ocrx_word' id='word_1_234' title='bbox 1099 1193 1203 1226; x_wconf 82' lang='lat' dir='ltr'>Deum</span> <span class='ocrx_word' id='word_1_235' title='bbox 1219 1193 1349 1226; x_wconf 82' lang='lat' dir='ltr'>Patrem</span> <span class='ocrx_word' id='word_1_236' title='bbox 1362 1197 1392 1225; x_wconf 88' lang='lat' dir='ltr'>et</span> <span class='ocrx_word' id='word_1_237' title='bbox 1407 1192 1544 1234; x_wconf 84' lang='lat' dir='ltr'>Filium,</span> <span class='ocrx_word' id='word_1_238' title='bbox 1560 1197 1591 1226; x_wconf 90' lang='lat' dir='ltr'>et</span> <span class='ocrx_word' id='word_1_239' title='bbox 1607 1192 1767 1238; x_wconf 89' lang='lat' dir='ltr'>Spiritum</span> 
     </span>
     <span class='ocr_line' id='line_1_20' title="bbox 158 1250 1767 1296; baseline -0.001 -11"><span class='ocrx_word' id='word_1_240' title='bbox 158 1255 307 1285; x_wconf 81' lang='lat' dir='ltr'>sanctum</span> <span class='ocrx_word' id='word_1_241' title='bbox 326 1265 333 1291; x_wconf 91' lang='lat'>;</span> <span class='ocrx_word' id='word_1_242' title='bbox 352 1263 417 1285; x_wconf 92' lang='lat' dir='ltr'>non</span> <span class='ocrx_word' id='word_1_243' title='bbox 434 1256 543 1285; x_wconf 84' lang='lat' dir='ltr'>tamen</span> <span class='ocrx_word' id='word_1_244' title='bbox 558 1251 699 1284; x_wconf 88' lang='lat' dir='ltr'>dicimus</span> <span class='ocrx_word' id='word_1_245' title='bbox 719 1255 757 1284; x_wconf 89' lang='lat' dir='ltr'>ut</span> <span class='ocrx_word' id='word_1_246' title='bbox 771 1250 872 1296; x_wconf 89' lang='lat' dir='ltr'>hujus</span> <span class='ocrx_word' id='word_1_247' title='bbox 900 1250 1055 1284; x_wconf 83' lang='lat' dir='ltr'>trinitatis</span> <span class='ocrx_word' id='word_1_248' title='bbox 1082 1251 1243 1284; x_wconf 84' lang='lat' dir='ltr'>unitatem</span> <span class='ocrx_word' id='word_1_249' title='bbox 1277 1251 1380 1284; x_wconf 80' lang='lat' dir='ltr'>Maria</span> <span class='ocrx_word' id='word_1_250' title='bbox 1403 1251 1497 1293; x_wconf 76' lang='lat' dir='ltr'>virgo</span> <span class='ocrx_word' id='word_1_251' title='bbox 1512 1250 1664 1293; x_wconf 75' lang='lat' dir='ltr'>genuerit.</span> <span class='ocrx_word' id='word_1_252' title='bbox 1680 1263 1688 1292; x_wconf 87' lang='grc'><strong>;</strong></span> <span class='ocrx_word' id='word_1_253' title='bbox 1713 1251 1767 1284; x_wconf 87' lang='lat' dir='ltr'>sed</span> 
     </span>
     <span class='ocr_line' id='line_1_21' title="bbox 160 1308 1766 1354; baseline -0.001 -11"><span class='ocrx_word' id='word_1_254' title='bbox 160 1314 289 1343; x_wconf 71' lang='lat' dir='ltr'>tantum</span> <span class='ocrx_word' id='word_1_255' title='bbox 303 1309 440 1350; x_wconf 86' lang='lat' dir='ltr'>Filium,</span> <span class='ocrx_word' id='word_1_256' title='bbox 459 1309 517 1354; x_wconf 92' lang='lat' dir='ltr'>qui</span> <span class='ocrx_word' id='word_1_257' title='bbox 539 1309 629 1342; x_wconf 84' lang='lat' dir='ltr'>solus</span> <span class='ocrx_word' id='word_1_258' title='bbox 653 1314 807 1342; x_wconf 84' lang='lat' dir='ltr'>naturam</span> <span class='ocrx_word' id='word_1_259' title='bbox 823 1313 967 1342; x_wconf 85' lang='lat' dir='ltr'>nostram</span> <span class='ocrx_word' id='word_1_260' title='bbox 988 1309 1022 1342; x_wconf 92' lang='lat' dir='ltr'>in</span> <span class='ocrx_word' id='word_1_261' title='bbox 1053 1309 1212 1343; x_wconf 84' lang='lat' dir='ltr'>unitatem</span> <span class='ocrx_word' id='word_1_262' title='bbox 1245 1308 1286 1353; x_wconf 83' lang='lat' dir='ltr'>(d)</span> <span class='ocrx_word' id='word_1_263' title='bbox 1317 1320 1460 1354; x_wconf 75' lang='lat' dir='ltr'>personae</span> <span class='ocrx_word' id='word_1_264' title='bbox 1489 1319 1556 1342; x_wconf 84' lang='lat' dir='ltr'>suae</span> <span class='ocrx_word' id='word_1_265' title='bbox 1579 1309 1766 1354; x_wconf 84' lang='lat' dir='ltr'>assumpsit.</span> 
     </span>
     <span class='ocr_line' id='line_1_22' title="bbox 160 1366 1769 1413; baseline -0.001 -12"><span class='ocrx_word' id='word_1_266' title='bbox 160 1367 421 1401; x_wconf 74' lang='lat' dir='ltr'>incarnationem</span> <span class='ocrx_word' id='word_1_267' title='bbox 437 1379 570 1413; x_wconf 82' lang='lat' dir='ltr'>quoque</span> <span class='ocrx_word' id='word_1_268' title='bbox 586 1367 687 1411; x_wconf 89' lang='lat' dir='ltr'>hujus</span> <span class='ocrx_word' id='word_1_269' title='bbox 709 1367 786 1400; x_wconf 91' lang='lat' dir='ltr'>Filii</span> <span class='ocrx_word' id='word_1_270' title='bbox 803 1366 860 1400; x_wconf 90' lang='lat' dir='ltr'>Dei</span> <span class='ocrx_word' id='word_1_271' title='bbox 884 1372 950 1400; x_wconf 79' lang='lat' dir='ltr'>tota</span> <span class='ocrx_word' id='word_1_272' title='bbox 966 1367 1111 1400; x_wconf 86' lang='lat' dir='ltr'>Trinitas</span> <span class='ocrx_word' id='word_1_273' title='bbox 1131 1372 1264 1412; x_wconf 77' lang='lat' dir='ltr'>operata</span> <span class='ocrx_word' id='word_1_274' title='bbox 1284 1378 1352 1401; x_wconf 87' lang='lat' dir='ltr'>esse</span> <span class='ocrx_word' id='word_1_275' title='bbox 1371 1368 1402 1411; x_wconf 37' lang='lat' dir='ltr'>sse)</span> <span class='ocrx_word' id='word_1_276' title='bbox 1415 1367 1578 1401; x_wconf 74' lang='lat' dir='ltr'>credenala</span> <span class='ocrx_word' id='word_1_277' title='bbox 1592 1372 1638 1400; x_wconf 87' lang='lat' dir='ltr'>est</span> <span class='ocrx_word' id='word_1_278' title='bbox 1655 1379 1662 1400; x_wconf 76' lang='grc' dir='ltr'><em>τ</em></span> <span class='ocrx_word' id='word_1_279' title='bbox 1680 1367 1769 1400; x_wconf 85' lang='lat' dir='ltr'>solus</span> 
     </span>
     <span class='ocr_line' id='line_1_23' title="bbox 161 1425 1766 1471; baseline -0.001 -12"><span class='ocrx_word' id='word_1_280' title='bbox 161 1430 270 1459; x_wconf 84' lang='lat' dir='ltr'>tamen</span> <span class='ocrx_word' id='word_1_281' title='bbox 278 1426 383 1460; x_wconf 89' lang='lat' dir='ltr'>Filius</span> <span class='ocrx_word' id='word_1_282' title='bbox 394 1426 532 1460; x_wconf 79' lang='lat' dir='ltr'>sormam</span> <span class='ocrx_word' id='word_1_283' title='bbox 545 1425 630 1459; x_wconf 84' lang='lat' dir='ltr'>servi</span> <span class='ocrx_word' id='word_1_284' title='bbox 645 1426 767 1471; x_wconf 84' lang='lat' dir='ltr'>accepit</span> <span class='ocrx_word' id='word_1_285' title='bbox 782 1425 816 1458; x_wconf 92' lang='lat' dir='ltr'>in</span> <span class='ocrx_word' id='word_1_286' title='bbox 830 1425 1093 1469; x_wconf 83' lang='lat' dir='ltr'>singularitatem</span> <span class='ocrx_word' id='word_1_287' title='bbox 1108 1427 1152 1470; x_wconf 53' lang='lat' dir='ltr'>tf)</span> <span class='ocrx_word' id='word_1_288' title='bbox 1167 1436 1323 1469; x_wconf 64' lang='lat' dir='ltr'>personae.</span> <span class='ocrx_word' id='word_1_289' title='bbox 1339 1438 1355 1456; x_wconf 89' lang='lat'>»</span> <span class='ocrx_word' id='word_1_290' title='bbox 1375 1425 1607 1459; x_wconf 88' lang='lat' dir='ltr'>Hisinsinuari</span> <span class='ocrx_word' id='word_1_291' title='bbox 1624 1425 1766 1467; x_wconf 78' lang='lat' dir='ltr'>videtur,</span> 
     </span>
     <span class='ocr_line' id='line_1_24' title="bbox 160 1483 1769 1529; baseline -0.001 -11"><span class='ocrx_word' id='word_1_292' title='bbox 160 1484 248 1529; x_wconf 87' lang='lat' dir='ltr'>quod</span> <span class='ocrx_word' id='word_1_293' title='bbox 265 1495 403 1529; x_wconf 83' lang='lat' dir='ltr'>persona</span> <span class='ocrx_word' id='word_1_294' title='bbox 417 1488 547 1517; x_wconf 84' lang='lat' dir='ltr'>tautum</span> <span class='ocrx_word' id='word_1_295' title='bbox 563 1488 730 1524; x_wconf 86' lang='lat' dir='ltr'>naturam,</span> <span class='ocrx_word' id='word_1_296' title='bbox 751 1495 817 1516; x_wconf 91' lang='lat' dir='ltr'>non</span> <span class='ocrx_word' id='word_1_297' title='bbox 842 1488 958 1516; x_wconf 87' lang='lat' dir='ltr'>natura</span> <span class='ocrx_word' id='word_1_298' title='bbox 979 1489 1133 1516; x_wconf 88' lang='lat' dir='ltr'>naturam</span> <span class='ocrx_word' id='word_1_299' title='bbox 1157 1484 1368 1529; x_wconf 86' lang='lat' dir='ltr'>assumpserit</span> <span class='ocrx_word' id='word_1_300' title='bbox 1390 1497 1396 1517; x_wconf 92' lang='lat'>:</span> <span class='ocrx_word' id='word_1_301' title='bbox 1422 1484 1448 1517; x_wconf 91' lang='lat' dir='ltr'>si</span> <span class='ocrx_word' id='word_1_302' title='bbox 1467 1484 1554 1517; x_wconf 89' lang='lat' dir='ltr'>enim</span> <span class='ocrx_word' id='word_1_303' title='bbox 1570 1483 1659 1529; x_wconf 85' lang='lat' dir='ltr'>quod</span> <span class='ocrx_word' id='word_1_304' title='bbox 1673 1495 1769 1517; x_wconf 90' lang='lat' dir='ltr'>com—</span> 
     </span>
     <span class='ocr_line' id='line_1_25' title="bbox 161 1541 1769 1587; baseline 0 -12"><span class='ocrx_word' id='word_1_305' title='bbox 161 1553 261 1575; x_wconf 90' lang='lat' dir='ltr'>mune</span> <span class='ocrx_word' id='word_1_306' title='bbox 277 1546 323 1575; x_wconf 90' lang='lat' dir='ltr'>est</span> <span class='ocrx_word' id='word_1_307' title='bbox 338 1542 505 1583; x_wconf 88' lang='lat' dir='ltr'>Trinitati,</span> <span class='ocrx_word' id='word_1_308' title='bbox 524 1553 590 1575; x_wconf 91' lang='lat' dir='ltr'>nou</span> <span class='ocrx_word' id='word_1_309' title='bbox 606 1542 727 1586; x_wconf 87' lang='lat' dir='ltr'>accepit</span> <span class='ocrx_word' id='word_1_310' title='bbox 744 1541 932 1582; x_wconf 88' lang='lat' dir='ltr'>homiuem;</span> <span class='ocrx_word' id='word_1_311' title='bbox 958 1553 1036 1586; x_wconf 84' lang='lat' dir='ltr'>ergo</span> <span class='ocrx_word' id='word_1_312' title='bbox 1066 1553 1132 1575; x_wconf 90' lang='lat' dir='ltr'>nou</span> <span class='ocrx_word' id='word_1_313' title='bbox 1159 1546 1278 1576; x_wconf 87' lang='lat' dir='ltr'>natura</span> <span class='ocrx_word' id='word_1_314' title='bbox 1293 1542 1417 1585; x_wconf 88' lang='lat' dir='ltr'>divina,</span> <span class='ocrx_word' id='word_1_315' title='bbox 1435 1553 1508 1587; x_wconf 86' lang='lat' dir='ltr'>quae</span> <span class='ocrx_word' id='word_1_316' title='bbox 1522 1542 1708 1575; x_wconf 84' lang='lat' dir='ltr'>communis</span> <span class='ocrx_word' id='word_1_317' title='bbox 1722 1547 1769 1575; x_wconf 85' lang='lat' dir='ltr'>est</span> 
     </span>
     <span class='ocr_line' id='line_1_26' title="bbox 160 1599 1766 1645; baseline -0.001 -11"><span class='ocrx_word' id='word_1_318' title='bbox 160 1601 267 1634; x_wconf 87' lang='lat' dir='ltr'>tribus</span> <span class='ocrx_word' id='word_1_319' title='bbox 280 1601 436 1645; x_wconf 89' lang='lat' dir='ltr'>personis.</span> <span class='ocrx_word' id='word_1_320' title='bbox 454 1601 511 1634; x_wconf 91' lang='lat' dir='ltr'>Cui</span> <span class='ocrx_word' id='word_1_321' title='bbox 529 1601 659 1634; x_wconf 89' lang='lat' dir='ltr'>videtur</span> <span class='ocrx_word' id='word_1_322' title='bbox 673 1600 807 1633; x_wconf 72' lang='lat' dir='ltr'>obviare</span> <span class='ocrx_word' id='word_1_323' title='bbox 829 1599 917 1645; x_wconf 83' lang='lat' dir='ltr'>quod</span> <span class='ocrx_word' id='word_1_324' title='bbox 934 1600 1158 1642; x_wconf 73' lang='lat' dir='ltr'>Augustinus⁷</span> <span class='ocrx_word' id='word_1_325' title='bbox 1173 1601 1218 1633; x_wconf 83' lang='lat' dir='ltr'>ait</span> <span class='ocrx_word' id='word_1_326' title='bbox 1237 1600 1271 1633; x_wconf 92' lang='lat' dir='ltr'>in</span> <span class='ocrx_word' id='word_1_327' title='bbox 1297 1600 1381 1634; x_wconf 88' lang='lat' dir='ltr'>libro</span> <span class='ocrx_word' id='word_1_328' title='bbox 1397 1599 1436 1633; x_wconf 82' lang='lat' dir='ltr'>de</span> <span class='ocrx_word' id='word_1_329' title='bbox 1451 1599 1533 1634; x_wconf 66' lang='lat' dir='ltr'>Fide</span> <span class='ocrx_word' id='word_1_330' title='bbox 1546 1599 1593 1633; x_wconf 84' lang='lat' dir='ltr'>ad</span> <span class='ocrx_word' id='word_1_331' title='bbox 1606 1601 1740 1634; x_wconf 74' lang='lat' dir='ltr'>Petrum</span> <span class='ocrx_word' id='word_1_332' title='bbox 1759 1613 1766 1633; x_wconf 91' lang='lat'><strong>:</strong></span> 
     </span>
     <span class='ocr_line' id='line_1_27' title="bbox 164 1658 1768 1704; baseline 0.001 -14"><span class='ocrx_word' id='word_1_333' title='bbox 164 1672 180 1690; x_wconf 76' lang='grc' dir='ltr'>ιι</span> <span class='ocrx_word' id='word_1_334' title='bbox 196 1658 262 1692; x_wconf 84' lang='lat' dir='ltr'>Nec</span> <span class='ocrx_word' id='word_1_335' title='bbox 271 1659 428 1692; x_wconf 84' lang='lat' dir='ltr'>divinitas</span> <span class='ocrx_word' id='word_1_336' title='bbox 445 1658 568 1703; x_wconf 84' lang='lat' dir='ltr'>inquit,</span> <span class='ocrx_word' id='word_1_337' title='bbox 580 1658 704 1691; x_wconf 86' lang='lat' dir='ltr'>Christi</span> <span class='ocrx_word' id='word_1_338' title='bbox 717 1658 825 1691; x_wconf 82' lang='lat' dir='ltr'>aliena</span> <span class='ocrx_word' id='word_1_339' title='bbox 840 1662 887 1690; x_wconf 89' lang='lat' dir='ltr'>est</span> <span class='ocrx_word' id='word_1_340' title='bbox 905 1669 924 1690; x_wconf 87' lang='lat' dir='ltr'>a</span> <span class='ocrx_word' id='word_1_341' title='bbox 938 1663 1056 1691; x_wconf 87' lang='lat' dir='ltr'>natura</span> <span class='ocrx_word' id='word_1_342' title='bbox 1070 1658 1191 1698; x_wconf 85' lang='lat' dir='ltr'>Patris,</span> <span class='ocrx_word' id='word_1_343' title='bbox 1208 1658 1390 1691; x_wconf 80' lang='lat' dir='ltr'>secundum</span> <span class='ocrx_word' id='word_1_344' title='bbox 1405 1658 1508 1691; x_wconf 81' lang='lat' dir='ltr'>illud⁸</span> <span class='ocrx_word' id='word_1_345' title='bbox 1524 1661 1583 1692; x_wconf 83' lang='lat' dir='ltr'>:In</span> <span class='ocrx_word' id='word_1_346' title='bbox 1602 1659 1768 1704; x_wconf 61' lang='lat' dir='ltr'>principio</span> 
     </span>
     <span class='ocr_line' id='line_1_28' title="bbox 160 1715 1769 1762; baseline 0 -12"><span class='ocrx_word' id='word_1_347' title='bbox 160 1723 233 1750; x_wconf 81' lang='lat' dir='ltr'>erae</span> <span class='ocrx_word' id='word_1_348' title='bbox 253 1716 406 1756; x_wconf 77' lang='lat' dir='ltr'>Verbnm;</span> <span class='ocrx_word' id='word_1_349' title='bbox 420 1727 478 1750; x_wconf 85' lang='lat' dir='ltr'>nec</span> <span class='ocrx_word' id='word_1_350' title='bbox 491 1715 681 1749; x_wconf 83' lang='lat' dir='ltr'>humanitas</span> <span class='ocrx_word' id='word_1_351' title='bbox 691 1716 762 1760; x_wconf 88' lang='lat' dir='ltr'>ejus</span> <span class='ocrx_word' id='word_1_352' title='bbox 770 1716 878 1749; x_wconf 86' lang='lat' dir='ltr'>aliena</span> <span class='ocrx_word' id='word_1_353' title='bbox 891 1721 938 1749; x_wconf 89' lang='lat' dir='ltr'>est</span> <span class='ocrx_word' id='word_1_354' title='bbox 952 1721 1101 1750; x_wconf 84' lang='lat' dir='ltr'>anatura</span> <span class='ocrx_word' id='word_1_355' title='bbox 1117 1717 1242 1757; x_wconf 83' lang='lat' dir='ltr'>matris,</span> <span class='ocrx_word' id='word_1_356' title='bbox 1258 1717 1440 1750; x_wconf 84' lang='lat' dir='ltr'>secundum</span> <span class='ocrx_word' id='word_1_357' title='bbox 1455 1716 1488 1749; x_wconf 91' lang='lat' dir='ltr'>id</span> <span class='ocrx_word' id='word_1_358' title='bbox 1503 1717 1610 1762; x_wconf 81' lang='lat' dir='ltr'>quod⁹</span> <span class='ocrx_word' id='word_1_359' title='bbox 1634 1717 1769 1750; x_wconf 76' lang='lat' dir='ltr'>Verbum</span> 
     </span>
     <span class='ocr_line' id='line_1_29' title="bbox 160 1774 1769 1820; baseline 0 -11"><span class='ocrx_word' id='word_1_360' title='bbox 160 1786 238 1809; x_wconf 85' lang='lat' dir='ltr'>caro</span> <span class='ocrx_word' id='word_1_361' title='bbox 249 1775 382 1819; x_wconf 76' lang='lat' dir='ltr'>sactum</span> <span class='ocrx_word' id='word_1_362' title='bbox 398 1780 457 1808; x_wconf 86' lang='lat' dir='ltr'>est.</span> <span class='ocrx_word' id='word_1_363' title='bbox 472 1774 534 1807; x_wconf 83' lang='lat' dir='ltr'>llla</span> <span class='ocrx_word' id='word_1_364' title='bbox 548 1774 636 1807; x_wconf 81' lang='lat' dir='ltr'>enim</span> <span class='ocrx_word' id='word_1_365' title='bbox 652 1779 784 1816; x_wconf 85' lang='lat' dir='ltr'>natura,</span> <span class='ocrx_word' id='word_1_366' title='bbox 799 1786 876 1819; x_wconf 79' lang='lat' dir='ltr'>quae</span> <span class='ocrx_word' id='word_1_367' title='bbox 890 1786 1018 1820; x_wconf 86' lang='lat' dir='ltr'>semper</span> <span class='ocrx_word' id='word_1_368' title='bbox 1032 1775 1142 1818; x_wconf 79' lang='lat' dir='ltr'>genita</span> <span class='ocrx_word' id='word_1_369' title='bbox 1153 1779 1262 1808; x_wconf 87' lang='lat' dir='ltr'>manet</span> <span class='ocrx_word' id='word_1_370' title='bbox 1277 1786 1315 1808; x_wconf 87' lang='lat' dir='ltr'>ex</span> <span class='ocrx_word' id='word_1_371' title='bbox 1333 1775 1441 1816; x_wconf 89' lang='lat' dir='ltr'>Patre,</span> <span class='ocrx_word' id='word_1_372' title='bbox 1455 1780 1607 1808; x_wconf 89' lang='lat' dir='ltr'>naturam</span> <span class='ocrx_word' id='word_1_373' title='bbox 1624 1781 1769 1810; x_wconf 82' lang='lat' dir='ltr'>nostram</span> 
     </span>
     <span class='ocr_line' id='line_1_30' title="bbox 159 1833 1768 1880; baseline 0.001 -13"><span class='ocrx_word' id='word_1_374' title='bbox 159 1834 229 1867; x_wconf 89' lang='lat' dir='ltr'>sine</span> <span class='ocrx_word' id='word_1_375' title='bbox 245 1837 374 1878; x_wconf 86' lang='lat' dir='ltr'>peccato</span> <span class='ocrx_word' id='word_1_376' title='bbox 389 1834 544 1877; x_wconf 84' lang='lat' dir='ltr'>suscepit,</span> <span class='ocrx_word' id='word_1_377' title='bbox 562 1837 598 1866; x_wconf 88' lang='lat' dir='ltr'>ut</span> <span class='ocrx_word' id='word_1_378' title='bbox 622 1837 811 1866; x_wconf 80' lang='lat' dir='ltr'>nasceretur</span> <span class='ocrx_word' id='word_1_379' title='bbox 825 1844 863 1866; x_wconf 87' lang='lat' dir='ltr'>ex</span> <span class='ocrx_word' id='word_1_380' title='bbox 893 1833 1042 1876; x_wconf 85' lang='lat' dir='ltr'>Virgine.</span> <span class='ocrx_word' id='word_1_381' title='bbox 1061 1847 1078 1864; x_wconf 85' lang='lat'>»</span> <span class='ocrx_word' id='word_1_382' title='bbox 1107 1833 1176 1866; x_wconf 87' lang='lat' dir='ltr'>Hac</span> <span class='ocrx_word' id='word_1_383' title='bbox 1203 1833 1396 1867; x_wconf 83' lang='lat' dir='ltr'>auctoritate</span> <span class='ocrx_word' id='word_1_384' title='bbox 1420 1833 1552 1867; x_wconf 87' lang='lat' dir='ltr'>videtur</span> <span class='ocrx_word' id='word_1_385' title='bbox 1567 1833 1662 1876; x_wconf 87' lang='lat' dir='ltr'>tradi,</span> <span class='ocrx_word' id='word_1_386' title='bbox 1679 1834 1768 1880; x_wconf 90' lang='lat' dir='ltr'>quod</span> 
     </span>
     <span class='ocr_line' id='line_1_31' title="bbox 160 1891 1768 1937; baseline 0.001 -12"><span class='ocrx_word' id='word_1_387' title='bbox 160 1891 275 1926; x_wconf 88' lang='lat' dir='ltr'>divina</span> <span class='ocrx_word' id='word_1_388' title='bbox 287 1891 597 1925; x_wconf 83' lang='lat' dir='ltr'>natura&#39;humanam</span> <span class='ocrx_word' id='word_1_389' title='bbox 613 1891 765 1936; x_wconf 88' lang='lat' dir='ltr'>suscepit.</span> <span class='ocrx_word' id='word_1_390' title='bbox 783 1891 847 1924; x_wconf 90' lang='lat' dir='ltr'>Ubi</span> <span class='ocrx_word' id='word_1_391' title='bbox 863 1891 1075 1925; x_wconf 87' lang='lat' dir='ltr'>vehementer</span> <span class='ocrx_word' id='word_1_392' title='bbox 1088 1891 1213 1925; x_wconf 87' lang='lat' dir='ltr'>moveri</span> <span class='ocrx_word' id='word_1_393' title='bbox 1230 1902 1416 1936; x_wconf 88' lang='lat' dir='ltr'>possumus,</span> <span class='ocrx_word' id='word_1_394' title='bbox 1431 1891 1521 1937; x_wconf 80' lang='lat' dir='ltr'>quod</span> <span class='ocrx_word' id='word_1_395' title='bbox 1532 1903 1604 1925; x_wconf 88' lang='lat' dir='ltr'>eam</span> <span class='ocrx_word' id='word_1_396' title='bbox 1623 1893 1768 1936; x_wconf 80' lang='lat' dir='ltr'>genitam</span> 
     </span>
     <span class='ocr_line' id='line_1_32' title="bbox 162 1948 1769 1995; baseline 0 -11"><span class='ocrx_word' id='word_1_397' title='bbox 162 1949 358 1984; x_wconf 80' lang='lat' dir='ltr'>aeternaliter</span> <span class='ocrx_word' id='word_1_398' title='bbox 372 1961 413 1982; x_wconf 83' lang='lat' dir='ltr'>ex</span> <span class='ocrx_word' id='word_1_399' title='bbox 427 1948 524 1982; x_wconf 87' lang='lat' dir='ltr'>Patre</span> <span class='ocrx_word' id='word_1_400' title='bbox 546 1949 636 1991; x_wconf 86' lang='lat' dir='ltr'>dicit,</span> <span class='ocrx_word' id='word_1_401' title='bbox 664 1949 727 1982; x_wconf 89' lang='lat' dir='ltr'>nisi</span> <span class='ocrx_word' id='word_1_402' title='bbox 750 1949 833 1983; x_wconf 78' lang='lat' dir='ltr'>forte</span> <span class='ocrx_word' id='word_1_403' title='bbox 857 1955 977 1983; x_wconf 82' lang='lat' dir='ltr'>natura</span> <span class='ocrx_word' id='word_1_404' title='bbox 1005 1961 1064 1994; x_wconf 91' lang='lat' dir='ltr'>pro</span> <span class='ocrx_word' id='word_1_405' title='bbox 1091 1961 1230 1995; x_wconf 87' lang='lat' dir='ltr'>persona</span> <span class='ocrx_word' id='word_1_406' title='bbox 1257 1949 1309 1982; x_wconf 88' lang='lat' dir='ltr'>hic</span> <span class='ocrx_word' id='word_1_407' title='bbox 1333 1949 1537 1995; x_wconf 85' lang='lat' dir='ltr'>accipiatur:</span> <span class='ocrx_word' id='word_1_408' title='bbox 1555 1949 1719 1995; x_wconf 88' lang='lat' dir='ltr'>alioquin,</span> <span class='ocrx_word' id='word_1_409' title='bbox 1741 1951 1769 1984; x_wconf 88' lang='lat' dir='ltr'>si</span> 
     </span>
     <span class='ocr_line' id='line_1_33' title="bbox 161 2007 1767 2051; baseline 0.001 -10"><span class='ocrx_word' id='word_1_410' title='bbox 161 2008 344 2042; x_wconf 83' lang='lat' dir='ltr'>dixerimus</span> <span class='ocrx_word' id='word_1_411' title='bbox 372 2011 524 2040; x_wconf 87' lang='lat' dir='ltr'>naturam</span> <span class='ocrx_word' id='word_1_412' title='bbox 555 2007 661 2040; x_wconf 90' lang='lat' dir='ltr'>tribus</span> <span class='ocrx_word' id='word_1_413' title='bbox 687 2007 834 2051; x_wconf 88' lang='lat' dir='ltr'>personis</span> <span class='ocrx_word' id='word_1_414' title='bbox 866 2018 1076 2042; x_wconf 87' lang='lat' dir='ltr'>communem</span> <span class='ocrx_word' id='word_1_415' title='bbox 1103 2008 1248 2051; x_wconf 78' lang='lat' dir='ltr'>genitam</span> <span class='ocrx_word' id='word_1_416' title='bbox 1286 2019 1368 2049; x_wconf 84' lang='lat' dir='ltr'>esse,</span> <span class='ocrx_word' id='word_1_417' title='bbox 1399 2013 1577 2042; x_wconf 87' lang='lat' dir='ltr'>occurrunt</span> <span class='ocrx_word' id='word_1_418' title='bbox 1606 2008 1701 2042; x_wconf 89' lang='lat' dir='ltr'>nobis</span> <span class='ocrx_word' id='word_1_419' title='bbox 1729 2020 1767 2042; x_wconf 85' lang='lat' dir='ltr'>ex</span> 
     </span>
     <span class='ocr_line' id='line_1_34' title="bbox 161 2065 1766 2110; baseline 0 -10"><span class='ocrx_word' id='word_1_420' title='bbox 161 2066 312 2107; x_wconf 82' lang='lat' dir='ltr'>adverso,</span> <span class='ocrx_word' id='word_1_421' title='bbox 328 2077 399 2110; x_wconf 83' lang='lat' dir='ltr'>quae</span> <span class='ocrx_word' id='word_1_422' title='bbox 413 2065 447 2098; x_wconf 86' lang='lat' dir='ltr'>in</span> <span class='ocrx_word' id='word_1_423' title='bbox 464 2068 601 2098; x_wconf 86' lang='lat' dir='ltr'>tractatu</span> <span class='ocrx_word' id='word_1_424' title='bbox 619 2065 658 2098; x_wconf 84' lang='lat' dir='ltr'>de</span> <span class='ocrx_word' id='word_1_425' title='bbox 669 2065 830 2098; x_wconf 86' lang='lat' dir='ltr'>Trinitate</span> <span class='ocrx_word' id='word_1_426' title='bbox 840 2065 1057 2099; x_wconf 87' lang='lat' dir='ltr'>disseruimus</span> <span class='ocrx_word' id='word_1_427' title='bbox 1069 2070 1103 2108; x_wconf 81' lang='lat'>¹⁰,</span> <span class='ocrx_word' id='word_1_428' title='bbox 1121 2065 1178 2099; x_wconf 91' lang='lat' dir='ltr'>ubi</span> <span class='ocrx_word' id='word_1_429' title='bbox 1192 2066 1339 2099; x_wconf 81' lang='lat' dir='ltr'>diximus</span> <span class='ocrx_word' id='word_1_430' title='bbox 1355 2077 1420 2099; x_wconf 91' lang='lat' dir='ltr'>non</span> <span class='ocrx_word' id='word_1_431' title='bbox 1435 2070 1586 2100; x_wconf 85' lang='lat' dir='ltr'>naturam</span> <span class='ocrx_word' id='word_1_432' title='bbox 1600 2071 1766 2109; x_wconf 88' lang='lat' dir='ltr'>naturam,</span> 
     </span>
     <span class='ocr_line' id='line_1_35' title="bbox 160 2123 1768 2170; baseline 0 -12"><span class='ocrx_word' id='word_1_433' title='bbox 160 2124 216 2158; x_wconf 84' lang='lat' dir='ltr'>sed</span> <span class='ocrx_word' id='word_1_434' title='bbox 233 2135 404 2169; x_wconf 86' lang='lat' dir='ltr'>personam</span> <span class='ocrx_word' id='word_1_435' title='bbox 420 2134 592 2168; x_wconf 82' lang='lat' dir='ltr'>personam</span> <span class='ocrx_word' id='word_1_436' title='bbox 607 2123 760 2167; x_wconf 86' lang='lat' dir='ltr'>genuisse</span> <span class='ocrx_word' id='word_1_437' title='bbox 773 2136 780 2165; x_wconf 94' lang='lat'>;</span> <span class='ocrx_word' id='word_1_438' title='bbox 798 2124 876 2168; x_wconf 86' lang='lat' dir='ltr'>quia</span> <span class='ocrx_word' id='word_1_439' title='bbox 890 2124 916 2157; x_wconf 92' lang='lat' dir='ltr'>si</span> <span class='ocrx_word' id='word_1_440' title='bbox 931 2128 1049 2157; x_wconf 82' lang='lat' dir='ltr'>natura</span> <span class='ocrx_word' id='word_1_441' title='bbox 1059 2125 1225 2167; x_wconf 81' lang='lat' dir='ltr'>genuisset</span> <span class='ocrx_word' id='word_1_442' title='bbox 1240 2129 1493 2166; x_wconf 80' lang='lat' dir='ltr'>naturam,cum</span> <span class='ocrx_word' id='word_1_443' title='bbox 1507 2136 1573 2158; x_wconf 84' lang='lat' dir='ltr'>una</span> <span class='ocrx_word' id='word_1_444' title='bbox 1587 2124 1768 2170; x_wconf 87' lang='lat' dir='ltr'>eademque</span> 
     </span>
     <span class='ocr_line' id='line_1_36' title="bbox 160 2181 1764 2228; baseline 0 -12"><span class='ocrx_word' id='word_1_445' title='bbox 160 2182 203 2216; x_wconf 85' lang='lat' dir='ltr'>sit</span> <span class='ocrx_word' id='word_1_446' title='bbox 218 2187 336 2216; x_wconf 87' lang='lat' dir='ltr'>natura</span> <span class='ocrx_word' id='word_1_447' title='bbox 349 2181 533 2222; x_wconf 83' lang='lat' dir='ltr'>Trinitatis,</span> <span class='ocrx_word' id='word_1_448' title='bbox 552 2181 665 2214; x_wconf 89' lang='lat' dir='ltr'>eadem</span> <span class='ocrx_word' id='word_1_449' title='bbox 682 2193 732 2215; x_wconf 87' lang='lat' dir='ltr'>res</span> <span class='ocrx_word' id='word_1_450' title='bbox 747 2181 886 2226; x_wconf 80' lang='lat' dir='ltr'>seipsam</span> <span class='ocrx_word' id='word_1_451' title='bbox 902 2182 1087 2225; x_wconf 82' lang='lat' dir='ltr'>genuisset:</span> <span class='ocrx_word' id='word_1_452' title='bbox 1105 2183 1191 2228; x_wconf 87' lang='lat' dir='ltr'>quod</span> <span class='ocrx_word' id='word_1_453' title='bbox 1206 2183 1442 2226; x_wconf 80' lang='lat' dir='ltr'>Augustinus¹¹</span> <span class='ocrx_word' id='word_1_454' title='bbox 1460 2182 1532 2216; x_wconf 83' lang='lat' dir='ltr'>fieri</span> <span class='ocrx_word' id='word_1_455' title='bbox 1548 2194 1640 2228; x_wconf 85' lang='lat' dir='ltr'>posse</span> <span class='ocrx_word' id='word_1_456' title='bbox 1656 2189 1764 2226; x_wconf 83' lang='lat' dir='ltr'>negat.</span> 
     </span>
     <span class='ocr_line' id='line_1_37' title="bbox 161 2240 1765 2286; baseline 0 -12"><span class='ocrx_word' id='word_1_457' title='bbox 161 2241 227 2275; x_wconf 86' lang='lat' dir='ltr'>Sed</span> <span class='ocrx_word' id='word_1_458' title='bbox 238 2240 318 2274; x_wconf 77' lang='lat' dir='ltr'>alibi</span> <span class='ocrx_word' id='word_1_459' title='bbox 331 2244 457 2282; x_wconf 82' lang='lat' dir='ltr'>certum</span> <span class='ocrx_word' id='word_1_460' title='bbox 474 2240 657 2285; x_wconf 84' lang='lat' dir='ltr'>reperimus</span> <span class='ocrx_word' id='word_1_461' title='bbox 671 2241 920 2281; x_wconf 85' lang='lat' dir='ltr'>documentum,</span> <span class='ocrx_word' id='word_1_462' title='bbox 937 2251 1004 2285; x_wconf 83' lang='lat' dir='ltr'>quo</span> <span class='ocrx_word' id='word_1_463' title='bbox 1016 2245 1134 2274; x_wconf 87' lang='lat' dir='ltr'>natura</span> <span class='ocrx_word' id='word_1_464' title='bbox 1149 2246 1302 2274; x_wconf 83' lang='lat' dir='ltr'>naturam</span> <span class='ocrx_word' id='word_1_465' title='bbox 1317 2241 1528 2286; x_wconf 86' lang='lat' dir='ltr'>assumpsisse</span> <span class='ocrx_word' id='word_1_466' title='bbox 1544 2245 1765 2281; x_wconf 60' lang='lat' dir='ltr'>monstratum</span> 
     </span>
     <span class='ocr_line' id='line_1_38' title="bbox 161 2297 1768 2344; baseline -0.001 -11"><span class='ocrx_word' id='word_1_467' title='bbox 161 2299 205 2333; x_wconf 78' lang='lat' dir='ltr'>ait</span> <span class='ocrx_word' id='word_1_468' title='bbox 216 2299 303 2332; x_wconf 81' lang='lat' dir='ltr'>enini</span> <span class='ocrx_word' id='word_1_469' title='bbox 318 2297 527 2341; x_wconf 82' lang='lat' dir='ltr'>Augustinus</span> <span class='ocrx_word' id='word_1_470' title='bbox 540 2298 574 2331; x_wconf 91' lang='lat' dir='ltr'>in</span> <span class='ocrx_word' id='word_1_471' title='bbox 587 2298 672 2331; x_wconf 88' lang='lat' dir='ltr'>libro</span> <span class='ocrx_word' id='word_1_472' title='bbox 682 2299 788 2343; x_wconf 89' lang='lat' dir='ltr'>primo</span> <span class='ocrx_word' id='word_1_473' title='bbox 796 2297 836 2331; x_wconf 86' lang='lat' dir='ltr'>de</span> <span class='ocrx_word' id='word_1_474' title='bbox 850 2298 1036 2332; x_wconf 70' lang='lat' dir='ltr'>I&#39;rinieate‘*</span> <span class='ocrx_word' id='word_1_475' title='bbox 1048 2299 1192 2332; x_wconf 85' lang='lat' dir='ltr'>:«Etiam</span> <span class='ocrx_word' id='word_1_476' title='bbox 1203 2299 1308 2344; x_wconf 88' lang='lat' dir='ltr'>seipso</span> <span class='ocrx_word' id='word_1_477' title='bbox 1319 2299 1469 2332; x_wconf 81' lang='lat' dir='ltr'>Christus</span> <span class='ocrx_word' id='word_1_478' title='bbox 1481 2299 1584 2332; x_wconf 80' lang='lat' dir='ltr'>factus</span> <span class='ocrx_word' id='word_1_479' title='bbox 1598 2304 1645 2332; x_wconf 86' lang='lat' dir='ltr'>est</span> <span class='ocrx_word' id='word_1_480' title='bbox 1660 2299 1768 2332; x_wconf 88' lang='lat' dir='ltr'>minor</span> 
     </span>
     <span class='ocr_line' id='line_1_39' title="bbox 162 2356 1765 2402; baseline -0.001 -11"><span class='ocrx_word' id='word_1_481' title='bbox 162 2357 300 2391; x_wconf 72' lang='lat' dir='ltr'>formam</span> <span class='ocrx_word' id='word_1_482' title='bbox 316 2356 401 2390; x_wconf 87' lang='lat' dir='ltr'>servi</span> <span class='ocrx_word' id='word_1_483' title='bbox 417 2356 589 2402; x_wconf 85' lang='lat' dir='ltr'>accipiens.</span> <span class='ocrx_word' id='word_1_484' title='bbox 607 2356 721 2401; x_wconf 89' lang='lat' dir='ltr'>Neque</span> <span class='ocrx_word' id='word_1_485' title='bbox 735 2357 824 2390; x_wconf 91' lang='lat' dir='ltr'>enim</span> <span class='ocrx_word' id='word_1_486' title='bbox 838 2357 884 2390; x_wconf 89' lang='lat' dir='ltr'>sic</span> <span class='ocrx_word' id='word_1_487' title='bbox 899 2357 1021 2402; x_wconf 85' lang='lat' dir='ltr'>accepit</span> <span class='ocrx_word' id='word_1_488' title='bbox 1036 2358 1176 2391; x_wconf 82' lang='lat' dir='ltr'>formam</span> <span class='ocrx_word' id='word_1_489' title='bbox 1192 2358 1292 2399; x_wconf 91' lang='lat' dir='ltr'>servi,</span> <span class='ocrx_word' id='word_1_490' title='bbox 1309 2362 1345 2390; x_wconf 88' lang='lat' dir='ltr'>ut</span> <span class='ocrx_word' id='word_1_491' title='bbox 1360 2357 1523 2390; x_wconf 83' lang='lat' dir='ltr'>amitteret</span> <span class='ocrx_word' id='word_1_492' title='bbox 1537 2357 1676 2391; x_wconf 81' lang='lat' dir='ltr'>formam</span> <span class='ocrx_word' id='word_1_493' title='bbox 1693 2357 1765 2399; x_wconf 87' lang='lat' dir='ltr'>Dei,</span> 
     </span>
     <span class='ocr_line' id='line_1_40' title="bbox 163 2414 1768 2460; baseline -0.001 -11"><span class='ocrx_word' id='word_1_494' title='bbox 163 2414 197 2448; x_wconf 85' lang='lat' dir='ltr'>in</span> <span class='ocrx_word' id='word_1_495' title='bbox 211 2426 276 2460; x_wconf 85' lang='lat' dir='ltr'>qua</span> <span class='ocrx_word' id='word_1_496' title='bbox 290 2419 359 2448; x_wconf 74' lang='lat' dir='ltr'>erat</span> <span class='ocrx_word' id='word_1_497' title='bbox 373 2415 509 2459; x_wconf 76' lang='lat' dir='ltr'>aequalis</span> <span class='ocrx_word' id='word_1_498' title='bbox 524 2414 614 2448; x_wconf 85' lang='lat' dir='ltr'>Patri</span> <span class='ocrx_word' id='word_1_499' title='bbox 631 2427 638 2448; x_wconf 78' lang='lat'>2</span> <span class='ocrx_word' id='word_1_500' title='bbox 657 2414 741 2448; x_wconf 91' lang='lat' dir='ltr'>utin</span> <span class='ocrx_word' id='word_1_501' title='bbox 758 2415 864 2449; x_wconf 77' lang='lat' dir='ltr'>forma</span> <span class='ocrx_word' id='word_1_502' title='bbox 878 2415 978 2456; x_wconf 83' lang='lat' dir='ltr'>servi,</span> <span class='ocrx_word' id='word_1_503' title='bbox 1003 2420 1033 2449; x_wconf 85' lang='lat' dir='ltr'>et</span> <span class='ocrx_word' id='word_1_504' title='bbox 1053 2416 1087 2449; x_wconf 92' lang='lat' dir='ltr'>in</span> <span class='ocrx_word' id='word_1_505' title='bbox 1113 2415 1219 2450; x_wconf 76' lang='lat' dir='ltr'>forma</span> <span class='ocrx_word' id='word_1_506' title='bbox 1243 2416 1301 2449; x_wconf 89' lang='lat' dir='ltr'>Dei</span> <span class='ocrx_word' id='word_1_507' title='bbox 1323 2416 1408 2450; x_wconf 88' lang='lat' dir='ltr'>idem</span> <span class='ocrx_word' id='word_1_508' title='bbox 1428 2416 1496 2460; x_wconf 90' lang='lat' dir='ltr'>ipse</span> <span class='ocrx_word' id='word_1_509' title='bbox 1519 2416 1561 2448; x_wconf 89' lang='lat' dir='ltr'>sit</span> <span class='ocrx_word' id='word_1_510' title='bbox 1577 2415 1768 2457; x_wconf 78' lang='lat' dir='ltr'>unigenitus</span> 
     </span>
    </p>

    <p class='ocr_par' dir='ltr' id='par_1_3' title="bbox 161 2508 1766 2614">
     <span class='ocr_line' id='line_1_41' title="bbox 197 2508 1765 2541; baseline 0.002 -8"><span class='ocrx_word' id='word_1_511' title='bbox 197 2510 271 2533; x_wconf 74' lang='lat' dir='ltr'>¹lino</span> <span class='ocrx_word' id='word_1_512' title='bbox 286 2510 367 2541; x_wconf 59' lang='lat' dir='ltr'>rung„</span> <span class='ocrx_word' id='word_1_513' title='bbox 379 2508 410 2533; x_wconf 84' lang='lat' dir='ltr'>de</span> <span class='ocrx_word' id='word_1_514' title='bbox 421 2509 480 2534; x_wconf 73' lang='lat' dir='ltr'>Fide</span> <span class='ocrx_word' id='word_1_515' title='bbox 490 2509 608 2540; x_wconf 59' lang='lat' dir='ltr'>adst-ir„</span> <span class='ocrx_word' id='word_1_516' title='bbox 619 2517 642 2533; x_wconf 66' lang='lat' dir='ltr'>e.</span> <span class='ocrx_word' id='word_1_517' title='bbox 654 2515 682 2540; x_wconf 79' lang='lat' dir='ltr'>ii,</span> <span class='ocrx_word' id='word_1_518' title='bbox 695 2518 721 2534; x_wconf 87' lang='lat' dir='ltr'>n.</span> <span class='ocrx_word' id='word_1_519' title='bbox 731 2511 756 2535; x_wconf 81' lang='grc' dir='ltr'><strong>Π</strong></span> <span class='ocrx_word' id='word_1_520' title='bbox 773 2523 797 2528; x_wconf 91' lang='grc'>-</span> <span class='ocrx_word' id='word_1_521' title='bbox 811 2510 942 2540; x_wconf 66' lang='lat' dir='ltr'>¹1b1&#39;11.,n.</span> <span class='ocrx_word' id='word_1_522' title='bbox 956 2513 1031 2534; x_wconf 77' lang='lat' dir='ltr'>tS.—</span> <span class='ocrx_word' id='word_1_523' title='bbox 1043 2510 1171 2541; x_wconf 66' lang='lat' dir='ltr'>³1b··«l.‚«-.</span> <span class='ocrx_word' id='word_1_524' title='bbox 1185 2516 1246 2536; x_wconf 64' lang='lat' dir='ltr'>xxii,</span> <span class='ocrx_word' id='word_1_525' title='bbox 1256 2518 1281 2534; x_wconf 90' lang='lat' dir='ltr'>u.</span> <span class='ocrx_word' id='word_1_526' title='bbox 1293 2512 1378 2534; x_wconf 60' lang='lat' dir='ltr'>fifh—⁸</span> <span class='ocrx_word' id='word_1_527' title='bbox 1390 2510 1463 2539; x_wconf 72' lang='lat' dir='ltr'>llud,</span> <span class='ocrx_word' id='word_1_528' title='bbox 1475 2518 1497 2532; x_wconf 77' lang='lat' dir='ltr'>c.</span> <span class='ocrx_word' id='word_1_529' title='bbox 1514 2511 1660 2539; x_wconf 69' lang='lat' dir='ltr'>11,1ri7.—</span> <span class='ocrx_word' id='word_1_530' title='bbox 1670 2512 1765 2536; x_wconf 57' lang='lat' dir='ltr'>‘Coum</span> 
     </span>
     <span class='ocr_line' id='line_1_42' title="bbox 162 2545 1766 2577; baseline 0.001 -8"><span class='ocrx_word' id='word_1_531' title='bbox 162 2546 354 2577; x_wconf 69' lang='lat' dir='ltr'>Tolet.,vi‚sivo</span> <span class='ocrx_word' id='word_1_532' title='bbox 368 2547 428 2571; x_wconf 84' lang='lat' dir='ltr'>unni</span> <span class='ocrx_word' id='word_1_533' title='bbox 438 2547 494 2576; x_wconf 73' lang='lat'>⁶³⁸,</span> <span class='ocrx_word' id='word_1_534' title='bbox 507 2553 529 2570; x_wconf 81' lang='lat' dir='ltr'>c.</span> <span class='ocrx_word' id='word_1_535' title='bbox 546 2552 596 2570; x_wconf 85' lang='lat'>1.—</span> <span class='ocrx_word' id='word_1_536' title='bbox 608 2546 618 2562; x_wconf 67' lang='grc' dir='ltr'><strong>θ</strong></span> <span class='ocrx_word' id='word_1_537' title='bbox 633 2547 713 2570; x_wconf 84' lang='lat' dir='ltr'>Cone.</span> <span class='ocrx_word' id='word_1_538' title='bbox 725 2547 804 2570; x_wconf 83' lang='lat' dir='ltr'>Totet.</span> <span class='ocrx_word' id='word_1_539' title='bbox 820 2552 855 2571; x_wconf 85' lang='lat' dir='ltr'>xi.</span> <span class='ocrx_word' id='word_1_540' title='bbox 872 2547 924 2570; x_wconf 68' lang='lat' dir='ltr'>sivi·</span> <span class='ocrx_word' id='word_1_541' title='bbox 941 2547 1000 2570; x_wconf 82' lang='lat' dir='ltr'>unni</span> <span class='ocrx_word' id='word_1_542' title='bbox 1013 2548 1067 2576; x_wconf 73' lang='lat'>875,</span> <span class='ocrx_word' id='word_1_543' title='bbox 1080 2547 1181 2571; x_wconf 71' lang='lat' dir='ltr'>pnes.—-</span> <span class='ocrx_word' id='word_1_544' title='bbox 1191 2546 1264 2570; x_wconf 68' lang='lat' dir='ltr'>&#39;imo</span> <span class='ocrx_word' id='word_1_545' title='bbox 1278 2546 1339 2575; x_wconf 72' lang='lat' dir='ltr'>Fulg</span> <span class='ocrx_word' id='word_1_546' title='bbox 1353 2565 1358 2574; x_wconf 72' lang='grc'>,</span> <span class='ocrx_word' id='word_1_547' title='bbox 1370 2546 1399 2569; x_wconf 75' lang='lat' dir='ltr'>dr·</span> <span class='ocrx_word' id='word_1_548' title='bbox 1411 2545 1471 2569; x_wconf 70' lang='lat' dir='ltr'>Fide</span> <span class='ocrx_word' id='word_1_549' title='bbox 1481 2545 1514 2568; x_wconf 81' lang='lat' dir='ltr'>nd</span> <span class='ocrx_word' id='word_1_550' title='bbox 1522 2546 1598 2574; x_wconf 60' lang='lat' dir='ltr'>Petra,</span> <span class='ocrx_word' id='word_1_551' title='bbox 1610 2553 1631 2569; x_wconf 26' lang='lat' dir='ltr'>c,</span> <span class='ocrx_word' id='word_1_552' title='bbox 1641 2551 1668 2570; x_wconf 88' lang='lat' dir='ltr'>u.</span> <span class='ocrx_word' id='word_1_553' title='bbox 1685 2553 1710 2572; x_wconf 87' lang='lat' dir='ltr'>u.</span> <span class='ocrx_word' id='word_1_554' title='bbox 1728 2549 1766 2572; x_wconf 78' lang='lat' dir='ltr'>tt.</span> 
     </span>
     <span class='ocr_line' id='line_1_43' title="bbox 161 2581 1766 2614; baseline 0.001 -8"><span class='ocrx_word' id='word_1_555' title='bbox 161 2582 295 2612; x_wconf 71' lang='lat' dir='ltr'>—010an,</span> <span class='ocrx_word' id='word_1_556' title='bbox 309 2587 328 2612; x_wconf 84' lang='lat' dir='ltr'>t,</span> <span class='ocrx_word' id='word_1_557' title='bbox 345 2585 399 2607; x_wconf 75' lang='grc'><strong>1.·-</strong></span> <span class='ocrx_word' id='word_1_558' title='bbox 410 2581 504 2612; x_wconf 70' lang='grc' dir='ltr'>Ἰὸιά.,</span> <span class='ocrx_word' id='word_1_559' title='bbox 521 2584 590 2607; x_wconf 75' lang='lat' dir='ltr'>u.-</span> <span class='ocrx_word' id='word_1_560' title='bbox 603 2582 624 2599; x_wconf 82' lang='lat'>¹⁰</span> <span class='ocrx_word' id='word_1_561' title='bbox 640 2582 685 2606; x_wconf 85' lang='lat' dir='ltr'>Lib</span> <span class='ocrx_word' id='word_1_562' title='bbox 710 2583 730 2610; x_wconf 84' lang='grc' dir='ltr'>Ι,</span> <span class='ocrx_word' id='word_1_563' title='bbox 745 2582 795 2607; x_wconf 61' lang='grc' dir='ltr'>«ΙΝ</span> <span class='ocrx_word' id='word_1_564' title='bbox 809 2589 865 2606; x_wconf 81' lang='lat' dir='ltr'>v.—</span> <span class='ocrx_word' id='word_1_565' title='bbox 880 2583 898 2600; x_wconf 70' lang='grc' dir='ltr'>Ι·</span> <span class='ocrx_word' id='word_1_566' title='bbox 913 2585 989 2614; x_wconf 65' lang='lat' dir='ltr'>Aug„</span> <span class='ocrx_word' id='word_1_567' title='bbox 1002 2582 1035 2606; x_wconf 80' lang='lat' dir='ltr'>dn</span> <span class='ocrx_word' id='word_1_568' title='bbox 1051 2583 1152 2614; x_wconf 60' lang='lat' dir='ltr'>Trium,</span> <span class='ocrx_word' id='word_1_569' title='bbox 1168 2583 1212 2607; x_wconf 82' lang='lat' dir='ltr'>lib.</span> <span class='ocrx_word' id='word_1_570' title='bbox 1231 2584 1249 2613; x_wconf 90' lang='lat' dir='ltr'>t,</span> <span class='ocrx_word' id='word_1_571' title='bbox 1265 2590 1287 2606; x_wconf 77' lang='lat' dir='ltr'>r.</span> <span class='ocrx_word' id='word_1_572' title='bbox 1301 2588 1319 2611; x_wconf 85' lang='grc' dir='ltr'>ι,</span> <span class='ocrx_word' id='word_1_573' title='bbox 1330 2589 1356 2607; x_wconf 83' lang='grc' dir='ltr'>ιι.</span> <span class='ocrx_word' id='word_1_574' title='bbox 1370 2586 1423 2606; x_wconf 88' lang='lat' dir='ltr'>t.——</span> <span class='ocrx_word' id='word_1_575' title='bbox 1440 2581 1665 2612; x_wconf 59' lang='lat' dir='ltr'>·=Je,1⁴‹1.,e.xn,n.</span> <span class='ocrx_word' id='word_1_576' title='bbox 1681 2584 1718 2607; x_wconf 75' lang='lat' dir='ltr'>u.</span> <span class='ocrx_word' id='word_1_577' title='bbox 1732 2584 1766 2607; x_wconf 83' lang='lat' dir='ltr'>De</span> 
     </span>
    </p>
   </div>
   <div class='ocr_carea' id='block_1_3' title="bbox 163 2616 1767 2685">
    <p class='ocr_par' dir='ltr' id='par_1_4' title="bbox 163 2616 1767 2685">
     <span class='ocr_line' id='line_1_44' title="bbox 163 2616 1767 2649; baseline -0.001 -6"><span class='ocrx_word' id='word_1_578' title='bbox 163 2619 210 2643; x_wconf 68' lang='lat' dir='ltr'>bur</span> <span class='ocrx_word' id='word_1_579' title='bbox 227 2619 302 2642; x_wconf 68' lang='lat' dir='ltr'>rimu</span> <span class='ocrx_word' id='word_1_580' title='bbox 318 2625 330 2641; x_wconf 88' lang='lat' dir='ltr'>c</span> <span class='ocrx_word' id='word_1_581' title='bbox 358 2623 382 2641; x_wconf 82' lang='lat' dir='ltr'>xl</span> <span class='ocrx_word' id='word_1_582' title='bbox 396 2619 420 2641; x_wconf 88' lang='lat' dir='ltr'>et</span> <span class='ocrx_word' id='word_1_583' title='bbox 435 2624 487 2648; x_wconf 74' lang='lat' dir='ltr'>seq.</span> <span class='ocrx_word' id='word_1_584' title='bbox 508 2631 529 2634; x_wconf 44' lang='grc' dir='ltr'><strong>ψ</strong></span> <span class='ocrx_word' id='word_1_585' title='bbox 545 2618 579 2647; x_wconf 72' lang='lat' dir='ltr'>(a)</span> <span class='ocrx_word' id='word_1_586' title='bbox 595 2618 668 2643; x_wconf 66' lang='lat' dir='ltr'>conc.</span> <span class='ocrx_word' id='word_1_587' title='bbox 690 2617 772 2646; x_wconf 77' lang='lat' dir='ltr'>&#39;abb.,</span> <span class='ocrx_word' id='word_1_588' title='bbox 787 2618 1005 2649; x_wconf 67' lang='lat' dir='ltr'>singularitate.—</span> <span class='ocrx_word' id='word_1_589' title='bbox 1029 2617 1051 2647; x_wconf 75' lang='lat' dir='ltr'>b)</span> <span class='ocrx_word' id='word_1_590' title='bbox 1068 2617 1142 2646; x_wconf 66' lang='lat' dir='ltr'>mid..</span> <span class='ocrx_word' id='word_1_591' title='bbox 1158 2618 1297 2642; x_wconf 62' lang='lat' dir='ltr'>nulnum—⁴</span> <span class='ocrx_word' id='word_1_592' title='bbox 1310 2619 1338 2645; x_wconf 64' lang='grc' dir='ltr'>(ν)</span> <span class='ocrx_word' id='word_1_593' title='bbox 1354 2616 1410 2640; x_wconf 70' lang='lat' dir='ltr'>lbid</span> <span class='ocrx_word' id='word_1_594' title='bbox 1421 2635 1428 2647; x_wconf 84' lang='lat'>,</span> <span class='ocrx_word' id='word_1_595' title='bbox 1444 2619 1558 2647; x_wconf 66' lang='lat' dir='ltr'>nnturw,</span> <span class='ocrx_word' id='word_1_596' title='bbox 1576 2617 1600 2641; x_wconf 85' lang='lat' dir='ltr'>iu</span> <span class='ocrx_word' id='word_1_597' title='bbox 1613 2617 1637 2641; x_wconf 74' lang='lat' dir='ltr'>id</span> <span class='ocrx_word' id='word_1_598' title='bbox 1656 2619 1767 2648; x_wconf 70' lang='lat' dir='ltr'>quart.-</span> 
     </span>
     <span class='ocr_line' id='line_1_45' title="bbox 164 2653 1105 2685; baseline -0.003 -6"><span class='ocrx_word' id='word_1_599' title='bbox 164 2654 197 2685; x_wconf 72' lang='lat' dir='ltr'>(di</span> <span class='ocrx_word' id='word_1_600' title='bbox 215 2653 287 2682; x_wconf 74' lang='grc' dir='ltr'><strong>Ιὸιιί..</strong></span> <span class='ocrx_word' id='word_1_601' title='bbox 303 2653 408 2677; x_wconf 70' lang='lat' dir='ltr'>unitate.</span> <span class='ocrx_word' id='word_1_602' title='bbox 423 2665 454 2671; x_wconf 91' lang='lat'>-</span> <span class='ocrx_word' id='word_1_603' title='bbox 465 2655 494 2683; x_wconf 82' lang='grc' dir='ltr'>(ε)</span> <span class='ocrx_word' id='word_1_604' title='bbox 511 2653 584 2680; x_wconf 63' lang='grc' dir='ltr'>ΗΜΛ,</span> <span class='ocrx_word' id='word_1_605' title='bbox 599 2661 727 2684; x_wconf 72' lang='lat' dir='ltr'>operasse.</span> <span class='ocrx_word' id='word_1_606' title='bbox 740 2667 770 2673; x_wconf 94' lang='lat'>—</span> <span class='ocrx_word' id='word_1_607' title='bbox 785 2655 819 2685; x_wconf 68' lang='lat' dir='ltr'>(s,</span> <span class='ocrx_word' id='word_1_608' title='bbox 833 2653 908 2684; x_wconf 62' lang='lat' dir='ltr'>iord„</span> <span class='ocrx_word' id='word_1_609' title='bbox 923 2653 1105 2685; x_wconf 76' lang='lat' dir='ltr'>singularitate.</span> 
     </span>
    </p>
   </div>
   <div class='ocr_carea' id='block_1_4' title="bbox 303 2701 1605 2730">
    <p class='ocr_par' dir='ltr' id='par_1_5' title="bbox 303 2701 1605 2730">
     <span class='ocr_line' id='line_1_46' title="bbox 303 2701 1605 2730; baseline 0 0"><span class='ocrx_word' id='word_1_610' title='bbox 303 2706 378 2730; x_wconf 74' lang='grc' dir='ltr'><strong>ἸῸΙ.</strong></span> <span class='ocrx_word' id='word_1_611' title='bbox 404 2704 451 2728; x_wconf 82' lang='lat' dir='ltr'>tv.</span> <span class='ocrx_word' id='word_1_612' title='bbox 1586 2701 1605 2730; x_wconf 82' lang='grc'>8</span> 
     </span>
    </p>
   </div>
  </div>
 </body>
</html>
