2017 2960
853 136 1042 170 DISTINCT.
1067 137 1173 168 XXIII.
1775 141 1811 170 77

208 209 281 244 Non
323 209 410 242 enim
451 207 591 240 charitas
630 206 750 248 fidem,
793 206 848 240 sed
886 205 966 239 fides
1002 205 1191 239 charitatem
1242 204 1394 249 praecedit
1407 217 1415 246 ;
1464 205 1543 249 quia
1581 216 1676 238 nemo
1712 209 1818 250 potest

208 279 318 302 amare
333 266 421 312 quod
437 277 504 298 non
520 265 705 307 crediderit,
723 264 806 298 sicut
830 275 889 297 nec
913 274 1053 308 sperare.
1077 276 1092 294 n
1119 262 1183 296 Sed
1206 263 1266 296 hoc
1291 262 1392 307 accipi
1415 266 1518 307 potest
1541 274 1608 295 esse
1631 262 1754 295 dictum
1777 263 1817 296 de

207 325 284 367 fide,
308 335 382 369 qum
397 324 502 357 virtus
526 335 593 356 non
619 327 686 365 est,
707 323 777 368 ipsa
796 322 884 356 enim
903 333 995 365 spem
1020 324 1051 354 et
1074 321 1265 354 charitatem
1290 320 1480 365 frequenter
1503 320 1674 365 praecedit3
1697 320 1748 353 vel
1774 321 1814 353 de

206 386 280 416 actu
308 382 397 424 fidei,
422 382 481 426 qui
509 381 591 415 forte
614 381 810 414 naturaliter
832 384 940 413 actum
969 379 1136 412 charitatis
1165 379 1332 423 praecedit,
1363 379 1447 411 sicut
1470 381 1577 411 actum
1604 378 1671 423 spei
1696 390 1702 410 :
1725 378 1813 422 quod

206 440 306 474 verba
320 439 486 485 praemissa
508 440 682 484 diligenter
703 442 814 472 notata
828 438 994 479 innuunt,
1017 441 1048 469 et
1070 448 1107 469 ea
1125 437 1223 469 etiam
1246 448 1319 481 quae
1344 436 1434 469 addit
1456 436 1566 469 dicens
1593 448 1600 468 ε
1629 449 1646 467 «
1670 435 1741 468 Nisi
1763 446 1812 477 ea,

204 498 326 542 inquit,
343 509 417 542 quae
432 497 539 539 audis,
564 497 752 538 credideris,
769 496 809 530 ad
825 497 1004 529 amandum
1023 506 1060 528 ea
1087 505 1161 538 quae
1186 494 1280 527 audis
1301 506 1368 527 non
1389 494 1661 527 inflammaberis.
1687 507 1703 525 »
1736 493 1815 533 Quae

206 559 334 588 tantum
360 555 400 589 de
423 567 491 588 non
505 555 583 588 visis
608 559 672 597 est,
698 558 735 588 ut
753 559 827 588 ante
849 553 1004 587 diximus.
1030 553 1124 586 [nde
1147 552 1399 596 Chrysostomus
1422 551 1428 567 ¹
1453 564 1460 584 z
1487 565 1503 583 ‹<
1524 552 1621 584 Fides
1648 552 1683 584 in
1705 550 1816 584 anima

204 617 316 647 nostra
330 613 407 646 facit
421 613 595 646 subsistere
611 624 660 655 ea,
677 623 751 658 quae
766 623 832 646 non
847 611 1015 653 videntur,
1032 610 1071 644 de
1087 609 1209 655 quibus
1225 609 1355 654 proprie
1370 609 1452 642 fides
1468 614 1515 642 est
1534 622 1540 642 :
1564 610 1603 643 de
1621 609 1700 642 visis
1725 608 1814 642 enim

203 681 273 705 non
288 675 336 705 est
350 671 443 713 fides,
460 671 515 704 sed
530 670 667 714 agnitio.
682 684 699 702 »

396 795 603 827 EXPOSITIO
625 794 790 826 TEXTUS.

274 880 338 905 Cum
351 887 413 905 vero
429 887 505 912 supra
518 880 634 904 habitum
648 880 688 909 sit,
704 879 843 911 Christum,
861 881 908 903 etc.

244 955 333 987 Sicut
348 965 445 996 supra
466 956 499 987 in
522 955 621 995 hujus
643 956 727 987 tertii
750 954 909 996 principio
930 953 982 984 di-

203 1010 292 1040 ctum
312 1009 391 1048 fuit,
417 1009 451 1039 in
473 1009 535 1040 hoc
556 1009 662 1040 libello
679 1009 814 1039 intendit
830 1008 982 1047 Magister

203 1062 414 1094 determinare
438 1064 574 1103 qualiter
592 1063 713 1102 Deus²,
741 1064 799 1103 qui
822 1066 869 1095 est
893 1062 982 1094 (lives

204 1117 241 1147 in
269 1116 516 1155 misericordia,
546 1119 619 1155 etc„
650 1117 895 1155 convivificavit
925 1123 982 1147 nos

206 1169 332 1202 Christo
357 1180 368 1200 .·
388 1172 419 1201 et
439 1170 592 1210 quoniam
614 1170 675 1201 hoc
700 1170 807 1210 ipsum
831 1169 903 1200 fecit
927 1178 983 1208 per

203 1222 363 1253 Christum
374 1226 590 1254 assumentem
597 1224 696 1254 vitam
708 1225 832 1253 naturae
849 1224 980 1260 nostrae,

202 1277 234 1307 et
254 1275 382 1307 dantem
405 1277 497 1308 nobis
521 1277 623 1308 vitam
644 1277 776 1317 gratiae3
802 1276 873 1307 ideo
897 1278 982 1306 totus

201 1328 283 1361 liber
307 1330 366 1361 iste
390 1340 408 1361 a
429 1331 587 1371 principio
612 1331 812 1362 dividebatur
841 1330 875 1360 in
903 1330 982 1360 duas

203 1384 310 1423 partes
324 1384 466 1423 generali
481 1384 634 1414 divisione
650 1395 656 1413 :
673 1384 705 1414 in
723 1392 861 1424 quarum
878 1383 982 1422 prima

203 1436 271 1475 agit
295 1436 447 1476 Magister
469 1437 507 1468 de
528 1437 611 1475 vita,
629 1446 727 1477 quam
747 1446 804 1477 pro
822 1436 914 1467 nobis
928 1445 981 1467 as-

202 1490 358 1530 sumpsit,
388 1500 487 1530 quam
515 1491 612 1521 etiam
647 1499 705 1530 pro
743 1489 844 1520 salute
874 1490 983 1519 nostra

202 1543 298 1574 morti
312 1544 475 1584 exposuit3
492 1544 526 1574 in
543 1543 681 1574 secunda
694 1552 771 1574 vero
782 1543 851 1582 agit
864 1543 901 1573 de
916 1543 983 1573 vita

203 1597 317 1635 gratiae
331 1621 339 1635 ,
364 1606 462 1636 quam
483 1597 576 1627 nobis
599 1597 743 1627 contulit.
768 1596 873 1627 Prima
894 1598 982 1636 parte

203 1650 413 1681 determinata
429 1674 437 1688 ,
466 1659 540 1690 quae
571 1650 664 1681 durat.
685 1660 703 1681 a
725 1649 881 1690 principio
909 1649 982 1679 libri

203 1712 306 1743 usque
320 1703 396 1740 huc,
419 1703 472 1734 hie
498 1703 609 1743 incipit
631 1703 782 1741 secunda,
799 1712 872 1742 quae
889 1702 983 1733 durat

203 1755 244 1786 ab
269 1756 331 1787 hoc
353 1756 422 1787 loco
445 1765 547 1796 usque
573 1756 612 1787 ad
634 1757 746 1787 finem.
770 1755 808 1786 Et
829 1755 982 1795 quoniam

203 1809 354 1850 perfectio
383 1810 456 1840 vitae
482 1809 596 1849 gratiae
618 1809 653 1839 in
676 1809 802 1840 duobus
828 1809 979 1846 consistit,

202 1863 349 1894 videlicet
362 1863 396 1894 in
411 1863 616 1894 multitudine
632 1863 805 1893 habituum
821 1862 982 1901 gratuito-

203 1925 289 1955 rum,
305 1918 336 1947 et
350 1916 384 1947 in
398 1917 582 1956 impletione
606 1916 792 1947 divinorum
816 1916 983 1946 mandato-

204 1979 280 2001 rum
296 1981 303 2001 :
320 1970 390 2001 ideo
405 1979 478 2010 pars
493 1970 553 2000 ista
560 1969 594 2000 in
604 1969 683 2000 duas
697 1971 802 2009 partes
816 1969 980 2006 dividitur,

205 2023 240 2054 in
254 2033 394 2064 quarum
408 2023 512 2064 prima
527 2023 595 2062 agit
605 2022 755 2062 Magister
769 2023 807 2053 de
821 2023 984 2053 habitibus

205 2075 374 2114 gratuitis3
390 2075 424 2106 in
436 2075 574 2106 secunda
591 2083 668 2105 vero
684 2075 752 2113 agit
766 2074 803 2105 de
817 2074 984 2114 praeceptis

205 2129 368 2170 decalogi,
383 2129 468 2160 infra
479 2129 490 2145 ³
507 2139 514 2160 z
529 2128 592 2161 Sed
601 2128 673 2168 jam
687 2128 877 2160 distributio
895 2127 985 2159 deca-

205 2183 280 2223 loyi,
297 2185 357 2215 etc.
372 2182 411 2214 Et
425 2183 577 2223 quoniam
591 2182 720 2212 habitus
731 2181 863 2221 gratuiti
874 2180 985 2211 distin-

206 2238 344 2268 ctionem
355 2237 474 2268 habent
484 2238 515 2268 et
525 2236 759 2267 connexionem
773 2244 780 2274 ;
800 2235 869 2265 ideo
880 2235 985 2274 prima

206 2300 280 2332 pars
305 2291 460 2322 dividitur
480 2290 514 2321 in
540 2290 639 2329 duas,
661 2289 695 2320 in
718 2297 856 2329 quarum
879 2288 985 2328 prima

207 2344 276 2384 agit
293 2345 331 2376 de
349 2344 512 2375 habithus
536 2343 685 2384 gratuitis
710 2343 744 2373 in
767 2344 925 2382 quantum
945 2342 984 2372 ab

208 2397 348 2429 invicem
372 2398 635 2438 distinguuntur;
660 2396 694 2426 in
714 2396 852 2427 secunda
868 2395 906 2426 de
921 2395 984 2425 eis-

209 2449 282 2481 dem
303 2451 338 2481 in
357 2454 513 2491 quantum
529 2450 569 2482 ad
582 2449 721 2480 invicem
738 2450 983 2486 connectuntur,

210 2503 291 2534 infra
305 2506 337 2534 ⁵:
355 2504 440 2536 Solet
463 2506 561 2536 etiam
576 2504 697 2544 qztoeri,
720 2506 827 2534 utrum
846 2502 985 2534 virtutes

243 2582 252 2599 ¹
263 2583 337 2607 Joan.
357 2583 458 2615 Chry-s„
472 2585 498 2607 in
509 2584 590 2615 Epist.
600 2583 635 2607 ad
642 2583 727 2612 Helm,
740 2582 811 2607 hom.
822 2587 878 2612 xxi,
891 2589 917 2605 n.
929 2583 985 2605 2.—

210 2618 221 2635 ’
235 2617 336 2650 Ephesi„
352 2624 380 2650 11,
397 2620 419 2649 4,
433 2621 493 2643 5.-
506 2619 516 2636 ³
526 2619 702 2644 Dist.xxxv11.
714 2630 742 2638 -
754 2617 764 2634 ¹·
778 2618 841 2643 Dist.
852 2622 942 2642 xxxvi.
954 2628 985 2634 —

1039 795 1107 826 sint
1131 793 1195 826 sibi
1222 793 1411 833 conjunctoe.
1445 793 1484 824 Et
1511 792 1664 833 quoniam
1692 792 1820 823 habitus

1039 845 1173 885 gratuiti
1197 847 1272 875 sunt
1288 845 1321 875 in
1336 845 1453 884 triplici
1475 844 1654 875 differentia
1673 843 1820 884 (quidam

1039 908 1177 938 namque
1190 901 1265 929 sunt
1280 898 1336 938 qui
1353 898 1500 928 ordinant
1515 898 1548 927 in
1564 898 1673 935 finem,
1698 899 1734 928 ut
1746 898 1820 927 sunt

1038 952 1176 982 virtutes
1202 951 1416 990 theologieae3
1446 951 1576 990 quidam
1605 959 1681 981 vero
1710 950 1745 980 in
1770 958 1819 986 ea,

1040 1015 1113 1045 quae
1141 1008 1216 1036 sunt
1239 1005 1278 1036 ad
1301 1006 1411 1042 finem,
1428 1007 1464 1034 ut
1479 1006 1553 1034 sunt
1568 1004 1703 1034 virtutes
1719 1002 1823 1033 cardi-

1038 1059 1144 1098 nales3
1174 1059 1305 1099 quidam
1324 1068 1401 1089 vero
1423 1058 1597 1097 expediunt
1617 1058 1650 1087 in
1666 1057 1820 1096 utrisque,

1039 1113 1119 1143 sicut
1135 1113 1217 1143 dona
1228 1112 1341 1152 gratiae
1355 1111 1570 1151 septif01·niis);
1588 1111 1659 1141 ideo
1675 1110 1734 1140 ista
1749 1118 1822 1149 pars
1866 1112 1870 1113 ’

1041 1166 1193 1196 dividitur
1209 1166 1242 1196 in
1257 1168 1337 1202 tres,
1362 1165 1395 1195 iu
1419 1174 1559 1204 quarum
1580 1164 1682 1203 prima
1699 1162 1766 1202 agit
1783 1162 1822 1192 de

1039 1219 1214 1249 virtutibus
1240 1218 1448 1256 theologicis3
1466 1217 1499 1247 in
1521 1216 1660 1247 secunda
1687 1215 1756 1254 agit
1784 1215 1822 1246 de

1038 1271 1263 1306 cardinalibus,
1276 1271 1377 1301 infra⁵
1397 1282 1403 1300 :
1422 1271 1493 1301 Post
1505 1269 1674 1309 proeclz'cta,
1691 1268 1730 1300 de
1741 1277 1823 1308 qua-

1039 1328 1111 1357 tuor
1126 1325 1310 1361 virtutibus,
1332 1326 1390 1354 etc.
1405 1335 1411 1360 3
1429 1324 1461 1353 in
1478 1323 1570 1353 tertia
1587 1331 1664 1353 vero
1679 1322 1716 1352 de
1731 1321 1822 1352 donis

1039 1378 1177 1417 Spiritus
1187 1378 1297 1414 sancti,
1306 1377 1388 1408 infra
1399 1377 1408 1393 ⁶
1424 1377 1533 1408 :Nunc
1545 1376 1583 1407 (Ie
1594 1375 1822 1416 septemdenis

1041 1432 1187 1471 Spiritus
1203 1432 1320 1468 sancti,
1338 1433 1395 1461 etc.
1414 1430 1452 1461 Et
1465 1431 1541 1470 quia
1553 1430 1687 1460 virtutes
1700 1429 1822 1460 theolo-

1038 1485 1121 1523 gicae
1133 1488 1206 1515 sunt
1221 1487 1295 1523 tres,
1308 1484 1426 1515 scilicet
1439 1484 1525 1520 fides,
1541 1493 1611 1524 spes
1626 1485 1655 1513 et
1666 1483 1820 1521 charitas;

1037 1538 1107 1568 ideo
1121 1547 1194 1577 pars
1206 1538 1308 1577 prima
1323 1537 1477 1568 dividitur
1494 1537 1528 1567 in
1545 1539 1619 1574 tres,
1632 1536 1666 1566 in
1681 1545 1821 1576 quarum

1038 1592 1143 1632 prima
1157 1592 1225 1630 agit
1240 1592 1277 1622 de
1293 1591 1373 1628 fide;
1394 1591 1429 1621 in
1453 1591 1592 1621 secunda
1611 1590 1649 1621 de
1665 1599 1720 1630 spe
1731 1614 1739 1627 ,
1764 1590 1816 1620 in-

1038 1646 1086 1676 fra
1110 1649 1120 1664 ⁷
1144 1656 1151 1676 :
1167 1644 1247 1684 Spes
1262 1648 1368 1676 aulem
1384 1648 1430 1677 est
1450 1645 1567 1682 rii-cus,
1585 1646 1657 1681 etc.;
1675 1644 1709 1674 in
1725 1644 1818 1674 tertia

1038 1708 1116 1730 vero
1130 1699 1167 1729 de
1182 1698 1345 1736 charitate,
1364 1698 1446 1728 infra
1460 1697 1469 1713 Β
1485 1708 1492 1728 z
1512 1698 1587 1728 Cum
1605 1700 1710 1728 autem
1726 1697 1815 1729 Clu-z·-

1038 1759 1106 1787 sttcs
1133 1754 1231 1794 fidem
1254 1757 1282 1786 et
1301 1761 1388 1794 spem
1410 1761 1474 1785 -ηοη
1494 1753 1660 1791 habuerit,
1690 1755 1749 1783 etc.
1779 1753 1818 1784 Et

1038 1809 1191 1847 quoniam
1216 1807 1312 1838 fidem
1337 1809 1385 1838 est
1411 1807 1578 1846 tripliciter
1606 1806 1815 1843 considerare,

1039 1862 1156 1892 scilicet
1185 1864 1344 1901 quantum
1373 1861 1413 1891 ad
1440 1870 1532 1891 suam
1562 1860 1732 1891 essentiam
1749 1884 1757 1898 ,
1787 1862 1818 1890 et

1039 1918 1199 1956 quantum
1222 1915 1261 1946 ad
1289 1915 1451 1954 objectum
1478 1915 1545 1944 sive
1574 1914 1754 1953 materiam,
1788 1917 1819 1944 et

1039 1972 1197 2010 quantum
1216 1971 1255 2000 ad
1276 1968 1522 2006 sufficientiam3
1542 1967 1612 1998 ideo
1627 1967 1732 2007 prima
1747 1976 1819 2007 pars

1039 2022 1193 2053 dividitur
1220 2022 1253 2052 in
1275 2024 1340 2052 tres
1364 2020 1542 2052 secundum
1566 2022 1629 2050 tres
1643 2019 1819 2050 distinctio-

1038 2084 1107 2113 nes,
1123 2075 1156 2106 in
1173 2084 1311 2114 quarum
1327 2074 1432 2114 prima
1451 2074 1520 2113 agit
1539 2073 1691 2113 Magister
1705 2073 1742 2103 de
1758 2073 1818 2104 fide

1039 2130 1198 2168 quantum
1224 2128 1264 2159 ad
1290 2129 1359 2168 ejus
1387 2127 1576 2164 essentiam;
1604 2126 1639 2156 in
1666 2126 1815 2164 secunda,

1039 2184 1198 2222 quantum
1214 2181 1253 2212 ad
1268 2181 1338 2220 ejus
1352 2180 1514 2220 obJectum
1526 2204 1535 2218 ,
1551 2180 1617 2210 sive
1632 2180 1815 2218 materiam,

1039 2236 1134 2274 infra,
1143 2236 1220 2273 dist.
1238 2235 1385 2274 proxima
1396 2234 1406 2250 ⁹
1419 2245 1425 2266 :
1440 2234 1500 2265 Hic
1511 2235 1678 2273 quaeritur,
1693 2234 1724 2266 si
1737 2234 1817 2272 fides

1041 2292 1165 2321 tantum
1187 2288 1225 2320 cle
1246 2297 1310 2320 non
1333 2288 1416 2319 visis
1435 2291 1492 2326 est,
1513 2291 1585 2325 ete.;
1605 2288 1638 2318 in
1656 2288 1757 2325 tertia,
1778 2288 1817 2320 de

1041 2344 1110 2382 ejus
1118 2342 1318 2378 sufficientia,
1332 2342 1414 2372 infra
1424 2342 1443 2359 ¹⁰
1456 2352 1464 2371 ι
1480 2341 1648 2372 Pi·(ediclz's
1661 2340 1817 2379 adjicien-

1041 2395 1119 2427 dum
1138 2400 1184 2427 esc
1199 2395 1236 2427 cle
1253 2395 1455 2435 sufficientia
1476 2394 1567 2434 fidei,
1585 2396 1643 2425 etc.
1664 2394 1740 2425 Pars
1751 2395 1818 2434 pri-

1041 2458 1105 2486 ma,
1127 2458 1200 2489 quae
1215 2449 1354 2480 continet
1368 2450 1557 2488 praesentem
1569 2447 1814 2487 distinctionem,

1041 2502 1195 2533 dividitur
1218 2502 1250 2532 in
1273 2504 1377 2541 partes
1398 2504 1473 2538 tres,
1498 2501 1530 2531 in
1554 2509 1692 2540 quarum
1712 2500 1817 2540 prima

1041 2580 1051 2596 ⁵
1063 2579 1122 2603 Dist.
1134 2585 1228 2603 xuni.
1240 2579 1359 2603 —flDist.
1374 2584 1461 2602 xxxiv.
1474 2578 1520 2595 —7
1532 2577 1680 2602 Dist.xxv1.
1691 2591 1717 2596 —
1730 2578 1741 2595 ⁸
1752 2579 1815 2604 Dist.

1042 2621 1124 2639 xxvu.
1134 2629 1164 2633 —
1176 2616 1186 2632 ⁹
1202 2615 1264 2639 Dist.
1278 2620 1350 2638 mv.
1363 2626 1394 2632 —-
1410 2615 1430 2630 ¹⁰
1442 2613 1503 2637 Dist-
1519 2619 1579 2637 xxv.
