2017 2960
121 1840 230 1863 Fundam.

241 211 295 238 118

239 285 333 314 quam
361 277 418 308 ista
445 288 451 308 :
482 278 624 309 «Divina
648 282 760 310 natura
782 281 828 309 est
854 278 962 308 homo.
987 287 1001 304 υ

238 328 309 359 ldeo
323 329 470 369 Magister
482 340 543 361 non
553 332 735 372 simpliciter
747 341 816 362 eam
827 332 938 370 negat;
952 330 1005 360 sed

236 382 309 412 dicit
327 392 333 413 :
355 396 368 411 «
384 383 451 414 Non
467 387 511 414 est
527 385 569 414 ita
584 385 720 424 propria,
738 394 795 415 nee
816 386 862 415 est
878 384 921 414 ita
935 392 1005 422 pas-

237 436 295 465 sim
312 436 342 466 iu
359 446 452 467 usum
468 437 660 475 mldurenda,
678 447 734 477 pro
747 446 783 467 eo
803 436 887 477 quod
902 436 939 466 ad
955 435 1005 465 ni-

239 490 334 519 mium
351 491 585 529 expressionem
602 491 847 530 appropinquat:
865 492 923 520 etc.

474 611 715 645 ARTICULUS
740 613 765 644 1.

277 704 323 734 Ad
340 704 579 743 intelligentiam
595 707 701 735 antem
721 706 820 745 hujiis
841 705 938 745 partis
954 705 1006 736 in-

236 757 307 786 cidit
331 757 381 787 liic
407 758 540 797 quaestio
562 758 645 788 circa
667 758 917 797 assumptionem
945 759 1005 789 liu-

237 820 340 840 mzmae
363 813 485 841 naturae
514 820 532 840 a
557 811 680 848 divium
711 813 740 841 et
766 813 910 842 voi-satur
939 811 1007 842 haee

236 865 370 903 quaestio
381 865 461 895 rirca
477 865 540 895 duo
556 865 770 905 principaliter
787 875 794 895 ε
810 866 912 905 primo
920 875 1007 906 quae-

236 919 317 948 ritnr
330 918 367 948 (le
382 918 447 957 ipsa
462 919 678 958 assumptione
694 928 733 949 ex
744 922 831 958 parte
843 929 1005 950 assumen-

237 972 290 1009 tis3
320 972 457 1002 serundo
484 981 560 1002 vero
587 973 744 1012 quaeritur
772 982 811 1003 ex
846 976 934 1012 parte
957 983 1006 1003 as-

236 1025 364 1064 sumpti.
383 1025 468 1055 Circa
484 1025 625 1064 primum
639 1028 829 1064 quaeruntur
839 1026 979 1065 quinque
999 1034 1005 1052 t

236 1078 339 1117 primo
361 1078 515 1117 quzeritur
538 1081 647 1109 utrum
668 1088 830 1109 assumere
857 1079 895 1109 sit
921 1081 1009 1109 actus

236 1132 427 1162 conveniens
442 1132 557 1162 ‹livinae
573 1135 715 1169 naturae3
739 1133 876 1163 seeundo
896 1132 1009 1172 quaeri-

237 1187 289 1214 tur
304 1188 412 1215 utrum
428 1186 465 1215 sit
483 1188 571 1216 actus
591 1186 783 1216 conveniens
800 1185 917 1216 divinae
935 1195 1008 1225 per-

238 1248 340 1276 sonna
357 1239 447 1269 tertio
463 1239 620 1279 quaeritur
636 1242 745 1270 utrum
761 1240 928 1270 conveniat
943 1248 1007 1279 per-

235 1301 322 1323 sonae
337 1302 392 1332 per
403 1302 446 1329 se,
457 1302 497 1323 an
514 1293 634 1323 ratione
648 1296 787 1331 naturae3
800 1295 912 1333 quarto
923 1302 1009 1333 quse-

236 1346 317 1376 ritur
347 1348 456 1375 utrum
487 1347 654 1377 conveniat
683 1349 823 1384 naturae,
856 1347 1012 1377 abstracta

235 1399 323 1429 omni
341 1408 492 1439 persona3
509 1400 619 1438 quinto
644 1400 798 1439 quaeritur
816 1403 927 1431 utrum
944 1400 1012 1430 liaee

238 1455 276 1484 sit
297 1454 495 1485 concedenda
521 1463 528 1484 :
556 1466 569 1483 α
593 1454 705 1484 Divina
729 1456 843 1485 natura
865 1456 912 1485 est
941 1463 1012 1485 caro

238 1508 328 1538 fucta.
344 1507 454 1537 »Circa
466 1508 605 1547 primum
616 1507 660 1537 sie
676 1507 865 1547 proceditur,
878 1512 907 1538 et
923 1516 1011 1547 quae-

239 1561 331 1591 rilur.

514 1661 692 1698 QUAESTIO
716 1662 739 1692 l.

244 1744 290 1769 An
306 1750 436 1769 assumere
448 1743 484 1769 sit
500 1744 574 1768 actus
588 1743 744 1769 conveniens
764 1741 865 1769 clivinoe
885 1742 998 1769 naturoe¹
1008 1762 1014 1769 .

286 1824 399 1855 L'trum
414 1833 574 1855 assumere
591 1824 631 1854 sit
656 1825 744 1855 aetus
760 1824 951 1855 conveniens
969 1823 1016 1854 di-

247 1878 330 1908 vinae
349 1879 485 1914 naturae3
507 1879 537 1907 et
552 1877 636 1917 quod
655 1877 710 1915 sic,
731 1877 857 1907 videtur
875 1877 1016 1908 auctori-

245 1934 306 1961 tati·
316 1931 486 1969 Augustini
504 1934 513 1950 ²
528 1931 559 1960 in
575 1931 654 1960 libro
669 1931 707 1961 (Ie
717 1930 798 1962 Fz'tle
812 1930 855 1962 ad
872 1931 1015 1962 Petrum:

249 1998 263 2014 «
289 1985 342 2014 llla
374 1988 498 2023 natura,
525 1993 598 2024 quae
626 1993 750 2024 semper
778 1985 885 2023 genita
911 1986 1018 2014 manet

245 2038 328 2078 apud
345 2037 482 2075 Putrem,
500 2040 647 2068 naturam
671 2038 739 2067 sine
762 2039 888 2077 peccato
909 2047 1018 2068 susce-

246 2092 302 2131 pit.
323 2102 336 2119 »
356 2091 416 2121 Sed
431 2091 600 2130 suscipere,
615 2093 645 2121 et
659 2099 832 2128 assumere,
849 2091 931 2121 idem
946 2093 991 2122 est
1009 2101 1016 2122 :

245 2154 323 2183 ergo
339 2147 452 2175 natura
471 2143 525 2174 Dei
547 2146 696 2174 naturam
711 2146 853 2174 nostram
869 2145 1015 2185 suscepit.

287 2198 364 2228 ltem
379 2197 558 2237 expressius
579 2197 612 2227 in
627 2197 708 2228 libro
723 2198 826 2237 primo
855 2198 893 2230 de
914 2199 1019 2231 Trz'm'-

246 2254 321 2289 tate,
339 2251 438 2291 capite
454 2260 484 2281 Vl
501 2261 507 2281 :
529 2262 543 2279 «
558 2250 671 2281 Forma
687 2251 741 2282 Dei
753 2253 871 2292 accepit
884 2253 1019 2283 sormam

246 2304 340 2334 servi.
357 2315 370 2331 n
386 2303 445 2334 Sed
461 2304 562 2334 forma
579 2303 631 2334 Dei
647 2313 711 2334 non
733 2306 778 2335 est
795 2304 897 2344 aliud,
921 2315 1018 2345 quam

247 2360 361 2388 nutura
376 2357 429 2387 Dei
449 2368 455 2387 ;
473 2366 550 2396 ergo
565 2357 590 2386 si
607 2357 708 2387 forma
728 2357 865 2389 formam
888 2359 1018 2399 accepit,

247 2414 362 2441 natura
376 2412 523 2441 naturam
537 2411 718 2451 assumpsit.

289 2463 366 2494 Item
380 2464 502 2494 ratione
525 2464 650 2495 videtur
672 2475 678 2494 z
706 2464 781 2495 Haee
805 2467 851 2495 est
877 2475 967 2504 vera,
990 2468 1021 2497 et

248 2517 403 2557 propria:
431 2529 446 2546 α
467 2516 586 2547 Natura
622 2518 730 2548 divina
766 2518 854 2549 unita
884 2521 930 2549 est
955 2519 1021 2550 hu-

280 2578 418 2608 ¹Cs.Alex.
434 2577 543 2608 Alensis,
558 2585 583 2608 p.
596 2578 638 2606 111,
656 2585 681 2608 q.
694 2584 712 2607 1,
723 2578 818 2602 memb.
832 2580 861 2608 4;
876 2579 903 2602 S.
918 2579 1020 2610 Thom,

249 2621 274 2644 p.
291 2614 334 2642 11¹,
349 2621 374 2644 q.
388 2619 426 2643 111,
449 2615 495 2637 art.
512 2616 539 2644 25
557 2615 581 2637 et
596 2614 627 2637 ΙΙΙ
640 2614 698 2637 Sent
712 2631 719 2643 ,
738 2613 796 2637 dist.
812 2619 835 2644 v,
851 2621 874 2645 q.
888 2620 915 2644 11,
927 2616 975 2638 art.
992 2616 1020 2645 3;

250 2648 562 2679 ffignj.n0m.‚1ltsent.‚
576 2649 632 2673 dist.
645 2655 669 2679 ν,
687 2655 704 2672 ιι
718 2656 754 2679 p„
775 2656 798 2679 q,
817 2655 850 2678 ¹¹3
873 2649 1020 2680 Riclmrdus,

252 2683 281 2706 lll
296 2684 374 2714 Sene,
384 2684 439 2708 dist.
453 2690 475 2714 V,
488 2692 511 2716 q.
530 2690 546 2715 13
558 2685 647 2709 Thom.
658 2686 773 2716 Argeut„
791 2686 819 2708 ΙΙΙ
834 2686 913 2716 Sem„
925 2685 982 2709 dist.
997 2691 1022 2716 v,

796 209 1104 243 SENTEN'HARUM
1126 210 1199 241 LIB.
1223 211 1276 241 111.

1061 286 1165 308 manee
1181 287 1189 308 :
1205 289 1218 305 υ
1235 280 1290 308 aut
1313 287 1390 318 ergo
1412 279 1445 310 in
1467 280 1519 311 illa
1541 281 1658 311 unione
1676 290 1709 311 se
1735 281 1831 312 habet

1060 333 1175 361 natura
1190 330 1297 361 divina
1312 333 1347 361 ut
1361 340 1470 371 agens,
1480 335 1535 363 aut
1549 336 1585 364 ut
1596 334 1717 373 patiens
1734 342 1740 363 ε
1758 343 1831 365 con-

1060 385 1119 413 siat
1134 383 1218 422 quod
1234 392 1299 413 non
1316 385 1351 413 ut
1371 384 1513 424 patiens:
1531 395 1608 424 ergo
1624 395 1656 417 se
1680 386 1776 417 habet
1796 389 1831 417 ut

1061 445 1170 474 agens.
1187 435 1247 466 Sed
1262 436 1296 466 in
1318 436 1385 475 ipsa
1399 437 1516 468 unione
1531 447 1626 477 agere
1648 439 1727 469 nihil
1746 439 1830 470 aliud

1061 491 1117 525 est,
1133 498 1231 529 quam
1246 489 1345 529 ipsam
1370 491 1518 520 naturam
1537 500 1698 523 assumere
1721 502 1728 523 ε
1753 500 1831 531 ergo

1061 542 1188 573 videtur
1200 542 1284 582 quod
1298 552 1457 574 assumere
1472 544 1639 576 conveniat
1649 545 1766 576 divinae
1778 554 1832 576 na-

1062 598 1153 627 turae.

1102 650 1179 680 ltem
1194 652 1308 680 natura
1321 649 1441 688 divina,
1458 651 1487 680 et
1503 649 1660 688 humana,
1677 651 1832 682 uniuntur

1062 703 1092 732 in
1109 704 1229 734 unitate
1245 712 1399 743 personae.
1419 703 1477 733 Sed
1494 712 1534 734 ex
1551 703 1603 733 illa
1625 704 1744 734 unione
1757 712 1833 735 vere

1062 759 1091 787 et
1110 757 1236 797 proprie
1259 757 1373 787 dieitur
1398 757 1539 787 humana
1562 758 1677 787 natura
1694 766 1759 788 esse
1783 766 1833 787 as-

1061 813 1202 850 sumpta:
1214 819 1291 849 ergo
1304 810 1371 850 pari
1382 810 1508 841 ratione
1522 810 1630 841 divina
1640 812 1772 848 natura3
1785 811 1834 841 vel

1062 863 1153 894 debet
1166 863 1226 894 dici
1242 872 1282 894 ex
1298 863 1351 893 illa
1378 863 1496 893 unione
1521 872 1696 902 assumens⁷
1715 864 1764 894 vel
1784 873 1836 894 as-

1062 919 1190 956 sumpta
1207 928 1214 947 z
1234 917 1287 947 sed
1303 926 1367 947 non
1381 917 1556 947 assumitur
1575 925 1582 946 :
1597 925 1675 955 ergo
1692 916 1776 947 illius
1790 919 1836 947 est

1063 981 1235 1002 assumere.

1103 1022 1161 1052 Sed
1179 1025 1288 1053 eontra
1306 1033 1312 1053 :
1331 1026 1359 1052 1.
1377 1023 1429 1053 Est
1450 1022 1620 1053 auctoritas
1636 1022 1763 1053 Concilii
1778 1021 1836 1053 To-

1064 1076 1158 1106 letani
1176 1076 1206 1114 ⁸,
1232 1085 1329 1116 quam
1358 1076 1507 1115 Magister
1533 1076 1620 1115 ponit
1642 1075 1677 1106 in
1701 1075 1804 1106 littera
1826 1085 1833 1106 :

1069 1141 1082 1158 «
1096 1129 1174 1159 Cum
1187 1132 1251 1160 tota
1267 1128 1402 1160 Trinitas
1416 1131 1543 1168 operata
1558 1129 1597 1159 sit
1614 1128 1834 1159 formationem

1064 1182 1201 1222 suseepti
1216 1182 1354 1213 hominis
1366 1206 1373 1219 ‚
1391 1182 1476 1213 solus
1498 1184 1604 1212 tamen
1619 1181 1717 1212 Filius
1730 1190 1834 1212 susce-

1066 1235 1110 1275 pit
1135 1235 1299 1266 hominem
1323 1235 1357 1266 iu
1380 1236 1502 1266 unitate
1525 1244 1686 1275 personae,
1712 1244 1778 1265 uon
1803 1235 1837 1266 in

1065 1288 1186 1319 unitate
1201 1291 1336 1320 naturae.
1353 1300 1366 1317 n
1383 1288 1468 1327 Ergo
1483 1289 1509 1318 si
1523 1288 1583 1319 hoe
1599 1288 1657 1318 soli
1672 1287 1752 1318 Filio
1765 1296 1838 1318 con-

1066 1342 1164 1380 venit,
1189 1351 1253 1373 uon
1274 1342 1398 1373 videtur
1420 1342 1506 1381 quod
1528 1341 1694 1372 conveniat
1721 1341 1838 1372 divinae

1067 1399 1202 1426 naturae.

1110 1450 1187 1480 Item
1202 1449 1372 1480 Anselmus
1383 1452 1392 1468 ἢ
1405 1460 1411 1480 :
1429 1460 1442 1478 α
1456 1449 1558 1487 Pater,
1573 1448 1721 1487 etFilius,
1733 1450 1763 1479 et
1775 1447 1841 1488 Spi-

1069 1503 1149 1533 ritus
1173 1504 1299 1533 sanctus
1320 1502 1409 1533 nullo
1435 1502 1528 1532 modo
1554 1501 1704 1532 differunt
1726 1501 1760 1531 in
1782 1510 1840 1532 na—

1069 1560 1152 1587 tura.
1169 1567 1182 1584 n
1202 1556 1287 1595 Ergo
1301 1556 1385 1596 quod
1404 1555 1553 1586 convenit
1567 1555 1684 1585 divinae
1698 1557 1821 1586 naturae
1831 1579 1839 1594 ,

1070 1610 1217 1640 convenit
1234 1609 1334 1647 Patri,
1350 1611 1381 1639 et
1395 1608 1473 1639 Filio
1484 1633 1491 1645 ‚
1514 1611 1544 1639 et
1560 1608 1692 1648 Spiritui
1707 1610 1815 1640 saneto
1832 1619 1839 1640 z

1071 1663 1124 1694 sed
1141 1663 1316 1702 assumptio
1332 1663 1483 1693 humanae
1504 1665 1627 1693 naturae
1644 1662 1732 1693 nullo
1747 1662 1842 1693 modo

1071 1716 1219 1747 convenit
1243 1715 1344 1753 Patri,
1368 1716 1420 1746 vel
1444 1715 1576 1755 Spiritui
1599 1717 1706 1745 sancto
1731 1725 1737 1746 z
1763 1724 1842 1754 ergo

1072 1769 1160 1801 nullo
1183 1769 1276 1800 modo
1293 1769 1419 1799 videtur
1433 1768 1548 1799 divinae
1571 1770 1696 1799 naturae
1712 1777 1843 1809 compe-

1072 1824 1148 1853 tere.

1114 1879 1142 1907 3.
1166 1876 1243 1907 ltem
1264 1876 1372 1906 divina
1393 1878 1508 1906 natura
1526 1877 1572 1906 est
1591 1874 1750 1915 quoddam
1765 1875 1842 1906 sim-

1073 1929 1279 1970 plicissimum
1297 1940 1303 1959 :
1321 1929 1373 1959 sed
1390 1929 1662 1968 simplicissimum
1683 1937 1757 1960 cum
1775 1928 1844 1959 uni-

1074 1987 1142 2020 tur,
1159 1983 1294 2014 totaliter
1310 1983 1420 2013 unitur
1438 1993 1444 2013 z
1461 1991 1539 2021 ergo
1562 1982 1588 2012 si
1608 1981 1717 2013 divina
1731 1984 1846 2012 natura

1075 2037 1187 2068 unitur
1213 2037 1381 2074 humanae,
1409 2038 1439 2066 et
1460 2044 1531 2066 eum
1554 2035 1697 2073 assumit,
1719 2035 1845 2066 videtur

1074 2090 1158 2130 quod
1174 2090 1234 2121 hoe
1248 2089 1415 2120 conveniat
1428 2089 1556 2120 cuilibet
1572 2097 1725 2128 personae.

1114 2145 1144 2174 4.
1167 2143 1245 2174 ltem
1268 2143 1294 2173 si
1318 2143 1445 2182 aliquod
1467 2151 1569 2173 unum
1583 2165 1591 2180 ,
1607 2142 1642 2172 in
1667 2151 1732 2181 quo
1754 2141 1846 2181 plura

1075 2196 1244 2234 uniuntur,
1259 2196 1372 2226 unitur
1387 2195 1492 2231 alicui,
1502 2204 1629 2226 necesse
1642 2197 1690 2226 est
1705 2204 1760 2235 per
1774 2203 1847 2225 eon-

1075 2258 1210 2289 sequens
1230 2251 1261 2280 et
1282 2249 1335 2279 illa
1358 2249 1463 2286 uniri,
1488 2249 1568 2279 sicut
1593 2250 1688 2288 patet.
1711 2247 1792 2279 Nam
1819 2248 1846 2278 si

1076 2304 1212 2343 punctus
1237 2302 1288 2333 eui
1315 2302 1472 2333 uniuntur
1493 2302 1605 2332 multae
1631 2301 1723 2332 lineae
1752 2301 1846 2332 alicui

1076 2355 1295 2395 conjungitur,
1321 2364 1446 2386 neeesse
1469 2356 1516 2386 est
1538 2357 1569 2386 et
1590 2355 1660 2385 illas
1683 2354 1781 2385 lineas
1802 2354 1847 2385 illi

1076 2409 1175 2439 uniri.
1191 2408 1224 2439 Si
1237 2408 1332 2439 etiam
1347 2408 1455 2439 anima
1466 2431 1473 2445 ‚
1489 2407 1541 2438 eui
1556 2407 1714 2438 uniuntur
1736 2409 1847 2447 poten-

1076 2462 1140 2499 tiae,
1157 2461 1269 2492 unitur
1283 2461 1392 2499 alicui,
1407 2469 1531 2491 necesse
1544 2462 1590 2491 est
1604 2461 1635 2490 et
1651 2459 1769 2490 eisdem
1786 2469 1848 2500 po-

1076 2515 1190 2546 tentias
1204 2515 1289 2545 uniri
1309 2525 1316 2545 :
1332 2523 1410 2554 ergo
1431 2514 1456 2544 si
1475 2513 1595 2544 divinae
1618 2521 1762 2553 personae
1779 2522 1848 2544 ma-

1078 2585 1102 2609 (1.
1116 2583 1132 2606 1,
1158 2579 1204 2601 art.
1222 2579 1228 2600 1
1244 2585 1251 2607 ;
1268 2576 1356 2606 Steph.
1370 2575 1472 2604 Brulefi,
1489 2576 1518 2599 ΙΙΙ
1535 2575 1614 2604 seur,
1634 2575 1691 2599 dist.
1709 2580 1731 2605 v,
1746 2581 1770 2606 q.
1787 2581 1804 2599 ι.
1816 2587 1847 2593 -

1077 2614 1087 2630 ²
1102 2614 1153 2636 lmo
1167 2612 1246 2643 Fulg„
1261 2612 1292 2635 de
1305 2611 1365 2635 Fide
1379 2611 1412 2634 ad
1428 2612 1506 2639 Peon,
1519 2617 1541 2634 c,
1557 2616 1586 2640 11,
1601 2617 1627 2634 u.
1648 2611 1685 2634 ¹4.
1696 2622 1725 2627 —
1739 2610 1749 2626 ⁸
1768 2610 1845 2634 Cone.

1078 2648 1157 2673 'solet
1180 2648 1222 2677 Vl,
1239 2655 1261 2671 c.
1278 2653 1296 2671 1.
1315 2660 1346 2665 -
1357 2648 1366 2660 ⁴
1388 2646 1513 2674 Anselm.,
1528 2646 1558 2669 (le
1579 2646 1646 2669 Proc.
1662 2645 1731 2676 Spir.
1752 2645 1846 2675 sancti,

1078 2691 1099 2708 c.
1113 2689 1176 2711 xvii,
1191 2683 1224 2707 al.
1238 2688 1290 2713 xvi,
1304 2682 1386 2714 quoad
1399 2687 1511 2705 sensum.

1853 1031 1887 1053 Ad
1903 1038 1954 1058 opp.
