2017 2960
115 2141 216 2165 fundam.

226 204 285 236 '430

225 268 301 297 tiam
334 266 471 306 potnerit
499 265 674 296 satisfacere
701 272 758 302 pro
788 264 852 292 toto
882 270 999 300 genere

226 321 379 351 1111013110.

266 376 294 404 2.
313 373 402 410 Item,
421 382 484 402 non
500 371 570 410 plns
585 369 727 407 exigitur
748 368 779 397 in
791 369 877 407 justa
895 376 998 406 poma,

226 435 322 465 quam
338 426 542 456 commissum
564 425 609 452 est
627 422 658 450 in
674 420 766 460 culpa
783 429 790 450 ε
807 420 831 449 51
847 429 925 459 ergo
948 429 1002 458 ge-

226 488 285 509 nus
309 479 487 509 humanum
514 477 638 515 lapsum
662 474 720 504 suit
744 483 800 514 per
822 476 1002 512 transgres-

226 533 347 562 sionem
370 539 454 570 purae
477 531 648 566 creaturae,
666 527 793 558 videtur
816 526 899 566 quod
922 536 1002 566 pnra

227 588 370 615 creatura
390 583 528 623 potnerit
544 582 720 612 satisfacere
734 590 790 621 pro
807 590 924 620 genere
939 580 999 610 hu-

227 646 333 667 mano.
810 666 814 669 ³

267 693 295 720 3.
315 689 406 725 Item,
424 688 663 727 ditibolusjnste
679 686 814 726 perdidit
827 695 930 724 genus
946 686 1003 716 hu-

228 752 376 781 manum,
394 742 469 782 qnia
484 741 625 771 extendit
645 749 776 770 manum
793 748 886 769 suam
903 739 935 768 in
950 739 1002 768 in-

227 799 394 827 nocentem
413 806 419 826 :
437 803 515 833 ergo
540 795 565 823 si
582 794 683 833 potuit
705 802 773 823 esse
794 792 900 831 aliqua
924 801 1003 831 pura

227 852 370 880 creatura
385 848 516 879 omnino
539 847 706 883 innocens,
725 854 797 885 quae
821 854 854 875 se
869 854 925 884 pro
950 854 1001 874 53-

227 902 291 932 lute
307 901 435 940 generis
451 899 583 930 humani
607 900 797 937 exponeret,
814 900 844 927 et
859 896 1003 927 diabolus

228 963 360 985 manum
384 954 416 983 in
443 962 513 983 eam
540 952 742 989 extenderet,
769 951 894 981 videtur
919 950 1003 989 quod

227 1008 333 1047 aliqua
347 1016 427 1046 pura
440 1008 585 1036 creatura
598 1005 754 1035 redimere
772 1004 925 1043 potuisset
946 1012 1004 1042 ge-

227 1071 289 1092 nus
304 1062 485 1091 humanum
507 1059 544 1089 de
561 1058 714 1089 diabolica
731 1059 897 1097 potestate,
916 1058 946 1086 et
962 1056 1005 1086 ita

228 1114 407 1144 satisfacere
421 1122 479 1153 pro
493 1112 614 1142 codem.

268 1169 296 1197 4.
320 1167 414 1204 Item,
431 1166 502 1205 plus
530 1166 641 1204 pensat
663 1163 745 1194 Deus
761 1163 859 1192 vitam
884 1164 915 1192 et
936 1161 1003 1191 ani-

230 1230 314 1251 mam
334 1219 534 1258 uniusjusti,
563 1227 659 1257 qnam
685 1217 783 1247 vitam
811 1219 841 1247 et
863 1216 1004 1246 animam

228 1272 511 1304 innumerabilium
536 1273 735 1311 peccatorum
761 1280 768 1300 ε
797 1269 821 1299 51
846 1277 924 1307 ergo
946 1267 1003 1297 ali-

228 1336 292 1366 qna
306 1335 385 1366 pura
400 1327 544 1355 creatura
556 1325 708 1354 innocens
730 1325 761 1353 et
775 1325 880 1352 sancta
895 1331 927 1352 se
944 1321 1004 1351 Deo

229 1384 259 1411 et
274 1381 357 1411 Patri
373 1380 535 1410 obtulisset
551 1388 606 1419 pro
623 1377 839 1417 peccatoribus
854 1376 1003 1411 hostiam,

229 1435 309 1464 facta
321 1436 401 1464 esset
416 1432 668 1472 recompensatio
680 1431 769 1470 justa
788 1441 794 1459 :
812 1438 890 1467 ergo
907 1431 937 1459 et
953 1438 1005 1457 sa-

229 1488 363 1518 tisfactio
379 1487 495 1517 debita.

270 1543 299 1571 5.
321 1541 411 1578 Item,
431 1543 497 1571 esto
518 1540 602 1580 quod
627 1538 770 1570 Christus
795 1536 906 1567 fuisset
928 1544 1008 1574 pnra

231 1598 391 1632 creatura,
408 1597 438 1625 et
458 1596 605 1625 mortuus
621 1593 731 1623 fuisset
746 1591 778 1621 in
801 1598 910 1626 cruce,
927 1588 1008 1618 sicut

232 1651 378 1679 mortuus
392 1648 467 1685 fuit,
489 1656 599 1687 quaero
616 1648 692 1676 tunc
707 1653 749 1675 an
763 1643 875 1674 fuisset
898 1641 1007 1672 deten—

231 1705 282 1733 tus
310 1702 344 1732 in
372 1701 490 1738 limbo,
521 1709 562 1730 an
591 1700 683 1729 110οῗ
708 1697 835 1728 Constat
863 1694 948 1735 quod
975 1693 1007 1723 in

231 1755 329 1786 limbo
346 1755 491 1785 detentus
507 1762 571 1783 non
587 1752 712 1789 fuisset,
729 1750 804 1790 quia
819 1758 883 1779 non
897 1747 1010 1778 habuit

232 1811 355 1840 reatum
383 1807 500 1848 peccati
534 1805 701 1845 originalis
729 1815 735 1834 :
759 1812 837 1842 ergo
861 1804 1008 1841 apertum

232 1863 340 1893 fuisset
363 1862 391 1892 ei
415 1861 531 1891 coeluni
550 1871 555 1890 :
575 1859 744 1889 meruisset
764 1865 842 1895 ergo
867 1855 1009 1885 Christus

234 1916 429 1956 apertionem
451 1915 571 1953 janufe.
597 1911 627 1941 Si
651 1919 728 1949 ergo
743 1911 843 1949 janua
863 1917 926 1938 non
950 1908 1006 1938 ha-

234 1969 301 1999 buit
316 1967 431 2008 aperiri
450 1966 509 1996 nisi
526 1974 581 2005 per
596 1963 805 1994 sufficientem
821 1961 1008 1991 satisfactio-

233 2032 319 2059 nem,
338 2021 464 2052 videtur
478 2018 563 2058 qnod
577 2026 657 2057 pura
673 2017 817 2046 creatura
833 2014 1009 2044 satisfacere

234 2075 385 2118 potuisset
399 2082 456 2113 pro
472 2074 534 2102 toto
550 2079 668 2110 genere
683 2070 838 2100 humano.

275 2128 335 2160 Sed
361 2129 469 2158 contra
494 2137 500 2156 ;
522 2124 552 2155 Si
572 2133 651 2164 pura
670 2124 816 2153 creatura
840 2123 930 2159 esset,
956 2123 1011 2151 aut

234 2184 313 2213 esset
335 2181 441 2216 homo,
460 2180 515 2209 aut
534 2187 598 2208 non
620 2177 728 2207 homo.
755 2175 788 2206 Si
810 2176 890 2205 esset
910 2183 1010 2214 purus

234 2236 349 2272 homo,
365 2242 444 2272 ergo
462 2233 542 2263 esset
558 2233 701 2270 peccator
716 2231 746 2259 et
768 2228 889 2259 debitor
909 2236 915 2257 :
932 2235 1010 2265 ergo

235 2299 300 2320 non
314 2287 465 2329 potuisset
479 2295 545 2316 esse
561 2284 715 2314 mediator
735 2284 765 2312 et
780 2280 1008 2317 reconciliator,

237 2352 310 2374 cum
334 2342 398 2382 ipse
420 2339 578 2378 indigeret
600 2334 865 2367 reconciliatione.
882 2333 914 2364 Si
930 2335 1011 2363 esset

236 2406 302 2427 non
316 2395 425 2431 homo,
442 2392 495 2423 sed
514 2400 571 2431 pro
586 2389 716 2420 homine
730 2397 794 2418 non
809 2387 901 2417 debet
918 2386 1010 2416 satis-

237 2452 337 2481 facere
357 2447 417 2478 nisi
432 2446 545 2483 homo,
568 2443 643 2483 quia
657 2441 694 2471 ad
711 2450 785 2471 eum
812 2440 946 2480 pertinet
961 2448 1010 2469 sa-

238 2502 381 2540 tisfactio,
407 2500 441 2530 in
462 2507 525 2538 quo
548 2496 608 2527 fuit
632 2494 841 2534 transgressio
862 2504 869 2523 ι
886 2502 964 2532 ergo
985 2492 1011 2522 si

239 2566 296 2587 nec
308 2564 409 2595 purus
424 2553 532 2588 homo,
546 2559 605 2581 nec
620 2559 682 2580 non
697 2549 793 2579 homo
810 2546 911 2586 potuit
925 2545 1012 2577 satis-

272 2629 278 2642 ¹
296 2628 365 2650 Hanc
387 2625 511 2650 rationem
536 2622 649 2653 infringit
663 2622 770 2651 Scotus,
796 2620 854 2644 dist.
874 2624 916 2643 11111
931 2637 937 2648 ,
953 2618 986 2641 1111
1005 2625 1009 2640 :

272 2676 303 2703 (υ,
318 2674 378 2698 Coet.
395 2672 453 2695 edu.
470 2672 561 2702 potest.
573 2683 602 2688 —
618 2668 649 2699 (b)
667 2668 823 2691 transmittit.

783 198 1092 231 SENTENTMRUM
1117 199 1188 229 LlB.
1211 199 1262 230 111.

1055 261 1156 291 facere
1185 270 1241 300 pro
1271 263 1336 291 toto
1361 270 1477 300 genere
1508 263 1650 292 humano
1661 285 1670 300 ,
1701 261 1827 292 videtur

1056 314 1139 353 qnod
1156 314 1243 344 nulla
1257 323 1336 354 pura
1351 318 1493 345 creatura
1510 315 1656 355 potuerit.

1097 366 1173 397 item
1187 370 1213 405 ¹,
1231 367 1397 398 satisfactio
1414 367 1503 398 debet
1522 367 1755 408 proportionali
1779 368 1828 397 of-

1057 420 1152 450 fensae
1173 423 1203 451 et
1224 421 1352 461 injuriae
1380 432 1385 451 :
1410 421 1462 451 sed
1485 422 1571 451 tanta
1592 422 1638 451 est
1659 421 1778 451 offensa
1799 422 1829 451 et

1057 472 1185 512 injuria,
1203 476 1341 513 quantus
1364 477 1409 504 est
1433 473 1483 503 ille
1507 473 1556 503 cni
1582 473 1738 503 infertur:
1756 482 1828 503 cum

1057 535 1136 565 ergo
1163 526 1244 557 Deus
1267 527 1305 557 sit
1331 527 1490 565 infinitus,
1516 527 1635 557 offensa
1659 528 1688 556 et
1713 526 1830 565 injuria

1058 579 1109 609 Dei
1125 582 1171 609 est
1183 580 1306 610 infinita
1323 592 1328 611 :
1347 580 1398 611 sed
1415 580 1504 610 nulla
1519 580 1673 616 ereatura,
1690 587 1745 608 nec
1761 580 1830 618 eJus

1057 633 1208 672 operatio,
1227 636 1274 663 est
1286 633 1410 664 infinita
1430 644 1435 664 :
1453 642 1531 672 ergo
1547 631 1634 663 nulla
1650 641 1730 671 pura
1745 641 1830 662 crea-

1057 687 1128 714 tnra
1147 687 1249 724 potest
1265 686 1442 716 satisfacere
1458 694 1514 725 pro
1531 685 1650 715 offensa
1666 686 1696 715 et
1712 684 1831 723 injuria

1059 738 1119 768 Deo
1145 739 1227 769 illata
1254 750 1260 770 z
1286 739 1339 770 sed
1364 739 1434 769 talis
1457 739 1515 769 fuit
1538 739 1656 778 injuria
1679 737 1773 774 Adae,
1801 739 1831 767 et

1058 792 1246 831 posterltatis
1275 802 1357 830 snae,
1386 792 1460 832 qnia
1484 792 1583 822 Deum
1610 790 1799 830 contempsit
1822 801 1829 819 :

1058 854 1146 883 erge,
1163 848 1220 875 010.

1099 899 1176 929 Item
1200 899 1308 929 01111115
1328 899 1492 937 satisfacit,
1516 899 1576 929 nisi
1593 898 1737 928 restituat
1758 900 1831 927 tan-

1059 954 1143 988 tum,
1174 955 1204 981 et
1228 952 1380 991 amplius,
1408 954 1563 991 quantum
1589 951 1720 981 abstulit
1745 961 1751 981 z
1778 950 1831 980 sed

1059 1005 1147 1035 nulla
1164 1014 1244 1044 pura
1265 1007 1409 1035 creatura
1428 1004 1507 1035 valet
1521 1006 1623 1034 totum
1646 1012 1749 1042 genus
1769 1003 1832 1033 hu-

1060 1067 1204 1095 manum,
1221 1058 1304 1097 quod
1323 1067 1379 1097 per
1393 1060 1556 1098 peccatum
1571 1057 1649 1088 Adae
1665 1056 1723 1086 fnit
1737 1065 1756 1086 a
1771 1055 1832 1086 Deo

1059 1111 1289 1149 substractum,
1317 1111 1481 1141 restituere
1506 1122 1512 1141 z
1539 1120 1617 1149 ergo
1641 1109 1729 1140 nulla
1752 1117 1832 1148 pura

1059 1168 1202 1195 creatura
1215 1166 1315 1204 potest
1329 1164 1505 1195 satisfacere
1519 1173 1576 1204 pro
1591 1164 1671 1203 ipso.

1100 1218 1195 1255 Item,
1228 1218 1336 1248 11011115
1373 1220 1476 1257 posset
1502 1218 1539 1256 (a)
1572 1217 1749 1247 satisfacere
1775 1226 1833 1256 pro

1059 1271 1145 1301 omni
1161 1271 1302 1307 homine,
1317 1271 1373 1300 nisi
1391 1272 1495 1310 posset
1510 1270 1643 1300 inssuere
1658 1270 1690 1299 in
1704 1278 1832 1300 omnem

1059 1324 1223 1354 hominem
1253 1324 1430 1363 justitiam,
1455 1323 1535 1353 sicut
1571 1323 1694 1362 primus
1720 1332 1834 1362 parens

1061 1377 1235 1406 transmisit
1244 1377 1280 1416 (b)
1291 1377 1417 1415 culpam
1429 1388 1434 1406 :
1445 1376 1496 1406 sed
1506 1376 1593 1406 nulla
1602 1384 1682 1415 pura
1691 1377 1835 1406 creatura

1061 1432 1163 1469 potest
1178 1430 1230 1460 alii
1250 1430 1385 1460 influere
1397 1428 1555 1468 Justitiam
1568 1454 1576 1467 ,
1594 1428 1644 1459 vel
1664 1428 1739 1459 dare
1757 1437 1834 1467 gra-

1062 1483 1154 1522 tiam,
1177 1483 1258 1514 51001
1277 1483 1309 1513 10
1329 1483 1432 1523 primo
1452 1482 1532 1513 libro
1545 1486 1555 1501 ²
1571 1482 1629 1513 fnit
1645 1483 1805 1513 ostensum
1825 1492 1833 1512 t

1062 1545 1139 1575 crgo
1165 1537 1253 1567 nulla
1272 1545 1353 1576 pura
1376 1537 1521 1566 creatura
1544 1537 1644 1575 potest
1660 1534 1835 1565 satisfacere

1064 1599 1121 1629 pro
1137 1592 1202 1621 1010
1216 1599 1334 1629 genere
1347 1589 1501 1620 humano.

1106 1644 1181 1674 Item
1192 1668 1199 1681 ,
1216 1653 1278 1674 non
1295 1643 1402 1673 minus
1419 1642 1599 1681 obligamur
1618 1641 1677 1671 Deo
1698 1649 1755 1680 pro
1779 1640 1835 1671 be-

1064 1697 1176 1728 neficio
1207 1696 1428 1733 recreationis,
1459 1704 1555 1735 quam
1591 1703 1648 1734 pro
1683 1693 1835 1724 beneficio

1063 1750 1230 1780 creationis
1247 1760 1253 1780 ;
1271 1750 1296 1779 51
1309 1758 1387 1788 ergo
1402 1758 1482 1788 pura
1498 1750 1642 1778 creatura
1657 1755 1760 1786 genus
1776 1746 1836 1777 hu-

1064 1812 1194 1833 manum
1210 1802 1403 1839 redemisset,
1420 1803 1545 1832 tantum
1560 1808 1701 1830 essemus
1716 1799 1745 1829 ei
1759 1799 1836 1829 obli-

1063 1855 1149 1894 gati,
1175 1857 1329 1895 quantum
1352 1856 1459 1885 nostre
1483 1853 1619 1884 Creatori
1636 1862 1643 1882 :
1660 1860 1738 1892 ergo
1763 1854 1836 1882 tan-

1064 1910 1132 1938 tum
1159 1910 1342 1938 teneremur
1365 1907 1497 1945 diligere
1521 1908 1710 1943 creaturam,
1734 1914 1836 1944 quan-

1064 1964 1132 1992 tum
1149 1961 1327 1991 Creatorem
1346 1971 1352 1991 ε
1370 1960 1395 1990 51
1412 1969 1489 1999 ergo
1510 1958 1704 1999 impossihile
1719 1960 1765 1988 est
1779 1966 1837 1988 nos

1064 2015 1102 2045 ad
1136 2015 1195 2045 hoc
1225 2014 1382 2053 obligari,
1413 2012 1605 2052 impossibile
1638 2011 1696 2042 suit
1722 2019 1836 2051 puram

1065 2070 1243 2099 creaturam
1263 2067 1439 2097 satisfacere
1461 2075 1518 2105 pro
1542 2067 1607 2096 toto
1630 2073 1747 2103 genere
1772 2064 1836 2094 hu—

1065 2131 1171 2153 mano.

1319 2193 1580 2227 CONCLUSIO.

1066 2273 1149 2300 Nulla
1175 2280 1246 2307 pura
1272 2274 1396 2299 creatura
1418 2272 1510 2306 potuit
1532 2271 1686 2303 satisfacere
1710 2277 1756 2304 pro
1782 2271 1835 2295 toto

1102 2325 1193 2350 genere
1211 2317 1343 2347 humano,
1360 2324 1417 2343 cum
1439 2319 1494 2342 tam
1512 2316 1602 2349 qravis
1625 2314 1709 2347 fuerit
1730 2313 1834 2347 injuria

1099 2369 1148 2396 per
1160 2363 1295 2395 peccatum
1313 2361 1364 2387 Deo
1379 2361 1471 2387 illata.

1106 2442 1198 2482 Resp.
1217 2442 1255 2472 ad
1275 2451 1343 2481 arg.
1361 2440 1534 2472 Dicendum
1554 2439 1637 2479 quod
1654 2439 1691 2469 de
1711 2439 1837 2469 duobus

1066 2496 1231 2527 consuevit
1250 2496 1318 2525 fieri
1335 2494 1501 2525 satisfactio
1517 2495 1547 2523 et
1565 2492 1704 2532 requiri,
1725 2492 1837 2523 videli-

1066 2552 1114 2581 cet
1128 2550 1165 2580 de
1188 2549 1305 2589 injuria
1317 2572 1324 2586 ,
1341 2550 1372 2578 et
1385 2547 1512 2578 damno.
1531 2546 1563 2577 Si
1579 2555 1659 2586 ergo
1683 2546 1763 2577 Deus
1783 2554 1837 2576 re·-

1068 2630 1159 2654 Contra
1176 2630 1238 2653 hunc
1253 2628 1358 2652 modum.
1371 2629 1396 2652 S.
1412 2627 1521 2651 'l'honias
1534 2627 1668 2650 consentit.
1683 2634 1706 2657 11.
1722 2627 1764 2657 111,
1780 2634 1803 2657 q.
1819 2633 1836 2656 1,

1067 2667 1113 2689 1111.
1126 2667 1148 2689 2.
1160 2679 1188 2682 -
1203 2666 1213 2681 2
1224 2664 1284 2687 Dist,
1300 2669 1352 2693 x1v,
1367 2665 1414 2686 art.
1425 2664 1448 2693 2,
1463 2670 1486 2693 11,
1508 2668 1533 2687 11.
