2017 2960
83 1515 168 1535 undam.

683 198 782 232 DIST.
807 199 858 232 IX.
880 200 972 233 ART.
996 200 1021 232 1.
1044 197 1194 237 QUAEST.
1218 196 1252 228 V.

163 273 260 304 brum
275 268 388 302 Christi
411 266 612 299 adorandum
628 268 676 298 est
697 267 879 299 adoratione
892 268 942 298 la-

164 327 247 358 triae.

205 382 235 409 4.
253 378 330 408 Item
345 384 458 415 corpus
483 374 597 406 Christi
618 384 735 406 verum
755 375 892 406 refertur
905 375 944 406 ad

166 440 280 472 corpus
294 429 406 461 Christi
429 429 612 469 mysticum,
634 431 788 469 tanquam
812 429 945 468 signum

166 486 205 516 ad
220 485 385 523 signatum
403 493 409 512 ;
429 491 508 521 ergo
523 482 550 512 si
573 482 738 521 signatum
754 482 792 512 sit
807 482 946 513 nobilius

165 539 269 577 signo,
295 545 410 576 corpus
434 535 548 567 Christi
572 535 742 575 mysticum
757 537 803 565 est
830 535 946 574 magis,

166 591 217 623 vel
231 599 324 630 aeque
349 589 467 628 nobile,
494 598 592 629 quam
618 597 734 628 corpus
756 588 871 618 Christi
889 597 949 619 ve-

168 654 241 675 rum
279 653 288 674 t
330 643 383 674 sed
419 651 534 673 verum
569 641 684 672 Christi
716 651 832 682 corpus
868 642 947 672 ado-

168 699 258 729 ratur
276 697 368 728 latria
386 707 392 727 :
421 704 498 735 ergo
519 698 549 726 et
577 704 692 735 corpus
709 695 821 726 Christi
839 695 950 735 mysti-

170 761 257 782 cum.

211 807 240 835 5.
258 804 337 835 Item
351 803 462 834 eadem
487 803 670 834 adoratione
692 803 842 834 adoratur
856 804 952 842 caput

172 858 268 898 regis,
289 860 320 888 et
335 857 395 888 alia
416 857 561 888 membra
578 866 585 887 :
603 857 656 887 sed
682 857 825 888 Christus
838 859 884 887 est
900 866 953 887 ca-

174 914 232 952 put
248 911 403 949 Ecclesiae,
414 912 444 942 et
459 910 610 942 adoratur
623 910 807 942 adoratione
823 919 896 951 quae
906 912 953 942 est

175 967 266 997 latria
281 977 288 997 ι
301 975 378 1005 ergo
393 967 424 996 et
437 965 499 996 alia
511 966 581 1005 ejus
597 964 756 996 membra.

217 1023 246 1052 6.
265 1021 344 1051 Item
371 1020 535 1060 quodlibet
558 1020 741 1050 membrum
770 1019 883 1050 Christi
908 1021 955 1050 est

177 1074 287 1114 imago
300 1073 413 1104 Christi
422 1083 430 1111 ·‚
440 1083 498 1103 nec
513 1073 623 1113 imago
638 1075 776 1111 tantum,
791 1073 845 1104 sed
858 1072 954 1102 etiam

178 1126 288 1165 imago
312 1125 482 1155 assimilata
504 1134 560 1165 per
583 1125 720 1164 gratiam
746 1136 752 1156 z
775 1125 829 1155 sed
852 1125 956 1155 honor

178 1179 340 1218 imaginis,
368 1178 449 1209 sicut
465 1178 534 1209 vult
551 1178 765 1209 Damasceuus
779 1180 804 1216 ¹,
822 1178 957 1209 refertur

179 1233 217 1263 ad
233 1234 437 1272 prototypum
447 1256 454 1270 ‚
470 1231 501 1262 id
517 1234 563 1262 est
576 1231 615 1262 ad
630 1231 803 1271 principale
828 1231 957 1271 signifi-

180 1288 285 1317 catum
302 1295 310 1316 :
323 1294 401 1325 ergo
416 1285 441 1316 si
457 1287 663 1326 prototypum
678 1285 829 1316 adoratur
842 1285 957 1316 adora-

180 1340 265 1370 tione
278 1339 391 1377 latriae,
407 1339 534 1370 videtur
548 1339 632 1379 quod
643 1341 672 1370 et
687 1339 833 1370 membra
848 1339 959 1370 Chris-

182 1394 216 1431 ti,
234 1393 267 1423 in
286 1393 403 1432 quibus
418 1395 465 1424 est
478 1393 611 1433 reperiri
625 1394 805 1433 imaginem
820 1395 956 1432 naturae,

184 1449 214 1477 et
228 1446 467 1478 similitudinem
485 1447 609 1486 gratiae.

224 1500 285 1532 Sed
301 1503 410 1531 eontra
431 1512 438 1531 :
456 1500 526 1532 Non
542 1511 655 1532 sumus
678 1501 823 1532 membra
844 1501 959 1532 Christi

184 1555 245 1585 nisi
259 1556 418 1595 quantum
434 1554 473 1585 ad
488 1555 722 1585 humanitatem
748 1566 755 1585 :
777 1563 856 1594 ergo
872 1554 897 1584 si
913 1554 959 1584 la-

183 1608 245 1639 tria
259 1610 305 1639 est
320 1608 425 1639 cultus
440 1608 502 1639 Deo
515 1608 650 1647 debitus,
667 1608 794 1639 videtur
808 1607 894 1648 quod
913 1608 961 1638 la—

184 1662 245 1693 tria
259 1662 412 1693 membris
425 1661 539 1693 Christi
553 1671 619 1692 non
631 1661 898 1692 communicetur.

225 1716 304 1748 Item
319 1716 464 1747 membra
486 1715 599 1746 Christi
622 1715 661 1746 ad
683 1715 821 1746 invicem
843 1715 963 1746 habent

185 1770 366 1801 societatem
383 1769 459 1801 :sed
480 1769 623 1800 adoratio
644 1769 745 1800 latriae
761 1769 850 1809 ponit
870 1769 962 1800 habi-

186 1823 333 1854 tudinem
356 1825 387 1854 et
407 1823 547 1863 gradum
562 1823 712 1862 dominii,
734 1825 765 1854 et
787 1823 961 1862 servitutis,

186 1877 270 1908 inter
283 1877 481 1915 adorantem,
493 1878 525 1908 et
536 1877 703 1908 adoratum
721 1886 728 1907 :
746 1886 824 1916 ergo
835 1876 963 1907 videtur

186 1931 272 1971 quod
301 1939 406 1962 unum
439 1930 623 1961 membrum
647 1939 714 1961 non
735 1930 847 1962 debeat
873 1931 963 1962 alteri

186 1984 309 2015 cultum
322 1984 435 2015 latriae.

227 2037 305 2069 Item
319 2047 385 2068 non
397 2039 444 2068 est
458 2037 568 2068 eadem
589 2037 773 2069 adoratione
791 2039 822 2068 et
841 2038 964 2069 honore

186 2091 388 2123 venerandus
409 2091 569 2130 dominus,
587 2094 618 2121 et
640 2100 752 2122 servus
768 2101 775 2122 :
792 2091 846 2122 sed
861 2100 964 2122 mem-

185 2145 243 2176 bra
258 2144 371 2176 Christi
390 2147 464 2175 sunt
479 2145 622 2184 subjecta
636 2144 784 2176 servituti
805 2144 920 2176 Christi
935 2147 966 2176 et

186 2199 242 2230 Dei
259 2210 266 2230 :
284 2208 363 2239 ergo
373 2198 558 2230 adoratione
571 2198 669 2230 latriae
684 2208 750 2229 11011
764 2198 880 2229 debent
894 2198 966 2229 ado-

187 2253 265 2284 rari.

231 2306 310 2338 Item
330 2308 435 2348 maj0r
455 2308 502 2339 est
524 2307 695 2339 auctoritas
717 2309 748 2339 et
771 2309 907 2347 potestas
932 2307 966 2337 in

190 2361 275 2392 malo
289 2361 432 2401 praelato,
448 2371 547 2402 quam
561 2362 597 2392 111
611 2361 694 2392 bono
710 2361 838 2393 subdito
860 2372 866 2392 :
887 2370 966 2401 ergo

191 2415 294 2454 major
317 2414 450 2446 debetur
478 2415 658 2447 reverentia
678 2415 707 2446 ei
729 2426 736 2446 :
762 2415 816 2446 sed
846 2417 968 2446 constat

193 2467 278 2506 quod
292 2468 376 2499 malo
391 2468 522 2509 praelato
535 2478 602 2500 non
615 2468 749 2500 debetur
770 2468 872 2500 latriae
890 2468 967 2499 ado-

192 2519 272 2551 ratio
297 2532 306 2552 :
332 2530 410 2561 ergo
431 2522 645 2554 multominus
667 2522 810 2561 subdito,
836 2521 893 2563 qui
921 2523 968 2553 est

192 2573 375 2605 membrum
389 2574 514 2607 Christi.

224 2691 232 2706 ¹
247 2691 375 2720 Damaso„
388 2689 418 2713 de
432 2690 534 2715 orthod.
550 2691 619 2721 Fid„
631 2691 664 2715 lib
687 2693 729 2722 lV,
741 2699 764 2716 c.
776 2697 841 2716 xm.

311 2742 387 2767 Tou.
410 2743 454 2766 IV.

1719 201 1777 230 209

1270 332 1497 366 CONCLUSIO.

1001 419 1127 447 Membris
1149 419 1250 446 Christi
1269 419 1359 446 Iatrioe
1377 420 1564 447 adorationem
1583 428 1635 447 non
1655 419 1775 447 debemus

1037 465 1170 498 exhibere,
1187 466 1252 498 qtiz‘a
1269 465 1353 491 latria
1374 466 1481 492 ratione
1497 465 1662 492 eaecellentz‘ae
1676 467 1701 492 et
1721 473 1780 492 ma-

1035 510 1143 543 jestatis
1158 509 1307 541 exhibetur,
1324 517 1382 543 ‹112oe
1395 509 1519 536 membris
1533 517 1586 536 non
1607 511 1781 537 conveniunt.

1046 589 1137 629 Resp.
1157 589 1196 620 ad
1211 598 1281 628 arg.
1298 588 1473 620 Dicendum
1492 589 1578 629 quod
1593 590 1712 630 absque
1723 590 1783 621 du-

1005 643 1057 674 bio
1083 642 1189 674 cultus
1210 642 1312 673 latriae
1340 643 1493 673 membris
1512 643 1625 674 Christi
1646 652 1712 674 non
1739 645 1787 674 est

1006 697 1225 735 exhibendu5‚
1252 705 1309 736 pro
1333 705 1370 727 eo
1392 696 1477 735 quod
1502 697 1646 727 membra
1673 697 1787 728 Christi

1006 760 1120 782 sumus
1130 749 1308 781 secundum
1321 749 1500 780 humanam
1511 751 1677 788 naturam;
1695 752 1726 781 et
1741 750 1787 780 sic

1007 814 1120 836 sumus
1136 804 1292 842 membra,
1310 806 1345 834 ut
1359 805 1466 834 tamen
1477 803 1557 834 ratio
1573 803 1709 834 membri
1722 812 1788 834 11011

1008 858 1097 890 tollat
1111 857 1269 888 rationem
1285 857 1464 894 servitutis,
1485 866 1543 887 nec
1564 859 1661 896 ponat
1675 865 1788 896 aequa-

1009 913 1130 943 litatem
1146 911 1320 951 dignitatis.
1337 911 1375 941 Et
1390 910 1545 951 quoniam
1554 910 1646 941 latria
1656 911 1789 941 debetur

1010 965 1148 997 Creatori
1162 965 1284 995 ratione
1304 974 1371 995 snae
1392 965 1566 1005 majestatis
1585 967 1616 995 et
1630 965 1789 995 excellen-

1010 1019 1081 1055 tiae,
1107 1018 1183 1048 hinc
1206 1020 1254 1048 est
1277 1019 1363 1058 quod
1395 1017 1548 1048 membris
1579 1017 1693 1048 Christi
1723 1027 1789 1048 11011

1011 1072 1161 1112 competit
1176 1071 1279 1101 cultus
1293 1071 1407 1102 latriae.
1424 1070 1523 1102 Multa
1537 1071 1624 1101 enim
1643 1071 1792 1102 distantia

1011 1125 1105 1156 distat
1133 1127 1228 1164 caput
1252 1134 1270 1154 a
1294 1133 1445 1164 corpore,
1470 1124 1592 1155 ratione
1617 1124 1792 1155 divinitatis

1012 1180 1124 1211 unitae.
1151 1178 1237 1209 Unde
1258 1178 1467 1209 concedendae
1490 1180 1568 1209 sunt
1591 1178 1730 1209 rationes
1753 1177 1791 1208 ad

1011 1234 1094 1264 hanc
1110 1235 1234 1273 partem
1250 1232 1400 1263 inductae.

1054 1291 1083 1318 1.
1111 1287 1160 1319 Ad
1188 1287 1267 1317 illud
1293 1295 1371 1326 ergo
1396 1285 1482 1326 quod
1508 1285 1677 1325 objicitur,
1707 1285 1794 1324 quod

1013 1341 1177 1372 Abraham
1197 1340 1342 1371 adoravit
1361 1341 1425 1370 tres
1449 1339 1599 1378 angelos,
1620 1339 1794 1370 dicendum

1013 1395 1099 1435 quod
1115 1395 1168 1425 isti
1191 1394 1299 1433 angeli
1318 1395 1474 1424 creaturae
1494 1392 1664 1424 rationales
1675 1393 1767 1422 erant
1785 1402 1792 1422 :

1015 1450 1045 1478 et
1073 1450 1181 1478 tamen
1208 1447 1248 1478 ad
1287 1446 1602 1486 repraesentationem
1633 1444 1796 1475 Trinitatis

1014 1502 1075 1541 ipsi
1088 1501 1226 1532 Abrahae
1242 1502 1478 1541 apparuerunt,
1496 1501 1527 1530 et
1546 1501 1721 1539 utrumque
1736 1499 1796 1529 ho-

1015 1564 1090 1585 rum
1101 1555 1160 1595 ipsi
1170 1554 1308 1586 Abrahae
1318 1556 1432 1585 notum
1443 1555 1522 1585 erat.
1536 1553 1574 1584 Et
1587 1553 1621 1584 in
1633 1554 1794 1593 quantum

1016 1611 1171 1640 creaturae
1216 1608 1386 1639 rationales
1425 1608 1531 1644 erant,
1569 1606 1716 1637 exhihuit
1750 1606 1796 1637 eis

1016 1663 1180 1693 Abraham
1194 1671 1261 1693 non
1275 1661 1493 1692 adorationem
1508 1660 1620 1698 latr1ae,
1637 1659 1691 1690 sed
1702 1668 1795 1690 reve-

1017 1716 1154 1746 rentiam
1164 1716 1271 1754 duliae,
1283 1717 1314 1746 et
1327 1715 1519 1755 mysterium
1530 1713 1794 1752 honorificentiae3

1018 1769 1052 1799 in
1067 1771 1226 1808 quantum
1241 1770 1349 1799 autem
1363 1768 1498 1807 signum
1515 1767 1674 1798 Trinitatis
1694 1769 1795 1806 erant,

1018 1822 1166 1853 exhibuit
1186 1821 1350 1853 Abraham
1369 1821 1493 1852 cultum
1515 1821 1634 1859 latriae3
1650 1829 1728 1859 non,
1744 1821 1797 1850 in·-

1017 1885 1128 1916 quam‚
1145 1876 1249 1916 signo,
1267 1875 1322 1907 sed
1334 1874 1395 1915 ipsi
1410 1875 1537 1914 signato
1553 1885 1560 1905 ι
1577 1875 1616 1905 ad
1634 1874 1695 1905 11οο
1711 1874 1798 1905 enim

1018 1929 1194 1970 specialiter
1208 1929 1414 1970 apparebant.
1431 1927 1457 1959 N
1461 1937 1503 1960 on
1517 1928 1562 1959 510
1575 1930 1684 1959 autem
1698 1930 1745 1959 est
1760 1927 1798 1959 de

1018 1983 1171 2015 membris
1186 1983 1300 2015 Christi
1316 1992 1324 2014 ε
1342 1983 1496 2024 quoniam
1508 1982 1567 2014 etsi
1582 1982 1623 2014 ab
1638 1982 1683 2014 eis
1699 1981 1799 2023 possit

1019 2038 1168 2077 cognosci
1197 2036 1353 2076 Trinitas,
1379 2039 1489 2068 tamen
1515 2046 1581 2068 non
1605 2036 1649 2067 sic
1678 2045 1798 2077 reprae·

1019 2094 1145 2123 sentant
1159 2101 1200 2123 ex
1213 2091 1341 2132 speciali
1352 2091 1563 2129 institutione,
1578 2090 1630 2122 vel
1644 2090 1798 2121 missione

1019 2145 1146 2182 divina;
1163 2148 1193 2175 et
1207 2144 1278 2176 ideo
1292 2154 1358 2176 non
1375 2147 1421 2176 est
1434 2144 1480 2175 eis
1493 2144 1674 2175 exhibenda
1693 2144 1797 2183 latria,

1019 2207 1078 2229 nec
1092 2200 1252 2238 quantum
1264 2198 1303 2229 ad
1318 2198 1398 2229 1111111
1412 2198 1498 2238 quod
1513 2200 1599 2237 sunt,
1622 2206 1681 2228 nec
1695 2206 1798 2238 quan·

1020 2253 1090 2283 tum
1105 2252 1145 2283 ad
1162 2251 1242 2283 illud
1255 2251 1341 2292 quod
1353 2261 1411 2292 per
1423 2261 1477 2283 eos
1490 2251 1694 2292 intelligitur.

1061 2308 1091 2336 2.
1110 2305 1159 2336 Ad
1174 2305 1255 2337 illud
1269 2306 1356 2346 quod
1379 2305 1542 2345 objicitur,
1557 2305 1643 2346 quod
1663 2304 1800 2337 Joannes

1021 2359 1118 2390 voluit
1135 2359 1267 2390 adorare
1282 2359 1448 2399 angelum,
1460 2359 1631 2390 dicendum
1646 2358 1732 2399 quod
1746 2366 1801 2389 no-

1021 2413 1082 2443 luit
1108 2413 1241 2444 adorare
1277 2422 1354 2444 eum
1381 2412 1565 2444 adoratione
1590 2412 1692 2443 latriae
1703 2436 1712 2450 ‚
1746 2411 1801 2443 sed

1022 2467 1131 2498 duliae.
1153 2467 1191 2498 Et
1206 2467 1292 2507 quod
1307 2467 1472 2507 objicitur,
1499 2467 1585 2507 quod
1606 2475 1672 2498 non
1692 2465 1802 2498 debuit

1023 2530 1099 2552 eum
1128 2521 1264 2561 angelus
1291 2521 1462 2562 prohibere
1473 2545 1482 2560 ‚
1513 2520 1684 2552 dicendum
1716 2521 1801 2560 quod

1024 2575 1090 2606 imo
1120 2575 1237 2616 triplici
1266 2576 1390 2607 ratione
1418 2584 1426 2606 ι
1453 2574 1559 2615 prima
1587 2573 1719 2614 quidem
1756 2576 1804 2606 est

1023 2631 1152 2669 propter
1172 2628 1365 2669 dignitatem
1385 2628 1486 2669 ipsius
1506 2627 1650 2667 somnis,
1670 2628 1729 2669 qui
1742 2638 1803 2661 ex-

1024 2683 1188 2713 cellentior
1200 2687 1268 2713 erat
1283 2683 1393 2714 multis
1408 2683 1532 2721 angelis
1542 2693 1550 2721 ;
1562 2683 1702 2714 secunda
1712 2692 1802 2721 vero,

1645 2739 1686 2768 u
