2017 2960
740 209 837 242 DlS'l'.
863 210 912 240 lV.
938 210 1031 242 ΛΒΤ.
1056 211 1108 242 lll.

145 290 219 312 nem
243 278 486 320 disponebatur,
511 279 588 318 quia
612 279 749 316 gratiam
770 277 883 309 habuit
904 287 922 307 a

146 333 318 376 primordio
339 341 406 363 suae
428 332 613 367 nativitatis,
637 335 668 362 et
693 331 831 371 gratiam
847 340 922 371 per-

145 388 219 418 dere
240 395 306 417 non
330 385 443 425 potuit.
468 385 614 416 Sveundo
638 396 714 416 vero
739 386 833 416 modo
859 396 922 416 non

145 441 203 472 t'uit
231 439 385 470 naturalis
396 463 403 475 ,
432 439 484 469 sed
516 439 621 478 potius
646 439 854 470 ordinabatur
884 439 922 469 ad

145 494 360 536 operationem
383 503 481 533 supra
505 496 676 524 naturam:
701 502 765 524 non
789 493 924 524 hain-bat

144 547 239 578 etiam
257 550 365 577 ortum
381 556 398 577 a
415 546 577 586 principiis
593 548 734 581 naturae,
750 545 803 575 sed
821 546 924 585 potius

143 600 285 632 adivina
310 600 483 631 voluntate.
509 599 544 630 lit
559 601 726 639 propterea
746 599 922 629 secundnm

144 654 241 685 istum
253 653 384 684 modum
397 652 571 693 accipiendi
585 652 721 683 verbum
738 652 792 691 (a),
809 652 924 682 dicitnr

144 708 228 748 quoii
244 707 347 747 gratia
357 706 497 747 quodam
513 705 607 736 modo
619 706 678 736 ruit
693 705 816 736 Christo
829 707 924 736 natu-

145 761 236 799 ralis,
263 760 402 801 quodam
427 759 521 790 modo
546 768 624 790 non.
650 759 687 790 Et
710 759 769 790 ista
793 762 925 799 possunt

144 813 242 854 accipi
257 823 296 844 ex
315 813 380 847 liis,
397 822 471 853 qnae
490 813 644 843 dicuntur
660 813 691 843 in
706 815 808 844 textu.
826 813 925 843 Simi—

144 867 231 905 liter,
261 867 287 898 si
315 866 420 906 gratia
446 866 577 897 unionis
598 866 723 897 dicatur
751 867 818 906 ipsa
847 866 925 897 unio

143 920 246 960 gratis
268 921 366 957 sacta,
391 920 531 960 quodam
553 920 648 951 motio
670 920 729 951 suit
751 920 924 958 naturalis,

144 974 284 1015 quodam
305 974 400 1005 modo
415 983 498 1005 non:
517 974 683 1012 naturalis,
698 975 844 1014 inquam,
861 974 922 1004 t'uit

146 1030 276 1068 propter
291 1028 607 1068 inseparabilitatem,
629 1028 706 1068 quia
726 1030 840 1059 natura
861 1027 926 1058 lm-

146 1091 240 1112 mana
254 1081 298 1112 sic
313 1082 373 1112 suit
388 1082 477 1113 unita
492 1081 610 1112 divinae
627 1091 645 1112 a
665 1090 723 1112 sna
739 1081 841 1121 prima
863 1083 926 1111 soi·-

145 1135 302 1172 matione,
319 1135 404 1174 quod
420 1135 460 1165 ab
483 1135 551 1174 ipsa
565 1135 706 1175 separari
721 1144 785 1165 non
802 1135 925 1174 potnit:

144 1189 285 1229 quodam
309 1188 404 1219 modo
420 1197 486 1219 non
503 1188 562 1219 suit
583 1188 754 1226 naturalis,
777 1188 831 1218 setl
850 1197 928 1227 gra-

146 1243 236 1281 tuita,
258 1243 292 1274 in
310 1242 371 1274 hoc
390 1242 507 1274 scilicet
530 1234 617 1282 quod
633 1243 786 1274 terminos
800 1245 926 1273 naturae

145 1297 285 1335 excedit,
302 1300 333 1328 et
353 1306 393 1328 ex
411 1306 499 1327 mera
516 1296 567 1327 Dei
584 1297 747 1328 voluntate
764 1297 926 1337 processit.

147 1350 310 1388 Similiter,
328 1350 354 1381 si
378 1351 469 1381 tertio
486 1350 582 1381 modo
601 1350 724 1381 dicatur
741 1351 845 1390 gratia
862 1351 929 1391 ipsa

148 1404 252 1435 virtus
279 1404 381 1443 gratis
405 1404 522 1435 taciens
550 1403 724 1441 unionem,
755 1404 837 1434 sicut
863 1405 928 1444 ipse

148 1458 286 1498 Spirsstus
299 1460 442 1496 sanctus,
460 1458 504 1488 sie
527 1457 668 1498 quodam
691 1457 784 1488 modo
808 1458 867 1488 t'uit
884 1457 928 1488 illi

147 1512 271 1543 homini
286 1511 451 1550 naturalis,
468 1512 608 1551 quodam
621 1511 715 1542 modo
730 1521 795 1542 nou
813 1523 820 1542 z
838 1514 929 1542 natu-

148 1565 224 1596 ralis
239 1565 299 1596 suit
320 1574 376 1605 per
395 1565 721 1596 communicationem
739 1565 926 1595 idiomatum

148 1619 270 1650 ratione
292 1628 437 1659 personae
455 1618 566 1658 Verbi,
583 1620 633 1650 cui
649 1619 786 1659 Spiritus
801 1621 930 1649 sanctus

148 1672 365 1704 connaturalis
387 1675 444 1703 est.
475 1672 544 1703 Non
573 1673 660 1704 enim
688 1672 803 1703 habuit
830 1672 929 1703 Filius

148 1725 302 1766 Spiritum
317 1728 463 1756 sanctum
487 1735 543 1766 per
559 1726 762 1758 influentiam
775 1750 782 1763 ,
800 1726 853 1757 sed
870 1735 930 1766 po-

147 1779 211 1810 tius
225 1779 301 1819 quia
315 1779 411 1810 habet
424 1779 456 1809 in
468 1788 501 1810 se
515 1788 533 1810 a
547 1778 638 1810 Patre
650 1780 717 1810 vim
728 1780 928 1820 spii-ativam.

147 1832 186 1865 Et
205 1836 373 1874 propterea
390 1833 507 1864 dicitur
532 1834 565 1864 in
586 1834 721 1872 Joanne,
739 1833 825 1874 quod
840 1837 848 1853 ¹
866 1841 931 1866 non

147 1891 195 1918 est
210 1887 239 1919 ei
254 1887 351 1920 datus
375 1887 497 1927 spritus
505 1887 753 1919 admensuram.
771 1887 830 1918 Per
846 1896 932 1918 com-

147 1941 346 1981 parationem
370 1943 479 1971 autem
500 1941 538 1971 ati
560 1943 709 1972 naturam
734 1943 932 1982 assumptam

148 1994 253 2034 gratia
267 1994 320 2025 illa
333 2003 399 2025 non
413 1996 481 2025 erat
494 1994 539 2025 illi
555 1995 681 2026 homini
698 1995 928 2033 connaturalis,

148 2048 224 2088 quia
236 2047 374 2088 Spiritus
382 2051 510 2078 sanctus
523 2057 587 2079 non
597 2051 667 2079 erat
680 2049 713 2079 in
726 2057 764 2079 eo
778 2057 834 2088 per
847 2048 933 2088 prin-

149 2101 231 2141 cipia
246 2104 370 2132 naturae
387 2104 501 2132 creatae
513 2125 520 2139 ‚
537 2102 588 2133 sed
614 2111 670 2142 per
685 2102 823 2141 gratiam
841 2101 933 2132 inha-

148 2156 314 2188 bitantem.
337 2156 376 2188 Et
394 2157 439 2187 sic
458 2160 542 2197 patet
557 2157 641 2197 quoti
659 2157 748 2188 omni
773 2157 868 2188 modo
884 2157 933 2188 in-

150 2210 328 2250 telligendi,
344 2210 450 2250 gratia
472 2211 525 2242 illa
542 2211 683 2251 quodam
699 2211 794 2242 modo
813 2211 875 2241 suit
889 2211 933 2241 illi

151 2263 274 2294 homini
290 2263 519 2302 connaturalis,
533 2264 673 2304 quodam
689 2265 785 2295 modo
801 2274 876 2296 non.

190 2315 229 2348 Et
258 2317 434 2348 secundum
465 2317 526 2348 hoc
561 2321 696 2349 currunt
721 2318 863 2349 rationes
895 2318 933 2348 ad

151 2372 322 2410 utramque
344 2374 483 2410 partem,
505 2380 578 2412 quae
598 2371 776 2403 secundum
793 2372 936 2403 diversas

152 2422 222 2454 vias
246 2432 361 2455 verum
384 2425 590 2457 concludunt.
622 2425 742 2457 Verum
771 2428 818 2456 cst
846 2426 934 2456 enim

153 2476 238 2515 quod
265 2477 371 2517 gratia
395 2478 447 2509 illa
459 2502 466 2516 ,
494 2479 576 2510 sicut
604 2479 681 2510 «licit
711 2479 934 2519 Augustinus,

154 2528 392 2568 quodammodo
403 2533 568 2565 naturalis
583 2533 643 2564 ruit
654 2533 697 2563 iili
709 2533 832 2564 homini
847 2544 853 2564 z
870 2543 935 2564 non

156 2585 262 2614 tamen
276 2584 479 2625 simpliciter,
496 2587 578 2619 sicut
591 2588 730 2619 rationes
748 2587 934 2620 ostendunt.

188 2651 218 2675 (a)
236 2647 296 2670 Cat.
313 2647 373 2672 am.
388 2655 488 2674 verum.

1702 216 1758 245 ¹05

979 277 1032 309 llla
1049 281 1153 310 tamen
1168 279 1246 310 ratio
1261 289 1325 319 qua
1339 280 1536 318 ostenditur,
1551 281 1636 320 quoti
1653 282 1755 319 gratia

979 332 1030 363 illa
1044 335 1088 363 cst
1106 333 1268 368 naturali&
1284 333 1359 373 qnia
1373 333 1499 364 ordinat
1517 334 1554 364 ιιι]
1574 337 1681 364 actum
1700 344 1759 365 na-

978 386 1127 423 turalem,
1146 396 1208 417 non
1222 387 1314 422 valet,
1327 387 1403 427 qnia
1413 387 1591 427 assumptio
1603 391 1649 418 est
1664 389 1757 418 salsa:

979 440 1131 479 quoniam
1147 442 1204 471 etsi
1228 451 1282 482 per
1305 442 1442 481 gratiam
1471 442 1556 473 illam
1573 442 1761 482 disponatur

980 496 1014 524 nt
1027 494 1066 524 sit
1078 495 1161 524 tilius
1178 495 1343 532 naturalis,
1364 505 1425 526 non
1441 498 1544 527 tamen
1561 499 1686 536 propter
1701 497 1760 527 hoc

979 547 1145 578 ordinatur
1165 548 1203 578 ati
1224 549 1443 588 <metationem
1476 550 1677 581 naturalem:
1700 550 1761 580 hoc

979 600 1065 630 enim
1085 610 1149 631 non
1165 601 1281 632 «licitur
1297 605 1425 642 propter
1441 603 1500 633 hoc
1515 627 1521 638 ,
1539 603 1623 643 qnod
1643 603 1683 633 illi
1701 613 1761 634 na-

980 654 1061 683 turae
1075 657 1248 694 assumpta!
1272 655 1441 686 conveniat
1465 666 1483 685 a
1510 655 1600 687 Patre
1618 666 1672 696 per
1686 666 1762 696 gra-

982 706 1058 736 tiam
1075 707 1159 737 illam
1183 708 1376 739 aeternaliter
1400 712 1431 739 et
1451 710 1639 740 naturaliter
1661 720 1759 747 gene-

982 760 1063 797 rari;
1093 761 1146 791 sed
1174 761 1232 791 hoc
1258 764 1305 792 est
1330 762 1405 802 qnia
1432 772 1486 802 per
1511 763 1649 802 gratiam
1674 764 1762 794 illam

981 813 1160 853 disponitur
1174 815 1212 845 ιιι]
1227 815 1392 854 unionem,
1404 826 1477 856 quae
1490 817 1562 847 facit
1574 817 1761 848 idiomatum

981 867 1316 906 communicationem,
1333 872 1361 899 et
1380 870 1456 900 unio
1475 870 1528 900 illa
1551 879 1649 910 supra
1665 873 1762 901 natu-

982 929 1052 951 ram
1066 923 1124 952 est.
1145 921 1183 952 Et
1197 922 1268 953 ideo
1284 932 1347 953 non
1370 926 1416 953 est
1437 923 1569 962 mirum,
1595 924 1621 954 si
1647 924 1761 963 gratia,

982 984 1055 1015 qna!
1071 976 1108 1006 ad
1132 976 1215 1006 illam
1234 977 1387 1007 unionem
1404 978 1505 1008 reclutit
1521 980 1669 1008 naturam
1684 988 1764 1009 con-

982 1038 1119 1068 gruam,
1144 1033 1190 1060 est
1217 1040 1315 1071 supra
1338 1034 1496 1062 naturam.
1521 1031 1674 1063 Similiter
1701 1033 1765 1063 alia

983 1083 1077 1121 ratio,
1098 1094 1171 1124 qua:
1187 1084 1261 1115 (licit
1276 1085 1360 1125 quod
1381 1086 1486 1124 gratia
1504 1086 1555 1116 illa
1571 1096 1588 1116 a
1606 1086 1762 1126 principio

983 1137 1153 1168 intrinseco
1178 1140 1240 1175 est,
1267 1147 1329 1168 non
1360 1139 1464 1177 cogit:
1490 1139 1646 1178 quoniam
1673 1140 1765 1170 aliter

982 1190 1137 1230 accipitur
1151 1191 1360 1222 intrinsecum
1382 1192 1414 1222 in
1433 1193 1606 1232 proposito,
1623 1195 1655 1223 et
1675 1192 1766 1223 aliter

983 1253 1057 1274 cum
1079 1244 1196 1275 dicitur
1217 1246 1301 1285 quoti
1328 1246 1472 1276 naturale
1494 1249 1541 1276 est
1567 1246 1652 1286 quoii
1676 1250 1722 1278 est
1748 1257 1766 1277 a

983 1299 1142 1339 principio
1153 1299 1333 1330 intrinseco.
1347 1298 1427 1330 Nam
1438 1300 1659 1337 intrinsecum,
1672 1303 1767 1340 prout

984 1353 1068 1383 (adit
1098 1353 1130 1383 in
1159 1353 1408 1384 notificationem
1439 1354 1642 1394 proprietatis
1670 1357 1767 1385 natu—

985 1406 1074 1443 ralis,
1095 1407 1211 1438 dicitur
1225 1416 1292 1438 esse
1309 1407 1402 1445 illud,
1419 1407 1503 1447 quod
1521 1410 1567 1438 est
1591 1408 1629 1438 de
1646 1408 1767 1438 consti—

985 1460 1108 1491 tutione
1137 1463 1261 1492 naturae
1286 1471 1293 1492 ι
1327 1470 1390 1491 ιιοιι
1418 1461 1463 1491 sic
1493 1462 1601 1492 autem
1632 1470 1768 1501 persona

985 1513 1079 1544 Verbi
1097 1517 1144 1544 est
1161 1514 1205 1544 illi
1226 1514 1407 1545 intrinseca.
1427 1514 1507 1545 Aliae
1529 1523 1606 1545 vero
1625 1515 1699 1546 duae
1716 1524 1769 1546 ra-

987 1567 1088 1597 tiones
1106 1570 1182 1598 sunt
1199 1568 1427 1605 concedendae,
1448 1568 1525 1607 quia
1548 1576 1611 1598 non
1632 1567 1768 1607 probant

987 1621 1072 1661 quod
1095 1622 1200 1661 gratia
1217 1621 1268 1652 illa
1287 1621 1474 1661 simpliciter
1489 1621 1584 1652 suerit
1600 1620 1766 1659 naturalis,

987 1676 1040 1705 sed
1062 1676 1147 1715 qnod
1168 1677 1307 1716 quodam
1330 1676 1424 1707 motio
1440 1676 1697 1707 conformitatem
1713 1675 1769 1706 ha—

988 1728 1056 1759 buit
1085 1729 1124 1759 ad
1160 1729 1386 1769 proprietatem
1414 1729 1606 1760 naturalem.
1644 1729 1681 1759 Et
1710 1728 1769 1759 hoc

987 1782 1117 1822 quidem
1143 1783 1310 1813 veritatem
1333 1782 1446 1819 habet,
1469 1783 1550 1813 sicut
1571 1784 1639 1822 Jam
1662 1784 1765 1812 osten-

988 1845 1060 1867 sum
1077 1838 1132 1867 est.

1212 1985 1454 2020 ARTICULUS
1480 1986 1537 2019 Ill.

1031 2102 1268 2141 consequenter
1303 2099 1461 2140 quaeritur
1494 2098 1532 2130 de
1565 2099 1772 2140 conceptione

991 2155 1104 2186 Christi
1121 2155 1152 2185 in
1174 2153 1410 2194 comparatione
1426 2152 1466 2183 ad
1482 2151 1651 2192 Virginem
1665 2154 1773 2183 conci-

991 2208 1283 2249 pienten1;etci1·ca
1295 2208 1355 2239 hoc
1365 2209 1559 2247 quaeruntur
1571 2206 1650 2236 tria:
1666 2206 1772 2246 primo

991 2263 1148 2303 quaeritur
1163 2264 1274 2293 utrum
1296 2262 1329 2291 in
1354 2261 1405 2291 illa
1428 2260 1633 2300 conceptione
1654 2260 1772 2300 aliquid

992 2317 1091 2357 Virgo
1107 2316 1207 2348 Maria
1226 2316 1322 2347 suerit
1335 2315 1468 2356 Spiritui
1484 2316 1593 2345 sancto
1609 2316 1643 2344 in
1665 2313 1773 2353 aliquo

992 2374 1174 2411 cooperata3
1187 2370 1328 2401 seeundo
1341 2369 1499 2410 quaeritur
1510 2371 1619 2399 utrum
1631 2367 1773 2407 operatio

993 2424 1056 2462 illa,
1075 2425 1122 2455 vel
1137 2423 1334 2464 cooperatio,
1352 2423 1449 2454 suerit
1462 2421 1631 2459 naturalis,
1647 2420 1696 2451 vel
1714 2420 1774 2451 mi-

993 2479 1154 2516 raculosa;
1176 2478 1268 2509 tet-tio
1280 2477 1438 2518 quaeritur
1453 2479 1561 2507 utrum
1576 2485 1615 2506 ex
1631 2474 1684 2505 illa
1699 2483 1774 2505 coo-

994 2532 1155 2573 peratione
1169 2532 1209 2562 sit
1224 2532 1318 2571 virgo
1334 2530 1431 2562 Maria
1445 2530 1494 2561 [tei
1511 2529 1652 2569 genitrix
1668 2527 1775 2569 appel-

994 2586 1098 2618 landa.
1116 2586 1205 2617 Circa
1219 2586 1361 2626 primum
1372 2585 1417 2616 sic
1432 2583 1600 2625 quaeritur.

1028 2651 1033 2666 ¹
1049 2650 1130 2679 Jonn,
1147 2654 1186 2679 nt,
1202 2650 1241 2674 at.
