2017 2960
242 173 300 202 ‘zo-2

241 248 315 268 uam
345 238 447 277 magis
474 239 506 268 111
535 238 679 268 homines
703 237 759 275 qui
787 236 1005 271 redimuntur,

239 300 336 330 quam
352 291 383 320 in
399 290 528 329 angelos
541 291 596 329 qui
607 290 845 327 rcintegrantur
860 300 865 318 z
886 288 1007 327 magis-

239 354 301 383 que
325 345 357 374 in
380 354 432 374 cos
453 344 505 382 qni
531 345 708 382 sequnntur
730 343 799 381 ejus
822 343 1005 378 adventurn,

240 406 337 436 quam
353 398 384 427 111
400 406 453 427 eos
467 397 523 435 qni
538 398 786 435 praecesserunt,
804 395 878 435 quia
894 395 1009 426 clarius

239 451 362 487 vident,
386 453 414 479 et
438 450 587 486 credunt,
610 451 638 479 et
662 449 890 479 charismatum
919 448 1009 478 donis

239 503 375 542 amplius
396 501 641 541 perfunduntur.
659 501 789 541 Propter
806 502 875 540 hoc,
893 501 917 531 si
937 511 1008 540 pas-

240 557 285 586 sio
306 555 459 594 promissa
475 557 599 585 tantum
614 555 675 585 illis
690 555 800 593 valuit,
818 558 853 585 ut
870 555 938 586 illos
953 564 1009 594 per

239 609 323 638 viam
339 608 447 638 salutis
462 608 656 647 perduceret,
673 608 809 647 amplius
826 609 928 647 passio
950 618 1009 638 ex-

239 661 337 691 hibita
352 664 381 691 et
402 661 504 691 soluta
527 660 586 691 hoc
611 661 720 691 debuit
743 662 855 692 facere.
878 662 1010 701 Propter

239 714 297 744 hoc
323 714 530 744 concedendae
553 716 627 744 suut
650 714 787 745 rationes
807 715 846 744 ad
872 714 1009 753 primam

241 770 362 807 partem
377 767 524 797 indui-tte.

282 824 309 850 1.
328 821 375 850 Ad
391 820 466 850 illud
483 829 558 850 vero
573 820 658 859 quod
673 820 831 859 objicitur,
850 820 935 859 quod
950 829 1009 859 ge-

240 873 377 904 neralior
401 875 447 903 est
470 873 636 903 influentia
655 873 756 903 cordis
775 882 871 912 quam
887 873 1008 912 capitis,

239 927 410 957 dicendum
438 926 524 965 quod
555 926 734 964 generalior
759 928 805 956 est
834 926 1010 956 seeundum

240 980 425 1016 veritatem3
447 979 499 1009 sed
520 981 627 1009 tamen
646 979 812 1009 influentia
827 979 935 1019 capitis
950 988 1010 1018 ge—

239 1033 376 1063 neralior
390 1034 436 1062 est
451 1032 625 1062 secundum
642 1032 937 1069 manifestationem,
954 1041 1010 1071 pro

239 1096 275 1116 eo
295 1086 380 1125 quod
396 1086 429 1115 in
453 1085 553 1124 eapite
575 1094 686 1115 omnes
711 1095 822 1115 sensus
846 1088 1009 1125 apparent,

239 1142 269 1169 et
282 1139 525 1170 eminentiorem
538 1139 634 1169 situm
650 1139 778 1177 habent,
795 1141 826 1169 et
841 1140 874 1169 in
887 1148 924 1169 eo
938 1141 1012 1169 suut

240 1192 361 1223 cellulae
376 1194 457 1232 aplae
471 1192 509 1221 ad
522 1192 790 1230 cognoscendum,
803 1194 833 1222 et
847 1192 937 1222 nervi
947 1191 1011 1230 apti

240 1245 278 1275 ad
307 1245 504 1275 sentiendum
537 1247 567 1275 et
592 1245 786 1275 movendum
819 1255 825 1275 :
856 1245 899 1275 ita
926 1244 1012 1284 quod

239 1298 329 1328 nervi
351 1299 415 1337 apti
437 1298 475 1328 ad
493 1298 692 1328 sentiendum
714 1308 729 1326 a
752 1299 839 1337 parte
861 1297 1011 1328 anteriori

240 1351 388 1382 videntur
403 1351 522 1389 egredi,
538 1353 568 1380 et
583 1351 673 1380 nervi
688 1350 753 1390 apti
767 1351 805 1381 ad
818 1351 1011 1381 movendum

240 1413 258 1434 a
275 1406 363 1443 parte
378 1403 552 1443 posteriori.
577 1403 614 1433 Et
632 1403 783 1442 quoniam
800 1404 1011 1442 transumptio

240 1457 278 1487 ad
297 1456 541 1487 manifestandas
556 1456 761 1495 proprietates
776 1457 956 1496 spirituales
970 1456 1012 1486 la-

240 1512 340 1540 tentes
351 1509 433 1539 sumi
449 1509 540 1539 debet
556 1510 594 1546 ta)
610 1518 628 1538 a
642 1518 676 1539 re
686 1509 851 1539 manifesta
863 1521 870 1547 3
881 1509 955 1539 hine
966 1511 1012 1539 est

241 1563 325 1602 quod
341 1565 468 1602 propter
482 1562 665 1601 generalem
685 1562 883 1592 influentiam
909 1562 1012 1600 magis

241 1616 356 1645 dicitur
381 1615 520 1645 Christus
547 1617 657 1654 caput,
673 1623 771 1653 quam
795 1615 916 1644 dicatur
946 1623 1009 1644 cor.

241 1667 371 1707 Propter
389 1676 486 1706 quam
499 1667 593 1697 etiam
609 1667 799 1697 evidentiam
816 1667 929 1697 medici
945 1667 1012 1697 ‹lis-

241 1721 370 1751 cordant
384 1730 403 1750 a
417 1720 628 1750 naturalibus.
650 1719 764 1749 Dicunt
787 1720 874 1749 enim
890 1719 1011 1758 physici

241 1773 325 1813 quod
343 1773 534 1812 principium
559 1775 665 1802 motus
683 1775 712 1802 et
727 1782 838 1803 sensus
852 1774 897 1802 est
912 1772 945 1802 in
960 1781 1013 1802 ca-

242 1826 305 1864 pite
317 1849 324 1863 ,
342 1825 413 1855 licet
428 1825 589 1855 naturales
607 1825 661 1863 qui
677 1825 876 1855 considerant
893 1825 1012 1864 princi-

242 1878 293 1918 pia
322 1887 431 1908 rerum
461 1878 621 1915 intimius,
651 1878 756 1907 dicant
783 1878 865 1916 quod
896 1877 1012 1908 horum

243 1932 436 1971 principium
451 1934 498 1961 est
511 1940 563 1961 cor
581 1942 586 1960 :
606 1933 636 1961 et
651 1931 694 1960 sic
711 1933 795 1970 patet
808 1932 896 1962 illud.

281 1987 310 2015 2.
339 1985 386 2015 Ad
413 1985 491 2014 illud
516 1985 601 2023 quod
627 1984 791 2022 objicitur,
809 1985 893 2023 quod
919 1986 1013 2024 caput

242 2048 305 2069 non
320 2038 425 2068 inssuit
440 2038 499 2067 nisi
521 2038 554 2067 in
568 2038 658 2068 unita
670 2038 824 2076 membra,
842 2038 1012 2069 dicendum

241 2092 327 2131 quod
353 2091 454 2121 solum
479 2091 573 2121 habet
598 2091 761 2121 veritatem
785 2091 818 2121 in
837 2101 874 2122 eo
899 2092 1010 2131 capite,

241 2144 325 2183 quod
339 2144 432 2174 habet
447 2143 687 2174 determinatam
703 2144 887 2183 potentiam,
903 2147 933 2175 et
948 2154 1012 2175 non

241 2198 343 2236 potest
357 2197 414 2225 sibi
434 2197 577 2226 membra
593 2197 686 2226 unire
697 2221 704 2234 ,
725 2199 755 2227 et
769 2197 807 2227 de
823 2206 888 2228 non
908 2207 1010 2228 mem-

241 2250 298 2280 bro
311 2249 492 2280 membrum
509 2250 608 2280 facere
627 2260 632 2279 :
651 2252 680 2279 et
696 2250 764 2280 ideo
787 2250 848 2280 hoc
867 2259 931 2281 non
955 2251 1011 2281 ha-

242 2305 293 2335 bet
315 2305 420 2335 locum
445 2305 476 2334 in
497 2306 598 2344 eapite
621 2305 753 2342 Christo,
771 2306 827 2344 qui
848 2307 949 2345 potest
962 2316 1012 2336 se-

241 2358 380 2389 cundum
399 2358 541 2388 divinam
563 2360 712 2388 naturam
734 2359 772 2389 de
788 2368 851 2389 non
868 2359 1012 2389 membro

242 2412 422 2441 membrum
446 2412 561 2447 facere,
585 2413 615 2440 et
636 2412 809 2441 secundum
835 2412 1011 2442 humanam

241 2466 388 2494 naturam
406 2466 505 2503 potest
521 2464 588 2494 haec
604 2464 715 2493 mereri
740 2467 769 2493 et
785 2465 963 2503 impetrare,
981 2466 1011 2494 et

242 2518 284 2548 ita
297 2518 399 2557 primo
414 2527 543 2549 sensum
558 2519 589 2548 et
603 2520 726 2548 motum
740 2518 874 2549 influere
887 2521 917 2550 et
931 2528 1009 2550 con-

242 2571 351 2602 tinere.

271 2626 309 2660 Ι3.
334 2624 380 2654 Ad
405 2624 481 2654 illud
505 2625 590 2663 quod
611 2624 769 2664 objicitur,
795 2624 879 2662 quod
902 2627 1009 2665 angeli

787 167 1097 202 SENTENTIARUM
1119 168 1192 199 LlB.
1216 168 1270 198 111.

1065 244 1128 265 non
1143 237 1215 265 sunt
1231 235 1384 271 membra,
1400 236 1475 274 quia
1489 245 1554 266 non
1569 238 1641 266 sunt
1657 236 1832 266 conformes

1065 288 1097 317 in
1121 290 1254 324 natura,
1273 288 1441 318 (licendum
1456 289 1539 328 quod
1559 289 1614 318 etsi
1638 288 1744 327 augeli
1767 297 1832 318 non

1064 341 1198 370 debeant
1220 340 1281 370 diei
1300 341 1463 378 membra,
1492 343 1595 371 tamen
1625 340 1833 371 nihilominus

1065 393 1229 423 influentia
1251 395 1351 432 potest
1373 403 1438 423 esse
1457 403 1476 423 a
1498 394 1618 424 Christo
1647 394 1680 423 111
1703 393 1833 432 angelos

1065 454 1129 476 non
1144 446 1246 476 solum
1263 446 1439 476 secundum
1453 446 1594 476 divinam
1608 448 1766 484 naturam,
1783 455 1833 476 se-

1066 499 1207 529 eundum
1221 508 1318 538 quam
1332 501 1378 529 est
1391 501 1484 539 caput
1498 499 1656 536 omnium,
1672 500 1724 530 sed
1738 499 1833 530 etiam

1064 553 1239 583 secundum
1254 555 1401 583 naturam
1420 553 1606 590 humanam,
1624 562 1678 592 per
1692 553 1834 583 accidens

1066 608 1170 636 tamen
1181 630 1189 644 ,
1206 606 1283 645 quia
1300 606 1475 643 influendo,
1490 608 1521 636 et
1535 606 1717 636 redimendo
1732 615 1833 636 mem-

1065 659 1122 689 bra
1144 668 1221 696 sua,
1246 662 1369 698 reparat
1398 659 1539 689 Christus
1567 659 1696 689 ruinam
1710 659 1832 698 angeli-

1065 721 1145 742 cam.
1167 712 1298 749 Quando
1322 721 1400 751 ergo
1424 712 1549 750 dicitur,
1565 712 1651 751 quod
1667 712 1770 750 gratia
1783 720 1835 741 ca-

1066 765 1138 805 pitis
1164 775 1229 796 non
1251 766 1356 796 influit
1377 766 1435 796 nisi
1451 766 1484 795 in
1496 766 1664 803 membra·,
1680 765 1705 794 si
1719 764 1836 795 intelli-

1066 822 1184 857 gantur
1197 819 1340 849 membra
1354 819 1490 858 proprie,
1508 819 1551 848 sie
1564 827 1626 848 non
1642 818 1737 848 habet
1751 817 1836 849 veri—

1067 874 1162 902 tatem
1175 896 1184 910 ,
1210 872 1269 902 nisi
1297 874 1434 902 arctetur
1455 872 1619 902 influentia
1640 871 1678 901 ad
1698 871 1836 901 influen-

1066 925 1142 955 tiam
1160 925 1285 964 proprie
1300 925 1426 962 ‹lictam,
1448 925 1625 964 eujusmodi
1639 927 1684 955 est
1697 924 1836 955 influen-

1066 979 1109 1009 tia
1123 978 1236 1017 gratiae
1249 981 1280 1008 et
1293 978 1416 1017 gloriae.
1447 1001 1451 1004 ⁴

1106 1034 1136 1062 4.
1157 1031 1204 1062 Ad
1228 1031 1305 1062 illud
1328 1031 1412 1070 quod
1438 1030 1598 1070 objicitur,
1624 1030 1707 1070 quod
1731 1029 1837 1068 angeli

1067 1086 1169 1114 essent
1192 1085 1274 1114 beati
1287 1108 1294 1122 7
1314 1083 1436 1114 etiamsi
1457 1083 1597 1113 Christus
1611 1092 1675 1113 non
1691 1086 1770 1113 esset
1784 1082 1837 1112 in-

1067 1140 1232 1173 carnatus,
1262 1137 1431 1167 dicendum
1458 1136 1542 1175 quod
1564 1136 1621 1166 hoc
1647 1145 1712 1166 non
1739 1135 1835 1174 cogit,

1067 1192 1151 1230 quod
1167 1191 1308 1221 Christus
1323 1191 1411 1221 nullo
1432 1191 1525 1221 modo
1540 1191 1669 1228 inssuat3
1687 1190 1739 1220 sed
1752 1189 1837 1230 quod

1067 1252 1131 1274 non
1149 1244 1260 1273 influat
1284 1244 1424 1283 primum
1444 1245 1566 1273 motum
1583 1246 1613 1273 et
1627 1252 1766 1280 sensum,
1781 1242 1838 1282 qui

1067 1299 1141 1326 sunt
1154 1297 1332 1327 essentiales
1348 1297 1460 1335 gratiae
1477 1298 1506 1326 et
1520 1296 1642 1334 gloriae.
1659 1296 1774 1335 Aliquo
1789 1298 1838 1325 ta-

1067 1358 1141 1379 men
1154 1350 1247 1380 modo
1257 1352 1357 1389 potest
1366 1350 1499 1379 influere
1514 1349 1599 1388 quod
1617 1349 1689 1379 facit
1703 1349 1742 1379 ad
1756 1349 1837 1379 hene

1067 1402 1232 1438 esse,sicut
1247 1403 1336 1441 prius
1351 1404 1512 1432 ostensum
1529 1404 1586 1432 est.

1108 1457 1135 1484 5.
1152 1455 1380 1493 Adilludquod
1395 1455 1552 1494 objicitur,
1567 1455 1652 1494 quod
1667 1454 1744 1485 illud
1753 1454 1838 1494 quod

1067 1516 1131 1537 11011
1145 1507 1239 1537 habet
1255 1516 1332 1544 esse,
1347 1517 1411 1538 nou
1429 1510 1528 1547 potest
1542 1508 1677 1538 influere
1691 1508 1724 1537 in
1739 1507 1835 1543 aliud,

1067 1560 1235 1590 dicendum
1257 1560 1341 1599 quod
1362 1570 1476 1591 verum
1490 1563 1536 1590 est
1552 1561 1588 1591 de
1603 1560 1768 1591 influentia
1782 1569 1839 1600 per

1068 1613 1201 1643 modum
1215 1613 1359 1652 principii
1379 1613 1525 1643 effectivi.
1543 1613 1584 1643 De
1604 1613 1769 1644 influentia
1783 1622 1838 1644 au-

1068 1669 1131 1696 tem
1154 1675 1209 1705 per
1233 1667 1365 1696 modum
1390 1666 1494 1696 meriti
1515 1675 1579 1696 non
1604 1666 1699 1696 habet
1721 1666 1839 1697 verita-

1067 1721 1130 1749 tem
1145 1730 1150 1748 z
1169 1719 1285 1749 sufficit
1303 1719 1387 1749 enim
1409 1719 1494 1758 quod
1514 1719 1553 1748 sit
1568 1719 1601 1748 in
1616 1719 1676 1749 fide
1693 1721 1723 1749 et
1738 1719 1838 1749 dilec-

1068 1771 1152 1802 tione
1177 1771 1350 1809 credentis,
1376 1781 1411 1802 ae
1431 1781 1486 1811 per
1506 1772 1581 1809 hoc,
1598 1771 1675 1802 dum
1701 1772 1839 1803 creditur

1067 1827 1098 1855 et
1111 1827 1251 1863 amatur,
1269 1825 1308 1855 ab
1332 1825 1399 1864 ipso
1421 1825 1551 1855 credens
1566 1827 1596 1855 et
1610 1834 1722 1855 amans
1736 1825 1839 1856 vivifi-

1068 1880 1167 1915 cetur,
1191 1881 1232 1916 et,
1252 1878 1329 1908 dum
1355 1879 1449 1908 etiam
1474 1878 1688 1918 promittitur,
1710 1888 1751 1909 ex
1771 1879 1839 1918 ipsa

1067 1931 1275 1971 promissione
1291 1931 1399 1962 divina
1407 1931 1582 1962 severitatis
1592 1931 1680 1970 rigor
1689 1931 1840 1971 aliquate-

1068 1994 1129 2015 nus
1143 1985 1294 2024 placetur,
1309 1987 1345 2015 ut
1354 1985 1609 2015 benevolentiam
1616 1994 1708 2015 suam
1717 1985 1837 2016 reddat.

1108 2043 1137 2068 ti.
1162 2038 1208 2068 Ad
1225 2038 1303 2068 illud
1317 2039 1401 2078 quod
1421 2039 1584 2078 objicitur,
1610 2038 1693 2078 quod
1713 2040 1839 2079 tempus

1067 2092 1248 2131 praecedens
1261 2091 1387 2122 deberet
1397 2092 1456 2122 dici
1465 2094 1590 2131 tempus
1600 2091 1723 2130 gratiae,
1735 2091 1839 2122 dicen-

1068 2145 1145 2175 dum
1171 2144 1255 2184 quod
1280 2145 1313 2174 in
1344 2147 1484 2184 tempore
1517 2144 1704 2184 praecedenti
1735 2144 1838 2183 gratia

1068 2198 1181 2228 Christi
1204 2207 1268 2228 non
1292 2198 1408 2235 defuit;
1431 2200 1571 2229 attamen
1593 2207 1658 2229 non
1672 2197 1763 2228 (lebet
1776 2197 1836 2228 dici

1067 2254 1193 2291 tempus
1219 2251 1330 2290 gratiae
1345 2275 1352 2289 ,
1369 2252 1422 2282 sed
1446 2253 1559 2282 umbra
1583 2251 1664 2289 diei,
1682 2251 1758 2291 quia
1771 2260 1836 2282 non

1067 2309 1134 2337 erat
1158 2309 1244 2336 tanta
1267 2307 1478 2337 redundantia
1503 2307 1616 2345 gratiae
1630 2330 1638 2344 ,
1655 2316 1728 2346 quae
1748 2306 1835 2338 vela—-

1068 2368 1141 2389 men
1156 2360 1337 2397 figurarum
1347 2359 1514 2398 effugaret,
1530 2361 1560 2390 et
1573 2368 1654 2390 onus
1667 2359 1749 2398 legis
1763 2359 1836 2390 alle-

1068 2412 1177 2442 viaret.
1195 2411 1286 2442 Nunc
1300 2415 1419 2449 autem,
1438 2422 1511 2443 cum
1530 2413 1694 2443 manifesta
1714 2415 1760 2443 est
1776 2422 1835 2444 ve-

1067 2466 1141 2496 ritas
1153 2489 1160 2503 ,
1178 2469 1208 2495 et
1224 2475 1278 2505 per
1298 2476 1440 2497 amorem
1456 2467 1600 2497 alleviata
1612 2469 1687 2497 sunt
1701 2467 1835 2498 manda-

1066 2521 1107 2556 ta,
1129 2527 1203 2549 vere
1225 2519 1394 2549 dicendum
1413 2521 1458 2549 est
1474 2521 1598 2559 tempus
1611 2520 1723 2558 gratiae
1737 2519 1834 2551 adve-

1064 2571 1159 2603 nisse.
1178 2571 1265 2601 Unde
1273 2571 1412 2602 Christus
1418 2572 1589 2603 efficaciam
1597 2573 1709 2604 habuit
1722 2573 1755 2603 in
1767 2573 1817 2604 his
1824 2575 1832 2591 ¹

1097 2634 1104 2649 ¹
1117 2633 1204 2663 Marcu,
1216 2638 1251 2663 xi,
1262 2637 1314 2657 9.-
1327 2634 1357 2663 (α)
1369 2635 1439 2659 Edit.
1454 2635 1652 2660 Ven.uel›ent.—
1661 2635 1696 2667 (b)
1707 2636 1767 2661 Item
1777 2635 1832 2660 Dei.
