2017 2960
31 1109 117 1131 Divisio.

827 149 1016 181 DISTINCT.
1039 150 1089 180 Vl.
1683 154 1740 183 143

137 216 294 260 dignatus
307 221 365 250 est.
383 229 399 247 >³
418 217 500 249 Item
515 217 551 249 in
561 217 675 250 eodem
695 229 701 248 :
723 230 739 249 «
760 216 826 249 Nos
847 217 1013 250 Christum
1039 216 1219 250 Dominum
1244 228 1361 250 verum
1383 217 1552 250 hominem
1567 219 1744 261 suscepisse

135 274 308 314 credimus,
328 274 407 306 etin
425 274 496 318 ipso
513 274 690 307 visibiliter
706 275 906 307 invisibilem
922 275 1115 308 hominibus
1139 275 1340 320 apparuisse,
1358 276 1391 308 in
1409 276 1479 320 ipso
1496 276 1580 308 inter
1595 275 1744 313 homines

134 336 359 365 conversatum
373 332 484 373 fuisse,
501 333 534 365 in
550 333 620 377 ipso
635 333 675 365 ab
692 333 882 366 hominibus
898 333 1042 366 humana
1061 333 1242 378 pertulisse,
1255 333 1367 377 inipso
1384 333 1533 366 homines
1548 333 1706 366 docuisse.
1725 347 1739 363 ›>

133 390 278 422 Hilarius
289 401 421 434 quoque
437 390 471 422 in
487 391 612 424 decimo
629 391 712 424 libro
728 390 767 423 de
786 391 948 423 Trinitate
969 391 1013 424 ait
1029 393 1034 408 ¹
1055 404 1060 422 :
1084 406 1100 422 «
1129 391 1302 430 Quomodo
1330 391 1388 423 Dei
1410 391 1516 423 Filius
1532 395 1628 423 natus
1644 395 1743 423 estex

134 447 248 488 Maria,
266 447 328 480 nisi
350 448 439 492 quod
454 448 602 482 Verbum
625 460 698 481 caro
723 449 845 481 factum
865 453 923 490 est,
946 449 1067 481 scilicet
1089 449 1177 493 quod
1200 449 1304 481 Filius
1325 449 1394 490 Dei,
1412 461 1487 482 cnm
1513 449 1670 481 informa
1685 448 1744 481 Dei

134 509 226 546 esset,
239 505 378 538 formam
395 506 481 539 servi
496 506 619 550 accepit
630 509 644 538 Ὗ
663 506 772 539 Unum
789 511 896 539 tamen
919 506 1149 550 eumdemque,
1166 518 1232 540 non
1248 507 1306 539 Dei
1321 507 1512 549 defectione,
1530 507 1584 539 sed
1601 506 1744 539 hominis

132 563 354 608 assumptione
370 563 564 608 profitemur
583 576 589 596 :
607 564 687 596 etin
703 564 809 596 forma
833 564 893 596 Dei
914 569 1047 608 propter
1077 568 1229 596 naturam
1255 564 1415 604 divinam,
1433 569 1462 597 et
1482 565 1515 596 in
1538 565 1643 597 forma
1658 565 1744 596 servi

133 632 172 653 ex
187 621 395 665 conceptione
410 621 553 665 Spiritus
577 622 679 654 saneti
705 621 887 654 seeundum
914 622 1057 654 hominis
1078 622 1229 654 habitum
1254 626 1421 665 repertum
1443 621 1553 654 fuisse.
1582 622 1654 654 Non
1680 622 1743 655 fuit

132 679 264 712 habitus
290 679 346 712 ille
371 683 501 712 tantum
531 679 687 721 hominis,
713 680 768 712 sed
797 684 834 712 ut
860 679 1029 721 hominis3
1065 691 1172 724 neque
1202 690 1275 712 caro
1299 679 1357 711 illa
1382 690 1456 711 caro
1477 679 1610 723 peccati,
1630 680 1684 712 sed
1708 680 1743 712 in

133 737 352 770 similitudine
366 737 472 769 carnis
484 737 616 781 peccati.
638 751 653 769 »
673 737 821 770 Audistis
837 741 900 770 tres
915 738 1096 770 secundum
1121 737 1268 770 diversos
1288 737 1408 781 positas
1432 737 1622 777 sententias,
1639 741 1670 769 et
1683 748 1742 781 pro

133 794 273 838 singulis
287 794 423 827 inducta
437 795 636 829 testimonia.

334 934 540 966 EXPOSITIO
561 934 726 966 TEXTUS.

252 1020 287 1043 Ex
302 1019 439 1050 praemissis
452 1022 538 1044 autem
551 1021 660 1051 emergit
672 1021 787 1051 quoestio.

172 1097 277 1138 Supra
305 1099 527 1129 determinavit
561 1098 712 1137 Magister
743 1099 781 1129 de
814 1099 908 1130 niodo

133 1152 215 1183 illius
229 1152 502 1183 excellentissimae
526 1153 655 1183 unionis
676 1153 852 1183 secundum
869 1153 908 1182 fi-

131 1206 181 1237 dei
203 1206 427 1243 assertionem;
455 1206 490 1236 in
516 1206 576 1236 hac
601 1208 690 1245 parte
719 1206 908 1236 determinat

130 1258 306 1289 secundum
327 1258 452 1289 variam
474 1259 640 1289 doctorum
656 1258 852 1298 opinionem.
870 1258 908 1288 Et

87 1326 90 1328 ·
130 1312 284 1351 quoniam
308 1312 484 1342 secundum
507 1312 694 1343 varietatem
719 1312 907 1352 opinionum

130 1362 274 1394 variatur
298 1363 475 1394 intellectus
493 1363 693 1394 locutionum
716 1364 799 1393 circa
822 1363 907 1394 illius

131 1415 259 1446 unionis
286 1416 496 1456 mysteriuni;
526 1416 596 1447 ideo
624 1426 697 1456 pars
726 1417 785 1447 ista
812 1416 907 1447 hahet

130 1468 210 1498 duas
223 1472 342 1508 partes,
360 1470 394 1500 in
409 1479 548 1510 quarum
562 1471 665 1510 prima
681 1471 763 1501 circa
778 1471 907 1501 unionis

131 1522 319 1561 mysterium
334 1523 442 1563 plures
454 1524 592 1563 explicat
606 1523 785 1563 opiniones;
804 1525 837 1554 in
854 1534 907 1555 se-

131 1576 235 1606 cunda
248 1585 325 1607 vero
345 1577 480 1607 ostendit
496 1577 632 1616 qualiter
647 1577 824 1608 secundum
839 1577 908 1608 illas

127 1629 293 1668 opiniones
309 1630 514 1661 determinari
530 1630 849 1670 habeant-ambiguae
864 1631 908 1662 lo-

127 1683 288 1721 cutiones,
314 1683 439 1714 infra²z
467 1683 647 1721 Secundum
668 1685 808 1723 primam
834 1693 905 1716 vero

128 1735 250 1768 dicitur
273 1737 355 1768 Deus
380 1737 507 1776 factus,
529 1739 588 1767 etc.
608 1736 714 1767 Prima
735 1746 807 1776 pars
829 1737 907 1768 divi-

128 1790 213 1820 ditur
226 1789 261 1820 in
280 1790 359 1821 duas
374 1792 478 1830 partes
491 1814 499 1827 ,
515 1791 548 1821 in
563 1800 703 1830 quarum
719 1791 824 1830 prima
841 1791 906 1822 Ma-

127 1842 227 1882 gister
258 1844 407 1884 proponit
439 1845 610 1883 ambiguas
646 1845 842 1883 locutiones;
873 1846 907 1876 in

127 1897 268 1928 secunda
282 1907 358 1929 vero
380 1898 461 1928 circa
484 1897 618 1928 modum
639 1898 759 1928 diviuae
775 1899 906 1929 unionis

128 1950 264 1989 explicat
289 1950 428 1981 diversas
449 1951 631 1990 opiniones,
658 1951 720 1982 ibi:
746 1952 785 1983 In
809 1952 906 1992 hujus

126 2003 364 2042 profunditatis
386 2006 597 2043 reseratione,
619 2007 677 2035 etc.
704 2004 809 2035 Prima
833 2015 907 2045 pars

129 2060 272 2087 remanet
293 2057 429 2088 indivisa
443 2070 450 2096 ;
468 2058 521 2088 sed
537 2058 676 2088 secunda
691 2058 906 2089 subdividitur

129 2110 162 2140 in
180 2112 244 2141 tres
267 2113 371 2150 partes
388 2111 566 2141 secundum
586 2114 648 2141 tres
668 2111 852 2151 opiniones:
873 2112 907 2142 in

129 2164 233 2203 prima
247 2165 336 2204 ponit
350 2164 488 2204 primam
504 2165 687 2204 opinionem
699 2174 706 2202 3
720 2164 752 2194 in
768 2166 907 2196 secunda

129 2218 321 2256 secundam,
351 2218 394 2248 ibi
419 2229 425 2248 z
457 2218 543 2250 Sunt
570 2221 674 2249 autem
702 2222 731 2250 et
759 2218 821 2250 alit·
850 2221 907 2259 qm·

130 2270 222 2309 iscis,
237 2272 295 2301 etc.
318 2270 354 2301 ln
377 2271 469 2301 tertia
482 2280 559 2301 vero
574 2271 700 2301 tertiam
713 2295 721 2308 ‚
738 2272 780 2302 ibi
795 2284 800 2302 :
821 2272 846 2302 S
849 2276 906 2304 zmt

131 2326 236 2355 autem
251 2323 353 2356 etalii
367 2324 424 2364 qui
438 2325 697 2356 incarnacionem
716 2325 811 2357 Verbi
820 2350 829 2364 ,
846 2329 904 2357 etc.

133 2375 240 2408 Prima
256 2378 408 2409 dividitur
428 2378 463 2408 in
485 2378 580 2409 duas:
604 2379 636 2409 in
659 2379 764 2419 prima
786 2380 907 2420 opinio-

132 2438 206 2460 nem
225 2434 348 2470 narrat3
369 2432 403 2462 in
424 2432 564 2462 secunda
580 2433 763 2471 confirmat,
780 2433 844 2464 ibi:
864 2436 893 2465 E
895 2438 907 2466 t

132 2490 171 2514 ne
185 2482 224 2515 de
239 2492 295 2517 suo
309 2493 404 2516 sensu
418 2488 543 2516 tantum
559 2485 646 2525 loqui
658 2490 825 2526 putentur,
845 2491 903 2519 etc.

132 2535 283 2568 Similiter
312 2539 451 2570 secunda
478 2539 558 2570 duas
587 2542 692 2579 partes
721 2540 816 2572 habet
834 2553 840 2572 z
872 2542 907 2573 in

131 2590 237 2630 prima
259 2591 348 2631 ponit
367 2592 462 2623 aliam
484 2591 685 2632 opinionem3
713 2593 747 2624 in
766 2595 905 2626 secunda

166 2652 272 2684 *Μαι-Ἰ
286 2653 316 2678 de
327 2654 405 2684 Trin„
417 2655 462 2680 lih.
473 2656 506 2685 X,
519 2662 546 2680 11.
562 2656 601 2686 22,
618 2657 656 2680 25.
668 2669 696 2674 —
709 2657 719 2673 ²
730 2657 793 2681 nist.
808 2663 865 2682 viu.

966 936 1143 972 confirmat,
1159 936 1203 965 ihi
1220 945 1227 966 ε
1249 937 1292 967 De
1306 936 1361 968 hoc
1379 938 1592 977 Augustinus,
1613 940 1649 971 in
1663 940 1741 971 libro

968 988 1111 1021 Sentent.
1139 989 1298 1028 Prosperi.
1321 990 1473 1021 Similiter
1497 995 1528 1022 et
1551 993 1642 1022 tertia
1670 1002 1743 1033 pars

966 1042 1059 1073 hahet
1077 1043 1173 1074 duas:
1191 1043 1225 1073 in
1239 1044 1343 1083 prima
1359 1045 1447 1084 ponit
1466 1045 1661 1077 intellectum
1678 1049 1744 1077 ter-

966 1096 1018 1126 tiae
1033 1097 1231 1136 quaestionis3
1252 1097 1285 1126 in
1301 1098 1439 1128 secunda
1461 1100 1630 1130 confirmat
1648 1100 1744 1131 Sanc·

965 1151 1071 1179 torum
1096 1150 1302 1188 testimoniis,
1326 1151 1392 1181 ibi:
1424 1152 1469 1183 Nc
1498 1156 1604 1185 (tutem
1631 1158 1661 1186 et
1686 1155 1744 1186 ista·

966 1201 1004 1233 cle
1018 1211 1092 1240 suo,
1109 1205 1167 1233 etc.

1006 1255 1188 1286 Notandum
1217 1259 1263 1288 est
1289 1259 1397 1288 autem
1421 1258 1482 1289 hoc
1505 1259 1539 1289 in
1565 1260 1740 1300 principio,

965 1309 1048 1348 quod
1064 1310 1233 1350 explicatio
1247 1311 1360 1350 primae
1376 1312 1534 1351 opinionis
1554 1313 1588 1342 in
1603 1316 1742 1353 quatuor

965 1364 1108 1394 consistit
1131 1365 1292 1403 articulis,
1322 1367 1498 1397 secundum
1522 1368 1607 1407 quod
1634 1368 1741 1408 colligi

965 1419 1066 1456 potest
1077 1427 1116 1448 ex
1131 1419 1237 1449 verbis
1252 1419 1353 1459 ipsius
1363 1419 1517 1459 Magistri.
1533 1420 1642 1452 Primo
1653 1422 1740 1452 enim
1786 1440 1812 1451 ‚m

965 1471 1137 1510 ponebant,
1157 1472 1242 1512 quod
1256 1473 1290 1502 in
1305 1473 1374 1513 ipsa
1389 1474 1604 1505 incarnatione
1621 1476 1741 1507 consti-

964 1526 1053 1554 tutus
1075 1525 1136 1555 fuit
1159 1535 1243 1556 unus
1262 1525 1360 1557 homo
1382 1536 1422 1557 ex
1447 1527 1556 1558 anima
1578 1530 1607 1558 et
1630 1538 1740 1568 carne,

965 1577 1009 1607 ita
1025 1579 1130 1608 tamen
1148 1578 1233 1617 quod
1248 1578 1328 1609 nihil
1344 1579 1597 1611 constituebatur
1610 1582 1741 1613 tertium

965 1639 1004 1660 ex
1023 1630 1155 1661 homine
1174 1633 1204 1662 et
1228 1631 1309 1669 Deo3
1335 1633 1474 1663 secundo
1496 1643 1571 1664 vero
1597 1634 1742 1667 dicebant

964 1683 1129 1714 hominem
1144 1685 1236 1715 illum
1253 1689 1454 1726 assumptum
1469 1696 1488 1717 a
1506 1686 1628 1726 Verbo;
1648 1690 1742 1720 tertio

965 1746 1053 1774 vero,
1072 1738 1147 1777 quia
1166 1738 1247 1769 Deus
1262 1739 1370 1777 homo,
1388 1743 1417 1770 et
1433 1750 1449 1771 e
1466 1750 1638 1780 converso,
1655 1743 1740 1774 dice-

964 1789 1040 1821 bant
1053 1793 1267 1822 assumentem
1283 1792 1450 1831 praedicari
1463 1794 1501 1824 de
1517 1799 1691 1835 assumpto.
1704 1796 1741 1827 Et

963 1854 1004 1875 ex
1019 1845 1078 1875 hoc
1099 1847 1353 1886 consequebatur
1372 1850 1486 1887 quarta
1506 1850 1618 1888 positio
1630 1875 1637 1889 ,
1655 1854 1740 1891 quod

964 1898 1107 1930 Christus
1126 1903 1172 1930 est
1195 1900 1275 1931 duo:
1298 1910 1372 1931 cum
1391 1902 1475 1932 enim
1497 1903 1578 1934 alius
1592 1905 1631 1935 sit
1647 1914 1739 1936 assu—

964 1961 1066 1989 menS‚
1084 1955 1115 1983 et
1129 1954 1212 1984 alius
1231 1954 1269 1984 sit
1284 1958 1478 1995 assumptus,
1497 1959 1527 1987 et
1545 1958 1686 1989 Christus
1701 1960 1740 1989 sit

964 2006 1046 2037 Deus
1062 2016 1237 2044 assumens,
1255 2010 1285 2039 et
1299 2008 1396 2039 homo
1408 2013 1603 2050 assumptus,
1620 2021 1738 2052 suppo-

963 2060 1030 2090 sitis
1063 2061 1235 2100 praemissis
1268 2062 1445 2092 necessario
1468 2063 1587 2094 habent
1620 2074 1739 2105 ponere

963 2113 1048 2152 quod
1068 2113 1211 2144 Christus
1228 2114 1267 2144 sit
1282 2115 1357 2145 duo.
1374 2114 1413 2145 Et
1430 2115 1490 2146 hoc
1505 2120 1551 2147 est
1573 2117 1737 2156 ultimum,

962 2176 981 2197 a
1010 2176 1074 2206 quo
1103 2170 1346 2198 consummatur
1370 2171 1399 2199 et
1422 2169 1648 2202 denominatur
1680 2172 1738 2203 ista

962 2221 1087 2261 positio.
1103 2222 1254 2253 Similiter
1270 2223 1437 2262 explicatio
1453 2225 1601 2256 secundae
1617 2227 1738 2266 opinio-

961 2275 1011 2304 nis
1022 2276 1163 2306 consistit
1173 2276 1207 2306 in
1219 2279 1358 2315 quatuor
1368 2277 1520 2308 articulis.
1532 2278 1640 2310 Primo
1650 2281 1736 2311 euim

964 2327 1124 2367 dicebant,
1141 2329 1226 2369 quod
1241 2330 1275 2360 in
1293 2330 1510 2362 incarnatione
1531 2331 1597 2363 non
1612 2336 1736 2364 tantum

964 2384 1010 2412 est
1028 2391 1068 2412 ex
1089 2383 1198 2413 anima
1216 2385 1245 2413 et
1261 2392 1392 2423 corpore
1409 2385 1578 2416 constituta
1596 2396 1661 2417 una
1680 2397 1739 2418 na-

963 2436 1052 2472 tura⁷
1078 2436 1131 2466 sed
1154 2437 1250 2467 etiam
1273 2437 1422 2468 divinitas
1444 2441 1474 2468 et
1492 2439 1674 2470 humanitas
1699 2442 1739 2472 ad

964 2498 1063 2519 unam
1086 2493 1318 2521 concurrerunt
1347 2491 1604 2522 constituendam
1629 2503 1739 2533 perso-

963 2551 1055 2580 nam3
1076 2543 1119 2574 ita
1139 2543 1225 2584 quod
1243 2553 1379 2584 persona
1394 2544 1488 2575 Verbi
1503 2548 1577 2576 ante
1591 2546 1740 2579 incarna-

962 2596 1082 2627 tionem
1103 2596 1196 2628 Verbi
1211 2599 1279 2629 erat
1300 2597 1446 2638 simplem
1466 2597 1501 2629 in
1522 2598 1739 2634 incarnatione

966 2659 1040 2680 vero
1050 2650 1130 2681 facta
1143 2655 1189 2681 est
1199 2652 1383 2691 composita.
1396 2651 1542 2684 Secundo
1553 2663 1631 2685 vero
1642 2656 1738 2688 simul
