2017 2960
128 1793 159 1813 Ad
170 1799 219 1819 opp.

239 187 296 216 ⁴90

282 253 357 283 item
369 254 447 284 fides
462 255 539 284 nulli
556 255 693 287 assentit,
708 254 768 283 nisi
785 256 912 293 propter
926 263 1010 284 sum-

242 315 327 335 mam
343 307 506 337 veritatem
526 317 530 335 :
550 307 601 335 5611
617 315 742 336 summa
754 306 870 335 veritas
885 308 1010 336 tantum

241 368 306 388 uua
328 361 374 389 cst
391 367 398 387 :
418 368 495 397 ergo
518 359 596 388 ratio
618 358 761 388 credendi
788 360 833 388 est
854 367 919 388 una
936 370 942 388 :
960 359 1012 389 sed

240 411 368 441 babitus
388 412 615 441 diversificatur
634 411 811 441 secundum
834 411 967 441 sormam
984 414 1013 442 et

241 465 374 503 speciem
393 474 411 494 a
428 466 515 502 parte
532 464 662 493 rationis
676 464 816 500 motivze,
835 464 1012 495 6110161160-

242 517 315 547 tivoe
331 526 337 546 :
351 517 375 546 si
393 525 471 554 crgo
486 517 565 547 ratio
581 517 725 547 credendi
740 520 785 547 est
800 527 874 554 una,
887 527 1012 548 necesse

242 573 286 599 est
304 570 454 600 virtutem
470 569 559 607 fidei,
576 579 639 609 qua
654 570 808 608 creditur,
825 580 923 601 unam
946 581 1012 602 esse

239 624 340 663 specie
353 624 371 653 ¹.

283 678 359 708 Item
387 678 440 717 qui
464 678 561 708 credit
583 678 656 715 Deo,
678 687 741 708 non
760 678 923 717 Judicatur
946 688 1011 709 esse

246 731 358 768 fidelis,
374 732 433 761 nisi
450 732 551 762 credat
570 732 600 761 in
618 732 767 762 omnibus
780 732 919 762 articulis
934 744 940 762 :
959 733 1011 764 sed

240 784 312 814 fidei
340 784 377 822 (τί)
412 785 512 814 virtus
544 785 615 814 tacit
648 794 911 824 unumquemque
946 795 1012 816 esse

240 837 363 867 fidelem
383 848 388 867 :
406 847 483 875 ergo
501 847 563 867 non
581 841 626 868 est
648 847 724 868 vera
744 838 862 875 virtus,
879 839 938 868 nisi
956 848 1012 879 per

243 892 345 929 ipsam
369 891 477 920 omnia
509 891 670 921 credibilia
695 891 885 928 credantur,
913 895 943 922 et
978 893 1009 922 in

240 950 343 970 unum
358 940 549 980 colligantur
566 952 572 971 :
590 942 642 971 sed
662 951 727 971 non
743 942 967 981 colligerentur
978 943 1010 973 in

237 1003 340 1023 unum
365 995 516 1033 perfecte,
534 995 593 1024 nisi
609 995 685 1025 fides
701 996 779 1024 esset
799 995 901 1024 virtus
920 1004 985 1025 una
1002 1006 1008 1025 :

239 1055 316 1085 ergo
332 1056 456 1077 necesse
472 1050 517 1077 est
533 1048 618 1087 quod
639 1048 716 1078 fides
730 1056 795 1077 una
815 1047 854 1078 sit
868 1051 1010 1088 respectu

238 1100 381 1129 omnium
399 1100 607 1130 credibilium.

279 1152 357 1182 Item
385 1162 448 1183 non
474 1156 519 1183 est
544 1153 605 1183 alia
630 1153 805 1183 obedientia
835 1154 1011 1184 secundum

240 1206 387 1245 speciem=
405 1216 468 1244 qua
483 1206 629 1236 obeditur
644 1206 705 1236 Deo
721 1206 752 1235 in
769 1206 924 1236 mandatis
940 1207 1011 1246 pri-—

242 1268 302 1289 mae
335 1259 451 1289 tabulee
465 1283 473 1295 ,
503 1262 532 1288 61
566 1259 722 1288 mandatis
750 1260 895 1289 secundae
908 1284 915 1295 ‚
940 1260 1012 1290 Iicet

240 1312 388 1342 mandata
404 1313 515 1351 prima]
531 1311 646 1341 tabulae
665 1311 811 1341 ordinent
832 1312 870 1342 ad
893 1312 1008 1348 Deum,

239 1365 386 1395 mandata
410 1374 485 1395 vero
510 1364 656 1394 secunda}
679 1365 825 1394 ordinent
847 1365 885 1394 ad
903 1366 1010 1404 proxi-

240 1426 328 1447 mum
348 1428 354 1446 z
373 1426 452 1455 ergo
469 1417 535 1456 pari
552 1417 670 1447 ratione
688 1426 750 1447 non
766 1417 825 1447 erit
839 1417 899 1446 alia
916 1417 1008 1453 fides,

239 1479 302 1509 qua
329 1469 497 1499 assentitur
521 1469 632 1508 primae
659 1470 783 1500 veritati
812 1469 844 1499 in
872 1469 1011 1499 articulis

239 1523 478 1562 respicientibus
511 1523 727 1558 divinitatem,
752 1524 783 1552 et
808 1523 841 1552 iu
870 1523 1010 1553 articulis

237 1576 478 1615 respicientibus
493 1575 736 1605 humanitatem.
750 1575 787 1605 Et
801 1585 864 1605 non
878 1578 923 1605 est
937 1576 1010 1606 dare

237 1629 354 1669 aliquid
370 1629 454 1659 aliud
470 1629 645 1659 secundum
660 1629 743 1668 quod
759 1628 835 1658 fides
851 1628 1010 1668 plurifice—

237 1684 290 1711 tur
305 1684 335 1711 ct
356 1681 582 1712 diversificetur
601 1692 606 1710 :
625 1690 702 1720 crgo
722 1690 847 1711 necesse
871 1683 917 1711 est
937 1681 1009 1711 fidei

237 1735 389 1765 virtutem
404 1744 470 1766 esse
486 1744 585 1765 unam
598 1734 771 1765 secundum
788 1733 935 1773 speciem.

277 1786 337 1818 Sed
364 1791 473 1818 contra
499 1798 505 1817 z
533 1791 559 1818 1.
590 1787 723 1817 Habitus
755 1787 1009 1817 diversificantur

237 1851 292 1881 per
306 1844 393 1872 actus
404 1865 411 1879 ‚
428 1844 457 1871 et
472 1843 560 1872 actus
575 1850 630 1880 per
643 1841 766 1880 objecta
779 1840 789 1856 ¹
806 1851 812 1870 :
830 1840 883 1870 sed
901 1840 1009 1878 objec—

237 1896 305 1923 tum
321 1894 393 1924 fidei
411 1903 474 1923 non
491 1893 594 1923 solum
613 1896 659 1923 est
681 1902 794 1923 verum
813 1893 988 1922 increatum
1000 1917 1007 1930 ‚

238 1949 345 1986 utpote
378 1946 460 1986 quod
489 1946 571 1976 Deus
599 1946 638 1975 sit
661 1946 763 1975 trinus
786 1948 815 1975 et
837 1955 932 1983 unns,
956 1946 1008 1976 sed

238 2000 332 2030 etiam
350 2009 461 2029 verum
479 2001 632 2035 creatum,
650 2000 757 2038 utpote
772 1998 853 2037 quod
869 1998 1009 2028 Christus

237 2053 277 2083 511
291 2055 385 2083 natus
403 2055 433 2082 et
458 2061 579 2091 passus.
597 2051 629 2082 Si
652 2060 729 2090 ergo
749 2052 889 2081 creatum
912 2052 942 2081 et
960 2051 1010 2081 in-

241 2109 381 2136 creatum
401 2105 478 2135 nihil
500 2105 617 2135 habent
633 2113 815 2141 commune,
833 2104 897 2133 imo
919 2103 1008 2134 diffe-

240 2161 315 2189 runt
336 2158 541 2189 essentialiter
563 2160 593 2188 et
616 2157 801 2192 formaliter,
818 2166 943 2187 necesse
965 2159 1009 2187 est

238 2220 365 2251 ponere⁷
389 2211 472 2250 quod
497 2211 572 2240 fides
590 2219 654 2249 qua
674 2209 833 2239 credimus
856 2210 1008 2239 divinita·-

240 2268 316 2300 tem,
332 2266 362 2294 et
377 2264 453 2294 fides
466 2273 529 2302 qua
543 2263 699 2293 credimus
714 2263 956 2300 humanitatom,
972 2263 1010 2293 sit

239 2317 300 2347 alia
315 2319 345 2347 et
358 2317 418 2347 alia
433 2316 608 2346 secundum
623 2316 769 2355 speciem.

282 2372 311 2400 2.
330 2369 406 2399 Item
422 2369 503 2399 sicut
516 2369 662 2399 voluntas
683 2378 715 2399 se
729 2369 822 2399 habet
836 2368 875 2398 ad
898 2369 1008 2406 volita,

244 2424 273 2452 et
289 2422 418 2452 scicntia
440 2422 477 2452 ad
503 2421 621 2451 scibilia
634 2445 641 2459 ‚
657 2421 700 2451 sic
720 2430 752 2451 se
772 2421 866 2451 habet
880 2421 957 2452 fides
971 2421 1009 2451 ad

244 2474 405 2505 credibilia
428 2484 435 2505 ε
463 2474 516 2504 5611
540 2474 677 2504 scientiae
706 2474 958 2504 diversificantur
980 2476 1011 2504 et

276 2561 361 2585 luant:
375 2561 500 2585 rationem
512 2560 739 2591 quoexitdestruere
752 2560 855 2591 Scotus,
870 2560 927 2584 dist.
938 2565 1010 2590 XSVI,

242 2603 352 2627 arguens
366 2599 455 2620 contra
469 2597 495 2621 S.
517 2596 607 2622 Thom.
627 2598 756 2620 tenentem
775 2596 844 2627 quod
859 2596 921 2621 fides
934 2595 1012 2619 habet

273 2642 301 2671 (a)
319 2642 451 2666 ((61.61111.
467 2642 540 2666 fides.

793 186 1105 219 SENTENTIARUM
1126 187 1200 219 LlB.
1226 189 1277 220 tll.

1069 257 1280 286 numerantur
1306 258 1482 288 secundum
1510 259 1727 291 diversitatem
1746 261 1839 292 scibi-

1069 307 1151 337 lium
1169 319 1175 338 ι
1194 308 1320 339 videtur
1343 319 1420 349 ergo
1440 312 1561 343 ratione
1577 313 1733 343 consimili
1757 314 1839 353 quod

1070 360 1146 390 fides
1165 361 1368 393 diversificari
1385 363 1497 394 habeat
1515 366 1690 396 secundum
1706 366 1840 397 diversi-

1068 415 1164 444 tatem
1189 415 1387 445 credibilium
1405 427 1411 446 :
1430 419 1459 446 et
1480 417 1523 446 sic
1548 419 1628 449 redit
1649 419 1732 450 idem
1756 420 1840 459 quod

1068 473 1166 503 prius.

1110 519 1137 547 3.
1167 517 1244 548 Item
1273 519 1390 549 donum
1418 520 1596 559 sapientiae,
1622 524 1652 551 et
1680 522 1836 561 scientiae‚

1068 572 1142 600 sunt
1155 571 1280 601 diversa
1295 572 1396 602 dona:
1413 575 1443 603 et
1458 573 1518 603 hoc
1533 582 1598 603 non
1613 574 1652 603 ob
1666 574 1762 611 aliud,
1776 575 1837 606 nisi

1068 623 1143 662 quia
1159 633 1260 654 unum
1277 626 1322 654 est
1337 625 1374 655 de
1389 625 1533 663 aeternis,
1550 628 1581 656 et
1595 625 1680 656 aliud
1698 626 1736 657 de
1755 629 1834 657 tem-

1068 677 1239 716 poralibus.
1266 677 1297 708 Si
1323 687 1400 716 ergo
1424 678 1500 708 fides
1524 681 1569 709 est
1597 678 1635 708 de
1658 679 1724 708 istis
1747 681 1778 710 et
1799 680 1838 711 de

1068 729 1143 767 illis,
1160 729 1286 760 videtur
1303 731 1388 769 quod
1404 732 1434 760 et
1449 730 1516 769 ipsa
1537 731 1711 761 formaliter
1725 731 1838 764 habeat

1067 782 1281 813 diversificari.

1108 838 1136 866 4.
1156 836 1234 866 Item
1250 836 1345 866 timor
1361 838 1390 866 et
1406 845 1476 875 spes
1490 838 1563 866 sunt
1578 837 1758 868 affectiones
1772 837 1835 868 for-

1068 889 1190 919 maliter
1206 889 1402 926 differentes,
1420 891 1450 919 et
1466 890 1525 920 hoc
1538 890 1612 929 quia
1627 890 1721 920 timor
1739 893 1785 920 est
1799 890 1837 922 de

1066 942 1182 972 suturis
1200 942 1289 972 malis
1300 965 1307 979 ,
1324 952 1394 981 spes
1408 945 1515 972 autem
1531 943 1568 973 de
1581 944 1696 974 futuris
1718 944 1810 974 bonis
1827 955 1833 973 :

1067 995 1119 1024 sed
1144 995 1220 1024 fides
1242 1004 1306 1025 non
1329 997 1451 1025 tantum
1469 997 1515 1025 est
1535 996 1573 1026 de
1595 996 1711 1026 futuris
1734 997 1834 1034 bonis,

1068 1049 1175 1086 utpote
1191 1047 1227 1077 de
1242 1047 1344 1086 gloria
1358 1049 1494 1085 aeterna,
1511 1048 1565 1078 sed
1580 1048 1674 1078 etiam
1697 1048 1735 1079 de
1749 1049 1836 1079 futu-

1066 1101 1109 1130 ris
1124 1101 1215 1130 malis
1229 1125 1236 1137 ‚
1253 1103 1360 1140 utpote
1375 1101 1412 1131 de
1427 1101 1580 1141 supplicio
1600 1104 1719 1132 aeterno
1734 1112 1741 1132 t
1759 1111 1836 1141 ergo

1067 1153 1195 1183 videtur
1211 1153 1294 1193 quod
1312 1154 1389 1184 fides
1411 1153 1449 1184 de
1464 1154 1515 1184 his
1530 1156 1560 1184 et
1574 1154 1611 1184 de
1632 1154 1698 1184 istis
1722 1154 1837 1185 habeat

1066 1206 1240 1236 formaliter
1254 1206 1470 1237 diversificari.

1108 1261 1136 1288 ὅ.
1156 1258 1233 1288 Item
1258 1259 1345 1289 nulla
1370 1259 1469 1289 virtus
1484 1259 1579 1289 habet
1598 1259 1724 1298 plenam
1739 1260 1832 1291 ratio-

1066 1321 1139 1342 nem
1165 1312 1302 1348 virtutis,
1326 1312 1386 1341 nisi
1409 1321 1479 1342 eam
1504 1312 1731 1343 concomitetur
1753 1315 1836 1344 recta

1066 1366 1198 1396 intentio
1224 1367 1367 1404 respectu
1392 1365 1463 1394 finis
1489 1375 1496 1394 ι
1521 1365 1573 1395 sed
1600 1365 1677 1395 fides
1694 1368 1741 1396 est
1761 1375 1835 1405 quae

1066 1418 1174 1457 dirigit
1190 1418 1399 1448 intentionem
1417 1428 1422 1446 z
1441 1426 1519 1456 ergo
1540 1426 1665 1448 necesse
1687 1420 1733 1448 est
1751 1419 1834 1458 quod

1066 1472 1142 1501 fides
1157 1480 1267 1501 omnes
1291 1471 1424 1501 virtutes
1441 1471 1612 1501 circumeat
1626 1472 1782 1510 quantum
1797 1471 1836 1502 ad

1066 1534 1177 1555 earum
1202 1525 1280 1554 fines
1301 1535 1307 1553 z
1334 1532 1412 1562 ergo
1436 1523 1462 1553 51
1484 1524 1604 1561 virtus,
1630 1532 1702 1563 quae
1726 1533 1837 1555 omnes

1065 1578 1199 1607 virtutes
1214 1577 1334 1614 circuit,
1352 1585 1416 1607 uon
1431 1578 1477 1606 est
1494 1576 1595 1606 virtus
1610 1576 1766 1615 specialis,
1783 1577 1836 1608 sed

1067 1631 1168 1661 virtus
1190 1630 1348 1669 generalis
1369 1630 1406 1660 ad
1429 1639 1558 1667 omnes,
1578 1630 1702 1661 videtur
1722 1639 1763 1661 ex
1777 1630 1837 1661 hoc

1065 1693 1155 1724 posse
1170 1684 1275 1723 colligi
1293 1684 1387 1714 fidem
1403 1692 1468 1713 non
1483 1693 1549 1714 esse
1565 1684 1716 1714 virtutem
1739 1692 1835 1714 unam

1065 1737 1240 1768 secundum
1256 1737 1403 1776 speciem.

1338 1848 1560 1880 CONCLUSIO.

1065 1940 1141 1967 Fidcs
1157 1942 1192 1966 est
1213 1947 1268 1965 wia
1283 1940 1386 1970 virtus,
1404 1939 1465 1965 licet
1482 1940 1512 1964 in
1530 1938 1664 1965 credendis
1684 1938 1836 1972 differentia

1100 1985 1262 2018 reperiatur,
1279 1984 1344 2017 quia
1358 1991 1411 2009 ima
1437 1985 1472 2009 est
1487 1983 1559 2009 ratio
1574 1981 1695 2009 credendi
1708 1982 1738 2008 in
1752 1983 1837 2008 omni-

1102 2030 1161 2060 bus,
1177 2028 1300 2055 videlicet
1316 2029 1376 2062 ipsa
1391 2035 1493 2054 summa
1508 2028 1619 2053 veritas.

1105 2108 1197 2147 Resp.
1214 2107 1251 2137 ad
1274 2116 1344 2145 arg.
1362 2106 1535 2137 Dicendum
1555 2105 1640 2145 quod
1661 2105 1755 2143 fides,
1771 2105 1837 2136 sive

1065 2162 1099 2192 in
1115 2160 1243 2197 eodem,
1263 2159 1330 2189 sive
1350 2159 1383 2188 in
1404 2158 1555 2195 diversis,
1572 2167 1638 2188 una
1659 2160 1705 2188 est
1727 2166 1837 2188 secun-

1065 2214 1142 2244 dum
1159 2211 1310 2251 speciem,
1328 2219 1384 2250 pro
1406 2219 1443 2240 eo
1457 2209 1541 2248 quod
1557 2218 1622 2240 non
1637 2209 1789 2240 dividitur
1803 2209 1836 2239 in

1065 2265 1195 2306 species,
1223 2263 1372 2303 quamvis
1396 2264 1429 2292 111
1452 2262 1584 2293 diversis
1609 2261 1836 2292 diversificetur

1065 2317 1240 2349 secundum
1269 2324 1452 2346 numerum.
1479 2315 1516 2345 Et
1544 2315 1641 2353 hujus
1665 2313 1745 2344 ratio
1770 2315 1833 2350 651,

1065 2371 1216 2411 quoniam
1246 2369 1350 2399 unitas
1373 2367 1501 2398 virtutis
1525 2366 1698 2397 attenditur
1723 2375 1833 2396 secun-

1065 2425 1141 2455 dum
1160 2423 1314 2453 unitatem
1333 2423 1422 2451 actus
1442 2418 1635 2459 principalis.
1652 2418 1760 2448 Unitas
1774 2427 1834 2449 au-

1065 2479 1128 2507 tem
1151 2477 1240 2506 actus
1264 2472 1446 2513 principalis
1469 2471 1640 2502 attenditur
1659 2470 1835 2501 seeundum

1066 2529 1218 2560 unitatem
1242 2526 1354 2566 objecti
1377 2524 1483 2566 primi.
1502 2523 1541 2554 Et
1562 2523 1715 2564 quoniam
1730 2523 1834 2564 objec-

1066 2607 1163 2631 tantum
1183 2611 1262 2630 unum
1276 2603 1388 2635 primum
1409 2601 1537 2634 objectum
1561 2601 1682 2632 formale,
1706 2600 1775 2632 quod
1797 2601 1836 2625 eat

1067 2641 1146 2672 prima
1164 2640 1263 2664 veritas.
1279 2652 1307 2658 ψ
1322 2639 1332 2656 ⁸
1347 2638 1432 2668 Arist„
1445 2636 1473 2661 de
1486 2637 1587 2668 Anima,
1601 2635 1645 2660 lih.
1662 2637 1692 2668 u,
1707 2637 1776 2660 cont.
1795 2636 1832 2659 37.
