2017 2960
231 167 288 194 516

234 243 247 259 α
262 231 323 261 Etsi
339 231 406 261 sinc
421 231 554 270 prtemio
566 240 629 261 non
643 230 740 269 possit
757 228 880 265 serviri,
892 230 998 257 tamen

229 284 295 314 sinc
311 284 430 314 intuitu
445 283 566 323 praemii
583 282 693 312 serviri
709 281 809 311 (lebet.
827 292 840 308 »
857 280 892 310 lit
904 279 998 318 paulo

230 340 296 376 post
315 348 321 366 ;
345 336 549 367 «Sors-innius
568 336 625 364 Deo
644 335 675 363 in
692 334 853 370 charitate,
870 341 942 371 quae
957 332 999 361 ti-

230 401 351 422 moren]
368 391 513 430 expellit,
540 389 679 419 lahorem
702 397 766 417 non
790 387 893 424 sentit,
920 395 1000 426 pra}-

231 445 331 474 mium
349 453 412 474 uon
426 442 567 481 requirit,
583 441 733 471 meritum
745 441 995 471 nonintuetur.»

232 497 263 527 Si
289 506 367 533 vrgo
389 495 491 525 onmis
522 494 735 524 mercenarius
757 493 892 533 requirit
917 501 998 532 pra}a

232 550 351 585 mium,
376 550 405 578 θῖ
427 548 561 577 charitas
582 556 645 577 non
667 547 799 586 requirit
818 547 1000 586 praemium,

231 611 307 639 ergo
322 604 427 631 motus
443 600 605 630 charitatis
619 609 685 631 non
701 602 801 639 potest
825 609 890 629 esse
917 608 1001 629 mer-

231 654 387 685 cenariuS.

272 710 298 738 3.
331 707 406 737 ltcm
431 715 520 738 amor
539 706 699 736 charitatis
733 708 779 736 est
808 715 898 736 amor
928 714 1003 744 gra-

232 761 331 791 tuitus
349 771 355 791 ;
375 760 426 791 sed
442 760 632 798 gratuitum,
649 762 679 790 et
693 759 925 790 mercenarium
939 783 948 796 ,
964 768 1004 789 ex

233 813 375 853 opposito
400 813 604 850 dividuntur,
627 813 702 852 quia
724 813 808 852 quod
833 813 868 842 fit
892 812 1002 851 gratis,

233 876 297 897 non
326 867 361 896 sit
388 875 426 896 cx
452 866 668 896 mercimonia.
696 866 727 895 Si
757 875 834 904 ergo
859 865 1004 895 charitati

234 919 397 950 essentiale
420 921 465 949 cst
483 928 548 949 esse
569 919 759 957 gratuitum,
775 918 901 949 videtur
921 918 1005 957 quod

235 975 339 1003 motus
351 973 419 1011 ejus
435 973 464 1003 et
479 975 568 1002 actus
589 972 677 1003 nullo
704 971 797 1002 modo
823 971 919 1011 possit
940 980 1006 1002 csse

236 1026 462 1056 mercenarius.

277 1082 305 1110 4.
336 1079 412 1110 item
438 1080 533 1110 timor
556 1079 611 1118 qui
639 1079 854 1119 principaliter
877 1078 1007 1109 oculum

236 1132 330 1163 habet
345 1132 382 1163 ad
399 1140 537 1171 poenam,
555 1134 601 1162 θεῖ
618 1131 713 1162 timor
727 1131 862 1168 servilis,
878 1131 1008 1170 quinon

237 1188 281 1216 cst
297 1186 357 1216 lteo
372 1187 518 1225 acceptus
535 1195 542 1216 ι
560 1193 639 1224 ergo
655 1187 683 1216 ct
699 1185 765 1224 pari
781 1184 902 1214 ratione
919 1193 1009 1214 amor

237 1239 292 1278 qui
307 1238 401 1268 habet
415 1239 543 1268 oculum
567 1239 606 1269 ad
630 1238 814 1278 praemium,
830 1246 894 1268 non
910 1239 1011 1277 potest

239 1300 304 1322 esse
317 1291 519 1321 meritorius:
539 1291 592 1321 sed
612 1291 683 1322 talis
705 1292 750 1321 est
770 1290 1007 1321 mercenarius:

239 1344 342 1375 omnis
357 1346 463 1374 autem
478 1344 610 1375 affectus
633 1344 793 1374 charitatis
818 1346 863 1373 θεῖ
882 1343 1012 1374 merito-

239 1398 306 1428 rius
322 1407 328 1427 :
345 1406 422 1436 crgo
438 1397 546 1427 nullus
570 1398 671 1436 potest
695 1406 761 1427 esse
785 1396 1008 1427 mercenarius

514 1528 736 1560 CONCLUSIO.

241 1614 389 1641 eharitatis
410 1614 495 1638 motus
511 1612 546 1638 aa
560 1612 729 1646 temporalem
744 1612 884 1638 mercedem
900 1620 951 1638 non
965 1619 1014 1646 po-

274 1660 322 1684 tes!
337 1658 477 1691 respicere,
495 1657 540 1683 secl
555 1657 616 1683 benc
634 1656 669 1682 ml
683 1659 807 1683 oetcrnam
829 1657 907 1683 illam
928 1659 951 1682 et
971 1658 1015 1682 sn-

275 1704 406 1731 crcatam;
422 1709 466 1727 nec
478 1703 515 1727 cst
530 1701 666 1735 aliquibus
680 1708 836 1735 repugnans
848 1722 857 1732 ,
874 1704 905 1727 ut
919 1701 957 1727 sic
972 1700 1014 1726 ch·-

276 1748 353 1773 ratar
363 1747 548 1772 mercenarius,

284 1826 374 1865 llesp.
398 1825 436 1855 ad
463 1834 531 1863 arg.
566 1825 613 1855 Ad
643 1824 868 1864 praedictorum
901 1824 1015 1855 intelli-

245 1879 387 1918 gentiam
407 1880 451 1908 est
477 1878 653 1908 notandum
667 1901 674 1915 ,
695 1878 781 1916 quod
805 1878 1019 1908 mercenarius

245 1932 360 1962 dicitur
375 1931 438 1968 ille,
465 1931 519 1969 qui
541 1930 756 1969 principaliter
781 1930 873 1960 habet
889 1930 1018 1961 oculum

245 1985 283 2015 ad
310 1984 500 2015 mercedem.
531 1982 611 2013 Nam
633 1983 656 2012 si
686 1992 756 2014 eam
780 1983 932 2022 aspiceret
955 1993 1019 2014 non

243 2037 469 2078 principaliter,
487 2046 553 2067 non
575 2038 706 2076 propter
723 2037 782 2067 hoc
805 2037 1020 2067 mercenarius

135 2094 338 2150 d'uffio‘ss‘esssef·
365 2090 547 2121 Secundum
589 2089 649 2120 hoc
683 2089 925 2128 intelligendum
955 2092 1018 2128 θεῖ,

127 2159 233 2176 ctmvrtft:

249 2145 332 2184 quod
350 2144 467 2184 duplex
484 2146 529 2173 est
542 2152 677 2181 merces,
694 2143 839 2174 videlicet
863 2145 966 2174 creata
991 2146 1021 2175 et

142 2190 156 2232 ”1
169 2189 213 2231 imn's
248 2199 397 2234 increata,
412 2197 594 2236 temporalis
605 2199 636 2227 et
649 2199 775 2228 aeterna.
792 2197 829 2227 Et
844 2197 1019 2228 secundum

246 2252 305 2282 hoc
321 2254 365 2282 est
379 2251 497 2290 duplex
512 2250 738 2288 mercenarius,
750 2250 895 2280 videlicet
904 2250 1018 2288 bonus,

246 2308 276 2336 ct
292 2305 415 2335 malus:
433 2306 463 2335 et
478 2304 595 2343 duplex
616 2303 840 2340 mercimonia,
864 2312 929 2333 una
948 2303 1020 2333 lau-

246 2358 368 2396 dabilis,
385 2358 445 2389 alia
460 2356 690 2396 vituperabilis.
719 2355 799 2386 Nam
823 2356 877 2395 qui
900 2356 1020 2395 princi-

246 2412 357 2452 paliter
385 2411 511 2450 respicit
539 2410 577 2441 ad
607 2409 786 2440 mercedem
822 2411 960 2440 creatam
991 2412 1021 2440 et

246 2464 451 2504 temporalem
468 2486 476 2500 ,
508 2463 611 2493 malus
647 2463 862 2493 mercenarius
898 2465 959 2499 est;
991 2465 1021 2494 et

246 2518 333 2548 hunc
344 2517 503 2556 vituperat
517 2516 667 2547 Dominus
681 2516 807 2546 dicens¹
827 2526 833 2546 :
854 2516 1020 2548 Mercena-

248 2572 316 2601 rius
331 2574 437 2602 antem
451 2571 548 2608 fasne,
563 2571 642 2610 qnia
657 2571 870 2602 mercenarius
885 2572 940 2601 est.
968 2569 1021 2600 llle

281 2633 378 2662 Home,
394 2640 417 2662 x,
437 2635 471 2657 12.
484 2645 513 2650 —
526 2633 535 2648 ²
546 2632 616 2662 Gen„
628 2638 670 2663 xv,
684 2633 757 2656 t.-—³
768 2631 897 2659 Ambros,
914 2639 938 2654 m
953 2632 1020 2662 Luc„

799 157 1109 193 SENTENTIARUM
1132 158 1205 189 LlB.
1230 159 1283 190 ΙΙΙ.

1055 234 1141 263 vero,
1156 226 1210 265 qui
1227 226 1351 266 respicit
1366 227 1581 267 principaliter
1595 229 1634 260 ad
1648 231 1826 264 mercedem

1055 279 1218 317 aeternam,
1258 280 1296 310 de
1322 289 1387 319 qua
1415 280 1529 312 dicitur
1557 285 1568 301 ¹
1595 292 1602 313 :
1628 283 1744 316 Merces
1771 287 1828 318 tua

1056 341 1173 372 maana
1187 334 1309 368 m‘mz's;
1332 333 1436 364 honus
1456 336 1670 367 mercenarius
1694 339 1741 368 est
1765 348 1771 369 :
1797 340 1828 369 et

1056 386 1107 416 hic
1142 387 1359 417 mercenarius
1400 387 1536 426 panibus
1563 390 1704 422 abundat
1742 391 1826 430 fidei,

1057 439 1121 478 spei
1137 441 1167 470 et
1194 440 1366 477 charitatis,
1397 440 1477 471 sicut
1506 441 1580 472 dicit
1605 442 1793 476 Ambrosius
1817 447 1828 464 ⁸

1058 501 1153 531 super
1181 492 1258 523 illud
1290 503 1297 524 ε
1330 494 1449 528 Quanti
1473 497 1674 533 mercenarii,
1701 498 1760 528 etc.
1787 498 1830 529 De

1059 545 1161 585 prima
1188 546 1395 578 mercimonia
1423 547 1628 587 intelligendo
1645 573 1653 587 ,
1692 558 1758 581 non
1785 553 1832 581 est

1059 599 1205 637 dubium,
1222 599 1306 639 quod
1330 602 1437 631 motus
1458 600 1620 632 charitatis
1645 611 1703 633 nec
1731 605 1833 642 potest

1059 661 1126 683 esse
1150 654 1380 691 mercenarius;
1404 655 1479 694 quia
1500 655 1552 685 illa
1576 665 1633 686 nec
1654 657 1701 686 est
1721 666 1740 687 a
1761 657 1834 688 cha-

1060 706 1162 744 ritate,
1177 716 1234 737 nec
1250 716 1324 738 cum
1339 708 1507 746 charitate,
1524 717 1597 739 cum
1616 709 1761 740 charitati
1780 719 1829 740 re-

1060 762 1192 799 pugnet.
1225 760 1266 790 De
1293 762 1430 792 secunda
1464 762 1671 793 mercimonia
1699 763 1831 794 dubium

1061 815 1116 851 est,
1134 823 1191 853 pro
1207 822 1244 844 eo
1264 814 1348 853 quod
1372 814 1424 844 illa
1444 816 1545 854 potest
1569 824 1635 846 esse
1657 824 1732 847 cum
1755 815 1833 847 cha-

1061 866 1169 904 ritate3
1210 876 1275 897 non
1311 869 1416 897 tamen
1451 869 1496 898 cst
1530 868 1662 898 omnino
1699 870 1832 907 certum,

1062 921 1171 949 utrum
1187 919 1227 950 sit
1241 929 1259 950 a
1274 919 1435 950 charitate.
1465 919 1543 950 Nam
1567 921 1699 960 quidam
1726 922 1834 952 volue·
1849 922 1927 950 Opinio
1939 924 1958 943 ¹·

1062 975 1139 1003 runt
1160 973 1281 1010 dicere,
1308 973 1393 1012 quod
1416 982 1480 1003 non
1502 976 1548 1004 est
1568 983 1585 1004 a
1606 974 1768 1011 charitate,
1781 975 1836 1006 sed

1063 1025 1167 1065 potius
1182 1026 1222 1056 ab
1238 1026 1354 1057 affectu
1368 1029 1493 1057 naturae
1509 1026 1660 1057 charitate
1674 1028 1835 1059 concomi-

1063 1080 1159 1109 tante.
1176 1079 1276 1109 Amor
1288 1079 1373 1109 enim
1390 1079 1560 1117 charitatis,
1575 1082 1612 1110 ut
1624 1080 1743 1114 dicunt,
1764 1089 1838 1111 cum

1064 1135 1103 1164 sit
1117 1143 1207 1164 amor
1222 1135 1391 1173 gratuitus,
1410 1144 1474 1165 non
1490 1134 1632 1165 intuetur
1644 1135 1814 1175 praemium
1829 1146 1835 1167 :

1064 1188 1129 1218 imo
1152 1188 1322 1219 liberaliter
1347 1187 1480 1218 omnino
1505 1188 1578 1218 facit
1593 1188 1758 1219 hominem
1777 1197 1840 1220 ser-

1066 1241 1133 1271 vire
1146 1241 1219 1278 Deo,
1236 1241 1316 1272 sicut
1336 1241 1422 1271 filius
1442 1241 1522 1281 patri
1545 1250 1614 1272 suo.
1637 1241 1715 1272 Aliis
1733 1243 1841 1272 autem
1855 1244 1960 1272 Opinioe,

1066 1294 1208 1331 videtur,
1239 1294 1323 1333 quod
1353 1294 1421 1323 talis
1458 1294 1590 1325 affectus
1627 1295 1843 1326 mercenarius

1068 1347 1165 1386 possit
1193 1355 1260 1376 esse
1288 1356 1306 1376 a
1334 1346 1497 1376 charitate.
1526 1346 1720 1377 Desiderium
1758 1347 1843 1377 enim

1070 1399 1208 1430 habendi
1241 1401 1395 1430 aeternam
1432 1399 1626 1437 mercedem,
1663 1401 1694 1430 et
1719 1399 1844 1430 fruendi

1071 1451 1191 1483 aeterno
1206 1452 1309 1490 bono,
1334 1453 1380 1482 est
1410 1451 1600 1482 desiderium
1631 1452 1761 1491 gratiae3
1788 1461 1846 1484 nec

1070 1507 1116 1535 est
1130 1505 1247 1535 amoris
1262 1505 1433 1543 naturalis,
1457 1514 1515 1536 nec
1534 1505 1694 1545 acquisiti,
1719 1505 1772 1536 sed
1788 1514 1845 1545 po-

1070 1559 1134 1588 tius
1148 1558 1266 1588 amoris
1281 1558 1429 1596 gratuiti3
1447 1558 1605 1598 praecipue
1629 1557 1707 1588 illud
1730 1557 1846 1589 deside-

1071 1611 1166 1649 rium,
1181 1621 1245 1650 quo
1268 1610 1389 1641 dicebat
1403 1611 1572 1650 Apostolus
1589 1613 1599 1629 a
1630 1621 1637 1641 t
1662 1610 1761 1650 Cupio
1783 1611 1848 1643 dis-

1071 1665 1162 1701 solvi,
1179 1668 1206 1696 ec
1220 1673 1283 1696 esse
1298 1673 1369 1695 cum
1386 1664 1520 1696 Christo.
1538 1664 1584 1694 Ad
1598 1664 1745 1695 affectum
1761 1664 1847 1695 enim

1072 1717 1232 1748 charitatis
1246 1726 1311 1748 non
1327 1719 1453 1747 tautum
1479 1718 1597 1756 spectat
1620 1726 1727 1748 amare
1748 1717 1847 1747 Deum

1072 1780 1180 1801 amore
1201 1770 1362 1807 amicitiae3
1389 1770 1455 1800 imo
1483 1769 1578 1800 etiam
1600 1779 1708 1800 amore
1730 1778 1848 1800 concu-

1073 1823 1245 1863 piscentiae.
1262 1822 1338 1853 Frui
1355 1823 1442 1853 enim
1456 1826 1466 1841 ²
1483 1824 1529 1852 est
1543 1831 1651 1853 amore
1664 1822 1821 1853 inhaerere
1838 1833 1845 1854 ε

1073 1878 1104 1907 θῖ
1118 1878 1237 1906 constat
1249 1876 1333 1915 quod
1349 1876 1412 1906 frui
1426 1875 1487 1906 Deo
1502 1877 1548 1905 est
1562 1884 1619 1915 per
1634 1875 1819 1906 charitatem
1837 1886 1845 1907 ε

1074 1932 1104 1960 θῖ
1117 1929 1185 1960 ideo
1198 1929 1371 1960 voluerunt
1382 1929 1433 1959 isti
1449 1928 1562 1966 dicere,
1588 1931 1618 1958 ct
1639 1929 1714 1959 satis
1729 1929 1846 1968 proha-

1074 1983 1198 2021 biliter,
1225 1985 1259 2013 ut
1283 1983 1425 2020 videtur,
1449 1982 1535 2022 quod
1558 1984 1664 2012 motus
1688 1982 1850 2013 charitatis

1075 2036 1250 2068 secundum
1265 2036 1392 2075 aliquod
1410 2045 1514 2074 genus
1538 2035 1755 2066 mercimoniae
1781 2045 1850 2075 pos-

1076 2090 1113 2119 sit
1129 2099 1195 2120 esse
1209 2089 1433 2125 mercenarius,
1453 2089 1568 2119 scilicet
1578 2089 1753 2119 secundum
1764 2089 1849 2128 quod

1076 2142 1236 2173 constituit
1251 2142 1429 2173 mercedem
1444 2151 1535 2172 suam
1556 2142 1637 2172 circa
1662 2142 1783 2172 bonum
1800 2142 1850 2172 in-

1076 2198 1237 2234 creatum,
1262 2195 1300 2226 ad
1338 2195 1422 2235 quod
1454 2195 1554 2225 tendit
1581 2194 1661 2225 sicut
1687 2194 1726 2225 ad
1756 2193 1849 2224 finale

1076 2248 1258 2287 praeniium,
1276 2249 1307 2279 ct
1328 2247 1483 2279 desiderat
1504 2250 1656 2287 tanquam
1679 2256 1774 2277 omne
1796 2247 1850 2276 bo-

1076 2310 1166 2332 num.
1186 2300 1218 2332 Si
1243 2301 1328 2332 enim
1363 2301 1445 2331 hanc
1476 2300 1664 2341 positionem
1695 2299 1848 2330 sustinere

1077 2355 1212 2385 velimus
1226 2356 1378 2394 tanquam
1394 2353 1605 2393 prohabilem,
1622 2352 1696 2383 satis
1716 2352 1848 2383 faciliter

1076 2408 1293 2439 dissolvuntur
1307 2407 1455 2445 rationes,
1480 2415 1552 2446 quae
1574 2407 1648 2436 sunt
1667 2405 1705 2436 ad
1725 2405 1849 2445 opposi-

1076 2463 1140 2492 tam
1154 2463 1287 2500 partem.

1118 2517 1145 2545 1.
1162 2515 1209 2545 Ad
1237 2514 1312 2545 illud
1341 2513 1427 2544 enim
1447 2512 1532 2552 quod
1555 2512 1658 2552 primo
1684 2511 1844 2552 objicitur,

1077 2596 1120 2620 lib.
1134 2595 1188 2625 Vll,
1203 2602 1228 2618 u,
1242 2596 1294 2618 220.
1312 2594 1356 2610 -δ
1367 2592 1473 2623 Philip„
1489 2598 1507 2621 1,
1523 2594 1560 2617 23.
1573 2605 1603 2610 -
1618 2593 1626 2607 ⁵
1643 2593 1718 2624 Aug„
1733 2591 1762 2615 de
1776 2591 1846 2616 Doct.

1077 2631 1175 2661 christ„
1191 2630 1233 2654 lib.
1251 2630 1268 2659 1,
1285 2637 1306 2654 c.
1324 2635 1357 2659 Ν,
1372 2635 1398 2652 n.
1416 2630 1435 2653 4.
