2017 2960
24 1488 128 1508 Fundam.

638 182 733 214 DIST.
757 180 864 212 XVlIl.
888 179 978 210 ART.
1003 179 1041 209 11.
1066 177 1214 216 QUAEST.
1237 176 1260 207 I.

151 256 203 287 alii
218 257 316 287 sancti
333 255 516 286 habuerunt
535 251 704 293 praemium
719 246 925 280 substantiale

151 320 208 350 per
223 310 346 347 merita,
362 308 464 339 multo
474 306 587 338 fortius
601 304 728 336 videtur
742 302 778 333 de
791 300 923 332 Christo.

189 366 219 395 4.
258 363 335 394 Item
370 362 477 401 angeli
503 360 601 391 sancti
630 358 816 389 habuerunt
844 363 926 395 prae-

151 417 252 448 mium
287 415 492 447 substantiale
522 423 578 454 per
611 411 723 443 merita
747 409 924 441 secundum

149 480 351 502 communem
380 469 562 509 opinionem
581 466 728 498 omnium
751 475 758 495 z
785 463 838 494 sed
863 472 923 494 an-

151 524 215 563 geli
236 524 332 554 simul
356 523 541 554 habuerunt
564 520 702 560 gratiam
723 520 753 548 et
774 517 922 556 gloriam,

148 577 230 607 sicut
245 577 276 606 in
292 576 430 607 secundo
444 575 544 606 libro¹
562 576 722 604 ostensum
745 570 803 600 fuit
821 580 827 599 z
845 577 923 607 ergo

147 630 172 660 si
186 639 251 661 non
267 630 325 660 fuit
345 629 478 661 minoris
492 627 638 659 efficaciae
653 624 756 664 gratia
777 624 809 654 in
831 623 923 654 Chri-

146 686 205 719 sto.
222 693 320 723 quam
335 683 368 713 in
383 681 521 721 angelis,
538 680 665 711 videtur
682 678 766 718 quod
782 677 924 708 Christus

146 737 350 768 substantiale
377 735 547 776 praemium
578 732 750 769 meruerit,
774 729 924 770 quamvis

146 791 298 821 meritum
318 789 494 820 secundum
514 789 640 826 tempus
660 784 831 825 praemium
858 791 921 813 non

145 842 349 882 praecesserIt.

186 895 275 932 Item,
292 904 366 925 cum
389 894 471 924 Deus
493 892 615 923 inducit
629 891 768 930 aliquam
785 889 921 919 sormam

145 948 250 979 subito
264 973 271 987 ,
287 957 385 988 quam
402 949 546 978 creatura
561 944 696 984 acquirit
717 952 773 983 per
796 950 921 973 succes-

144 1001 288 1039 sionem,
305 1001 384 1031 nihil
407 999 524 1031 omittit
546 998 629 1029 Deus
652 997 690 1028 de
712 996 774 1027 illis
789 994 921 1035 disposi-

144 1054 286 1085 tionibus
299 1079 306 1093 ,
323 1063 403 1094 quas
425 1054 541 1084 natura
563 1051 779 1082 introduceret
794 1057 921 1080 succes-

144 1109 221 1146 sive;
248 1108 333 1148 quod
348 1109 448 1148 patet,
465 1107 490 1137 si
507 1106 588 1137 Deus
603 1104 708 1135 subito
723 1104 761 1134 de
775 1112 859 1143 aqua
874 1102 919 1132 fa-

144 1165 229 1192 ceret
243 1162 364 1201 ignem,
376 1160 589 1191 introduceret
600 1158 632 1188 in
649 1157 814 1188 materiam
827 1165 920 1196 aquae

145 1214 319 1253 raritatem,
336 1216 366 1245 et
380 1213 563 1249 siccitatem,
575 1213 606 1242 et
620 1211 828 1242 caliditatem:
842 1219 920 1249 ergo

145 1267 170 1298 si
194 1270 339 1299 creatura
359 1269 433 1298 nata
447 1268 493 1297 est
507 1265 676 1306 pervenire
693 1264 732 1294 ad
748 1264 919 1304 praemium

145 1322 258 1361 gloriae
272 1330 328 1362 per
341 1321 454 1352 merita
469 1320 595 1360 gratiae,
615 1319 741 1349 videtur
756 1318 840 1358 quod
857 1326 921 1348 nie-

144 1375 205 1406 rita
224 1376 354 1406 fuerunt
376 1375 409 1405 in
428 1374 561 1412 Christo,
578 1372 726 1413 quamvis
740 1372 843 1412 gloria
858 1371 919 1401 sibi

145 1428 255 1459 collata
271 1428 367 1459 suerit
382 1438 400 1459 a
416 1437 482 1458 suae
498 1426 710 1466 conceptionis
731 1425 918 1465 primordio.

185 1482 245 1513 Sed
271 1485 380 1513 contra
403 1493 410 1513 ι
433 1481 655 1520 Augustinus,
672 1479 739 1510 XIII
757 1479 794 1510 tle
816 1479 921 1510 Trini-

145 1539 208 1568 lale
219 1536 229 1552 ¹
245 1545 255 1565 :
275 1547 288 1565 α
303 1535 338 1566 In
354 1535 451 1566 rebus
464 1543 520 1574 per
535 1536 662 1573 tempus
677 1533 753 1563 ortis
768 1532 820 1562 illa
835 1541 920 1562 sum-

144 1598 197 1619 ma
212 1589 317 1628 gratia
333 1591 390 1627 est,
407 1597 470 1628 qua
482 1588 581 1618 homo
595 1587 628 1617 in
641 1586 760 1617 unitate
776 1594 920 1625 persona}

144 1643 214 1682 conj
220 1644 334 1673 unctus
357 1644 402 1673 est
418 1641 490 1672 Deo.
500 1652 514 1669 >³
521 1640 559 1671 Et
573 1640 607 1671 in
621 1639 816 1671 Εηοήῑγῐαῑο
826 1641 835 1658 ³
846 1639 920 1670 dicit

143 1695 228 1735 quod
260 1706 274 1725 α
299 1695 395 1726 nullis
425 1693 678 1735 praecedentibus
712 1692 832 1723 meritis
868 1692 920 1722 ille

144 1750 240 1780 homo
255 1749 420 1789 copulatus
435 1750 481 1779 est
497 1748 570 1779 Deo.
587 1758 602 1775 »
618 1747 677 1778 Sed
692 1746 747 1777 illa
761 1747 920 1787 copulatio

144 1813 208 1835 non
230 1803 335 1843 potuit
357 1812 424 1833 esse
446 1802 514 1833 sine
538 1801 591 1832 Dei
606 1801 769 1838 fruitione,
785 1810 859 1841 quae
875 1802 921 1831 est

145 1857 314 1897 praemium
338 1855 544 1887 substantiale
569 1865 575 1885 ε
599 1863 679 1893 ergo
700 1863 766 1884 non
795 1854 921 1885 videtur

146 1910 230 1950 quod
255 1909 426 1950 praemium
448 1907 655 1939 substantiale
669 1907 816 1938 habuerit
831 1906 920 1938 Chri-

146 1965 214 1994 stus
228 1972 284 2003 per
298 1962 428 2003 aliquod
443 1962 606 1992 meritum.

189 2016 268 2047 Item
282 2015 483 2055 Augustinus
493 2017 503 2034 ⁸
516 2015 550 2045 in
564 2015 594 2045 E
595 2013 757 2046 nclziv'iclio
774 2025 785 2045 .·
803 2013 922 2044 «Facta

148 2073 194 2101 est
209 2069 348 2110 quodam
363 2069 458 2100 modo
473 2068 576 2108 gratia
590 2068 658 2108 ipsa
671 2067 718 2098 illi
732 2067 857 2098 homini
867 2076 922 2098 na·

149 2124 272 2161 taralis,
288 2133 352 2164 qua
367 2122 494 2153 nullum
509 2124 612 2162 posset
627 2122 792 2152 admittere
810 2130 922 2161 pecca-

148 2179 229 2208 tum.
246 2188 260 2205 ›>
276 2177 335 2208 Sed
348 2176 419 2207 talis
433 2177 480 2207 est
493 2175 595 2215 gratia
606 2176 836 2210 consummata,
849 2183 922 2213 quae

149 2240 215 2262 non
229 2233 275 2261 est
290 2230 375 2261 aliud
399 2238 497 2270 quam
520 2228 640 2268 gloria,
665 2229 733 2259 sive
749 2228 921 2268 praemium

151 2283 358 2315 substantiale
382 2292 391 2313 ι
412 2291 490 2322 ergo
518 2282 688 2322 praemium
715 2280 922 2312 substantiale

150 2337 212 2368 fuit
226 2337 346 2368 Christo
361 2336 500 2376 quodam
513 2336 608 2366 modo
622 2335 766 2366 naturale
782 2346 789 2366 z
806 2335 859 2366 sed
876 2334 922 2365 ni-

151 2390 195 2420 hil
209 2391 270 2421 tale
284 2390 461 2431 acquiritur
475 2398 531 2430 per
545 2389 678 2420 merita:
696 2398 787 2428 ergo,
802 2391 860 2419 etc.

189 2442 268 2473 Item
291 2444 442 2474 meritum
464 2442 653 2473 naturaliter
669 2442 825 2473 antecedit
839 2450 922 2482 prae-

148 2496 252 2527 mium
266 2506 274 2534 ;
289 2505 378 2534 usuS,
392 2496 444 2528 vel
458 2498 548 2527 actus
565 2495 694 2527 virtutis
707 2519 716 2534 ,
732 2496 922 2526 naturaliter

147 2549 292 2590 sequitur
305 2549 450 2580 habitum
467 2559 475 2580 ε
491 2557 565 2580 cum
578 2557 657 2589 ergo
670 2548 798 2580 habitus
808 2548 922 2589 gratiae

182 2625 187 2640 ¹
202 2624 311 2653 Disl..1v‚
322 2625 369 2647 art.
383 2625 401 2646 1.
413 2623 461 2640 —¹
471 2622 582 2654 Aug.‚tle
594 2623 671 2652 Tria,
682 2622 724 2647 lib.
744 2623 810 2653 Xlll,
831 2630 852 2646 c.
867 2628 921 2652 ΜΚ,

183 2667 214 2695 (α)
230 2667 289 2689 Γωι.
301 2665 353 2688 edit
372 2671 437 2696 quae.
448 2677 478 2682 —
488 2663 554 2695 (min
564 2664 700 2696 praemium
714 2665 810 2690 habuit.

1698 173 1756 202 ³95

985 256 1016 286 et
1039 254 1152 294 gloriae
1171 253 1267 284 simul
1292 252 1387 283 fuerit
1409 251 1443 282 in
1459 250 1602 288 Christo,
1630 249 1756 280 videtur

982 308 1067 348 quod
1097 306 1212 338 merita
1245 306 1416 336 subsecuta
1453 304 1517 334 siut
1550 302 1757 334 substantiale

982 361 1153 401 praemium
1177 371 1183 390 z
1204 368 1282 399 ergo
1297 368 1361 389 non
1381 358 1571 389 ordinantur
1586 357 1619 387 in
1635 356 1758 387 Christo

981 413 1019 444 ad
1035 413 1242 443 substantiale
1261 412 1434 452 praemium
1453 410 1714 451 promerendum.

1022 466 1111 502 Item,
1140 466 1303 505 dispositio
1326 464 1479 495 naturalis
1500 463 1657 493 antecedit
1677 461 1757 492 illud

980 519 1020 550 ad
1041 519 1127 558 quod
1150 518 1288 558 disponit
1311 528 1317 548 z
1340 518 1394 548 sed
1418 517 1615 548 deiformitas
1643 515 1756 555 gloriae

980 573 1164 612 disponebat
1188 572 1330 602 animam
1353 571 1464 601 Christi
1486 570 1525 601 ad
1541 570 1694 600 unionem
1708 569 1758 599 di-

980 626 1132 664 vinitatis,
1162 624 1367 665 dispositione
1381 648 1389 661 ,
1406 624 1556 663 inquam,
1571 623 1757 662 congruita-

980 679 1018 709 tis
1035 689 1041 709 :
1060 688 1139 718 ergo
1161 678 1355 709 deiformitas
1379 676 1492 716 gloriae
1511 676 1545 707 in
1561 675 1682 707 Christo
1698 685 1755 706 na-

979 733 1124 764 turaliter
1151 731 1348 772 praecedebat
1373 731 1527 762 uni0nem
1545 730 1754 770 personalem,

979 787 1128 826 quamvis
1143 785 1239 817 simul
1253 787 1333 815 esset
1347 787 1489 824 tempore
1506 794 1512 814 :
1526 783 1579 814 sed
1595 783 1672 814 unio
1688 791 1753 822 per-

978 841 1097 871 sonalis
1125 839 1315 871 naturaliter
1340 839 1374 869 in
1396 838 1518 869 Christo
1552 837 1757 869 antecedebat

979 895 1151 932 meritum,
1169 895 1200 924 et
1217 893 1309 923 liberi
1340 891 1460 922 arbitrii
1483 900 1578 922 usum
1596 901 1602 921 :
1620 899 1698 929 ergo
1722 889 1756 922 in

979 945 1103 977 Christo
1139 945 1254 976 merita
1293 944 1510 984 sequebantur
1548 942 1756 973 substantiale

977 1000 1147 1040 praemium
1158 999 1334 1030 secundum
1350 997 1497 1029 ordinem
1507 999 1634 1028 naturae
1652 1007 1659 1027 ι
1674 996 1756 1027 redit

978 1062 1056 1092 ergo
1074 1053 1158 1084 idem
1175 1052 1261 1092 quod
1278 1052 1378 1092 prius.

1018 1106 1097 1137 Item
1114 1106 1264 1137 meritum
1280 1104 1406 1145 praemii
1419 1103 1637 1135 substantialis
1653 1103 1754 1144 potis-

976 1160 1055 1191 sime
1077 1160 1216 1191 consistit
1239 1159 1272 1189 in
1295 1160 1366 1189 actu
1390 1160 1421 1188 et
1446 1157 1561 1188 affectu
1578 1157 1752 1195 charitatis,

975 1215 1153 1246 secundum
1177 1223 1274 1254 quem
1292 1213 1329 1253 (α’)
1348 1213 1457 1243 anima
1478 1213 1575 1243 habet
1598 1213 1631 1242 in
1653 1212 1754 1243 Deum

976 1269 1120 1300 moveri:
1137 1268 1190 1299 sed
1203 1267 1379 1298 secundum
1394 1266 1485 1297 illum
1501 1266 1652 1296 affectum
1669 1265 1755 1296 Chri-

975 1325 1043 1353 stus
1064 1332 1129 1353 non
1153 1324 1219 1352 erat
1241 1321 1274 1351 in
1290 1322 1375 1351 statu
1396 1319 1539 1358 viatoris,
1556 1319 1609 1350 sed
1624 1319 1658 1349 in
1670 1320 1755 1349 statu

975 1375 1261 1415 comprehensoris.
1287 1374 1319 1406 Si
1345 1383 1423 1413 ergo
1445 1382 1510 1404 non
1525 1372 1754 1403 merebaturin

975 1432 1133 1469 quantum
1158 1428 1422 1468 comprehensor,
1453 1427 1507 1457 sed
1537 1427 1570 1457 in
1595 1428 1754 1466 quantum

976 1482 1096 1519 viator,
1128 1490 1193 1512 non
1228 1481 1412 1512 merebatur
1448 1480 1625 1512 secundum
1662 1479 1754 1511 illum

975 1535 1125 1565 affectum
1150 1534 1332 1572 charitatis,
1357 1534 1391 1564 in
1411 1543 1476 1573 quo
1499 1533 1642 1564 consistit
1658 1532 1753 1563 meri-

977 1592 1045 1619 tum
1059 1588 1182 1628 praemii
1192 1587 1424 1618 substantialis:
1441 1596 1519 1625 ergo
1535 1587 1661 1617 videtur
1670 1586 1754 1626 quod

975 1641 1180 1673 substantiale
1196 1641 1369 1681 praemium
1384 1649 1450 1671 non
1467 1639 1631 1671 meruerit.

1245 1729 1473 1762 CONCLUSIO.

975 1808 1111 1841 Christus,
1128 1808 1239 1842 proprie
1262 1806 1407 1841 loquendo,
1429 1813 1482 1833 non
1496 1807 1595 1832 meruit
1612 1805 1666 1832 sibi
1682 1813 1753 1840 proe-

1010 1854 1093 1879 vniam
1104 1852 1296 1884 substantiale,
1306 1853 1372 1886 quia
1382 1852 1476 1878 anima
1488 1850 1589 1877 Christi
1598 1857 1649 1876 non
1659 1851 1754 1883 fuisset

1011 1899 1048 1926 ad
1061 1901 1186 1926 unionem
1199 1898 1304 1930 idonea,
1318 1899 1371 1925 uisi
1385 1899 1481 1931 fnisset
1496 1897 1660 1927 beatissima,
1673 1899 1753 1931 atque

1011 1947 1053 1972 ita
1066 1947 1209 1981 praemizmz
1226 1945 1360 1972 habuisset
1380 1943 1414 1979 (b)
1432 1946 1494 1970 ante
1509 1944 1643 1970 meritum.

1016 2013 1109 2054 Resp.
1132 2013 1171 2044 ad
1192 2022 1263 2053 arg.
1278 2012 1454 2044 Dicendum
1468 2012 1552 2052 quod
1568 2010 1750 2042 communi-

976 2070 1024 2099 ter
1037 2077 1103 2098 non
1117 2067 1301 2098 conceditur
1313 2089 1321 2103 ,
1343 2065 1429 2106 quod
1451 2065 1593 2096 Christus
1607 2065 1667 2095 sibi
1682 2073 1749 2095 me-

975 2121 1042 2152 ruit
1063 2119 1270 2151 substantiale
1290 2118 1461 2159 praemium
1484 2130 1490 2150 :
1514 2120 1544 2150 et
1567 2119 1628 2149 hoc
1646 2118 1752 2148 innuit

978 2175 1126 2215 Magister
1141 2174 1176 2204 in
1190 2173 1294 2204 littera
1307 2172 1383 2203 satis
1404 2181 1563 2212 expresse.
1589 2171 1678 2202 Ratio
1693 2180 1751 2201 au·

977 2231 1041 2260 tem
1056 2229 1156 2267 hujus
1170 2229 1217 2258 est
1231 2236 1239 2257 ;
1255 2235 1332 2256 nam
1357 2225 1509 2256 meritum
1533 2225 1607 2256 dicit
1621 2225 1752 2255 ordina-

978 2282 1097 2312 tionem
1127 2281 1166 2312 ad
1192 2279 1364 2320 praemium
1381 2303 1389 2317 ,
1421 2279 1504 2309 sicut
1526 2277 1690 2317 dispositio
1712 2276 1751 2307 ad

977 2334 1268 2374 complementum,
1300 2333 1381 2363 sicut
1405 2332 1458 2363 via
1481 2332 1517 2363 ad
1547 2330 1721 2362 terminum
1741 2340 1748 2360 ι

977 2390 1008 2419 et
1022 2387 1092 2418 ideo
1106 2396 1232 2418 necesse
1244 2388 1291 2417 est
1306 2386 1458 2416 meritum
1472 2384 1652 2425 praecedere
1667 2391 1752 2423 prae-

978 2441 1082 2472 mlum
1109 2440 1160 2471 vel
1192 2442 1355 2478 tempore,
1383 2438 1435 2469 vel
1462 2437 1638 2468 seeundum
1666 2435 1752 2467 ordi-

977 2503 1052 2525 nem
1074 2495 1209 2525 naturae.
1225 2491 1345 2523 Neutro
1360 2493 1470 2522 autem
1484 2490 1578 2521 modo
1593 2488 1705 2520 debuit
1716 2488 1750 2519 in

978 2547 1100 2580 Christo
1127 2546 1305 2587 praecedere
1320 2545 1352 2583 ⁸,
1379 2553 1439 2576 nec
1467 2542 1647 2584 praecessit,
1672 2550 1750 2582 pro-

978 2637 1002 2653 u.
1023 2628 1122 2653 24.—²
1139 2627 1251 2655 Enchz'r„
1267 2633 1289 2650 c.
1307 2632 1353 2655 ιι,
1373 2632 1398 2648 n.
1419 2626 1454 2648 ¹2.
1472 2636 1503 2641 —-
1517 2623 1527 2639 ‘
1542 2622 1603 2646 Ibicl.
1619 2636 1633 2639 -
1657 2623 1666 2637 ⁴
1681 2622 1750 2647 idem

990 2665 1051 2690 eutii
1067 2665 1158 2689 Scotus
1174 2663 1215 2687 hic
1232 2664 1321 2694 quaest.
1335 2661 1414 2689 unic„
1430 2659 1465 2684 ibi
1480 2666 1486 2682 ε
1502 2659 1552 2684 Hoc
1564 2659 1625 2683 viso.
