2017 2960
106 1775 209 1796 Fundam.

214 259 268 286 104

211 325 334 352 naun-az
348 325 534 361 assumptae3
548 324 575 351 et
588 325 633 351 est
647 321 791 360 quaestio,
805 322 913 350 utrum
930 319 982 348 illa

212 376 316 414 gratia
332 377 432 405 teneat
450 376 604 405 rationein
627 373 827 413 proprietatis
854 376 982 402 natura-

213 428 266 466 lis,
291 428 340 458 vel
364 428 531 467 gratuitae:
551 427 677 466 ctqnotl
699 428 802 456 teneat,
826 425 982 454 rationem

214 479 413 519 proprietatis
442 478 608 514 naturalis,
638 477 762 506 videtur
797 476 900 515 primo
929 483 984 514 per

214 533 436 564 a11c101-itat‹›111
460 530 631 569 Augustini
647 539 719 569 qua’,
736 529 864 569 ponitur
883 529 914 558 in
937 528 985 558 lit-

214 589 278 615 tora
293 597 298 615 ;
320 597 333 613 (ι
351 585 386 615 ln
404 587 525 613 naturae
542 584 692 613 hnmanae.
717 582 912 621 susceptione
929 583 985 611 tie-

216 640 265 668 bat
290 638 426 677 quodam
450 636 542 666 modo
563 636 595 666 in
617 636 748 666 homine
771 636 874 675 gratia
896 637 986 665 natu-

215 692 288 721 ralis
305 715 312 726 ,
339 693 373 720 ut
400 689 524 720 nullum
548 691 653 729 posset
674 689 839 719 admittere
876 698 984 728 pecca-

215 747 295 775 tum.
311 755 325 772 n

258 798 333 828 ltem
350 797 472 827 ratione
489 796 623 827 videtur.
643 796 731 832 Quod
747 796 828 826 inest
842 796 888 826 rei
903 804 989 825 asna

216 852 319 892 prima
335 851 469 889 origine,
486 850 567 880 inest
582 849 611 879 ei
628 849 832 879 naturaliter:
851 848 902 879 sed
924 848 989 878 ani-

217 914 269 935 ma
297 904 408 934 Christi
431 904 469 933 ali
495 903 623 933 instanti
644 902 855 942 conceptionis
877 901 990 932 habuit

217 958 367 997 gratiam,
382 967 439 987 nec
450 959 560 997 potest,
573 966 630 987 nec
642 956 743 996 potnit
753 956 793 986 ab
803 965 840 986 ea
851 955 990 995 separari

217 1010 321 1049 gratia
336 1010 388 1040 illa
401 1020 407 1040 :
426 1019 503 1049 ergo
519 1009 644 1039 videtur
660 1009 744 1049 qnod
759 1009 812 1039 illa
823 1008 927 1047 gratia
938 1017 992 1038 na-

218 1064 362 1094 turaliter
378 1065 390 1093 s
393 1064 473 1094 uerit
489 1064 607 1094 innata.

260 1117 348 1153 Item,
359 1117 443 1157 quod
462 1118 541 1147 inest
554 1117 599 1146 rei
610 1126 627 1146 a
640 1116 796 1156 principio
808 1116 991 1153 intrinseco,

221 1171 301 1201 inest
322 1171 350 1201 ei
375 1170 560 1201 naturaliter
578 1181 584 1200 :
602 1170 654 1199 sed
679 1170 784 1209 gratia
807 1169 919 1200 Christi
942 1178 992 1199 or-

220 1227 289 1254 tum
304 1224 435 1254 habehat
453 1233 471 1253 a
487 1232 621 1262 persona
636 1222 729 1253 Verbi
742 1246 750 1259 ,
768 1231 841 1262 quae
868 1231 932 1252 non
947 1224 993 1252 est

221 1278 281 1308 alia
298 1288 315 1308 a
331 1286 464 1317 persona
479 1276 592 1306 Christi
607 1286 613 1306 ε
630 1285 707 1314 ergo
724 1276 825 1306 inerat
841 1275 868 1305 ei
890 1285 909 1305 a
934 1285 992 1306 sno

222 1331 378 1370 principio
394 1331 564 1360 intrinseco
584 1341 589 1358 ι
608 1333 638 1360 et
653 1330 677 1359 si
694 1330 771 1365 hoc,
796 1331 872 1359 tunc
893 1329 994 1359 inerat

221 1394 277 1424 per
300 1385 431 1415 modum
456 1384 656 1424 proprietatis
680 1383 834 1414 naturalis
865 1383 968 1422 magis
985 1407 993 1421 ,

223 1448 320 1478 quam
337 1438 499 1477 gratuitae.

267 1492 343 1522 Item
357 1491 544 1531 proprietas,
563 1499 619 1530 per
639 1500 737 1530 quain
762 1500 812 1520 res
831 1490 997 1521 ordinatur

223 1546 381 1576 adactum
398 1544 586 1580 naturalem,
604 1546 649 1574 est
664 1544 819 1574 naturalis
837 1554 843 1573 z
869 1543 921 1574 sed
942 1552 998 1582 per

224 1599 361 1639 gratiam
376 1598 428 1628 ille
443 1598 539 1628 homo
553 1600 620 1627 erat
634 1597 719 1627 filius
744 1597 796 1627 Dei
821 1597 975 1627 naturalis
987 1620 995 1634 ‚

224 1655 254 1682 ct
269 1655 314 1682 est
329 1663 335 1682 z
354 1660 431 1690 ergo
447 1651 573 1681 videtur
588 1651 673 1691 quod
688 1651 791 1689 gratia
808 1650 867 1680 sibi
888 1649 1000 1680 collata

225 1706 318 1736 fuerit
332 1707 359 1736 ei
374 1706 410 1735 ad
429 1705 560 1735 modum
577 1704 775 1744 proprietatis
790 1703 957 1734 naturalis.

266 1759 325 1789 Sed
346 1760 473 1789 contra:
498 1758 603 1788 Gratia
625 1760 655 1787 et
677 1760 791 1787 natura
812 1756 1002 1787 dividuntur

226 1822 265 1843 ex
280 1812 422 1852 opposito
440 1822 447 1842 ε
466 1811 518 1841 sed
535 1810 801 1850 quandocumque
816 1810 879 1840 duo
895 1809 1002 1848 aliqua

227 1868 444 1906 opponuntur,
461 1873 562 1894 unum
575 1873 636 1893 non
650 1863 833 1893 denominat
847 1863 999 1893 alterum:

228 1928 322 1957 ergo,
339 1918 362 1947 si
387 1918 529 1948 naturale
553 1917 669 1947 dicitur
688 1926 706 1946 a
728 1919 858 1953 natura,
876 1916 1003 1947 videtur

229 1971 314 2012 quod
336 1971 424 2001 nulla
446 1971 549 2009 gratia
572 1970 610 1999 sit
632 1969 805 2000 naturalis:
831 1972 887 2000 aut
910 1969 935 1999 si
959 1971 1004 1999 est

230 2024 394 2060 naturalis,
410 2033 475 2054 non
491 2027 537 2054 est
553 2024 667 2063 gratia.

272 2078 349 2108 Item
375 2078 446 2117 plus
469 2078 561 2108 distat
584 2077 726 2107 naturale
746 2085 764 2106 a
783 2077 944 2115 gratuito,
972 2075 1005 2105 in

231 2133 387 2171 quantum
398 2130 594 2170 hujilsinodi,
608 2140 705 2170 quam
717 2129 918 2160 meritorium
930 2140 936 2159 z
952 2129 1005 2159 sed

232 2185 367 2225 perfecta
394 2185 497 2223 gratia
523 2183 635 2214 Christi
662 2194 725 2214 non
750 2183 853 2224 potuit
874 2192 940 2213 esse
967 2191 1007 2212 ex

233 2238 377 2268 meritis:
403 2246 482 2277 crgo
508 2237 608 2268 multo
631 2237 742 2268 fortius
770 2237 897 2268 videtur
922 2236 1007 2276 quod

233 2300 297 2322 non
310 2291 405 2322 fuerit
419 2291 585 2321 naturalis.

274 2344 351 2375 Item
373 2344 405 2373 in
430 2344 627 2374 naturalibus
652 2353 710 2373 nec
734 2344 922 2381 laudamur,
951 2352 1008 2373 nec

235 2398 481 2437 vituperamur:
507 2397 559 2427 sed
582 2397 722 2428 Christus
747 2397 912 2427 laudabilis
943 2391 1009 2427 erat

236 2460 291 2490 per
306 2450 454 2489 gratiam,
471 2458 568 2489 quam
583 2450 717 2480 habebat
732 2460 739 2480 :
756 2459 832 2489 ergo
846 2459 909 2480 non
924 2449 1009 2481 vide-

237 2506 289 2534 tur
301 2503 385 2543 quod
401 2503 504 2542 gratia
516 2503 569 2533 illa
583 2503 674 2534 t'ucrit
689 2504 716 2533 ei
733 2503 898 2534 naturalis.

279 2556 354 2587 item
366 2556 568 2586 excellentior
579 2558 622 2585 cst
636 2557 711 2587 unio
723 2557 872 2586 humanae
886 2558 1009 2588 natuiae

239 2612 277 2642 ad
294 2612 436 2642 divinam
452 2612 482 2641 in
500 2611 652 2641 unitatem
670 2620 823 2651 personae,
843 2621 938 2651 quan]
956 2621 1011 2651 per

237 2665 487 2694 ‹·011f‹›1·mttat«›111
510 2665 621 2703 gisa-ize
637 2676 643 2696 :
662 2666 714 2696 sed
736 2668 849 2695 natur-a
866 2675 929 2696 non
945 2665 1009 2696 ele-

270 2727 276 2742 ¹
293 2726 354 2750 bist.
368 2733 396 2755 ιι,
408 2730 453 2750 «ιι-ι.
470 2730 492 2756 -3,
506 2735 529 2757 q.
547 2733 574 2751 lt.

771 250 1080 283 SENTENTIARUM
1103 251 1176 282 LlB.
1201 251 1251 281 ΙΙΙ.

1037 321 1132 349 vatur
1146 319 1185 349 ad
1198 318 1345 357 gloriam,
1358 320 1653 360 quantumcumque
1663 320 1808 360 excellat,

1038 371 1097 401 nisi
1115 371 1273 401 mediante
1287 371 1402 409 gratia,
1416 380 1490 411 quae
1501 373 1622 403 excedit
1635 374 1810 405 terminum

1040 427 1162 455 naturae
1175 435 1181 461 ;
1195 426 1225 454 ct
1238 426 1358 463 quanto
1374 425 1478 463 magis
1490 427 1621 464 excedit,
1638 429 1726 458 tanto
1738 436 1810 458 ma-

1040 477 1089 516 gis
1118 479 1202 507 tenet
1227 477 1381 507 rationem
1410 478 1539 517 gratiae:
1569 481 1594 509 si
1624 490 1701 520 ergo
1727 481 1813 520 quod

1040 530 1189 561 collatum
1215 532 1262 560 est
1285 530 1406 561 Christo
1432 531 1533 561 multo
1560 534 1663 572 magis
1690 533 1815 564 excedit

1040 585 1193 614 terminos
1210 586 1346 620 naturae,
1370 593 1467 623 qnam
1491 585 1575 624 quod
1598 587 1746 617 collatum
1771 589 1816 617 est

1041 636 1110 666 aliis
1127 636 1328 672 hominibus,
1354 637 1480 667 videtur
1503 638 1587 676 quod
1612 639 1715 677 gratia
1743 640 1813 678 ejus

1043 689 1113 728 plus
1128 689 1239 719 habuit
1253 689 1290 719 de
1305 689 1425 719 ratione
1441 690 1587 728 gratuiti,
1605 693 1634 721 et
1656 691 1763 722 minus
1778 692 1816 722 de

1043 743 1164 773 ratione
1180 743 1344 779 naturalis,
1367 752 1464 782 quam
1485 744 1589 782 gratia
1613 745 1725 775 collata
1747 745 1817 784 ejus

1044 796 1207 826 membris.

1320 927 1546 959 CONCLUSIO.

1047 1014 1144 1042 Gratia
1160 1015 1227 1045 illa,
1239 1022 1297 1048 quoe
1311 1015 1366 1046 fuit
1378 1015 1407 1040 in
1418 1015 1602 1048 conceptione,
1618 1014 1732 1048 quodam
1748 1014 1824 1040 modo

1082 1061 1138 1092 fait
1149 1059 1251 1085 homini
1265 1059 1367 1085 Christo
1383 1059 1530 1090 neutralis,
1543 1058 1657 1092 quodam
1672 1058 1748 1085 modo
1760 1066 1823 1092 non,

1083 1105 1147 1137 quia
1157 1111 1188 1129 esc
1200 1105 1279 1137 parte
1292 1105 1396 1129 natarae
1409 1104 1551 1136 assumptae
1561 1104 1620 1128 erat
1635 1103 1760 1136 Gratuita
1770 1122 1777 1135 ‚
1795 1110 1827 1129 ex

1083 1150 1161 1182 parte
1174 1156 1234 1174 rere
1250 1147 1423 1177 divinitatis,
1441 1147 1635 1173 connaturalis.

1091 1227 1180 1266 Resp.
1198 1226 1236 1256 ad
1250 1235 1321 1265 arg.
1338 1225 1512 1255 Dicendum
1524 1225 1609 1264 quod
1620 1225 1724 1264 gratia
1737 1225 1829 1256 unio-

1049 1281 1118 1317 nis,
1144 1280 1224 1309 sicut
1246 1279 1278 1308 in
1305 1278 1557 1318 praecedentibus
1575 1283 1583 1296 ¹
1610 1278 1669 1308 fuit
1692 1280 1827 1316 tactum,

1050 1333 1212 1373 tripliciter
1224 1334 1325 1372 potest
1337 1331 1396 1361 dici
1410 1341 1416 1361 :
1431 1341 1496 1361 nno
1518 1331 1612 1361 modo
1627 1331 1741 1361 dicitur
1755 1340 1830 1370 gra-

1050 1387 1093 1417 tia
1115 1386 1243 1416 unionis
1267 1385 1437 1424 disponens
1453 1384 1491 1414 de
1513 1392 1659 1423 congruo
1678 1384 1717 1413 ad
1735 1384 1832 1414 nnio-

1051 1449 1142 1476 nem;
1163 1439 1223 1469 alio
1244 1438 1338 1468 modo
1363 1438 1478 1468 dicitur
1495 1437 1600 1476 gratia
1620 1436 1750 1467 unionis
1764 1436 1833 1476 ipsa

1052 1493 1128 1523 nnio
1147 1492 1246 1531 gratis
1261 1492 1358 1528 tacta,
1376 1491 1468 1521 tertio
1487 1490 1581 1521 modo
1597 1490 1713 1520 dicitur
1728 1489 1832 1528 gratia

1055 1546 1180 1576 unionis
1190 1545 1257 1584 ipsa
1272 1544 1377 1583 gratia
1392 1544 1509 1574 faciens
1519 1543 1686 1574 unionem.
1700 1542 1737 1573 Et
1751 1551 1832 1582 quo-

1054 1608 1191 1638 cumque
1227 1598 1345 1628 horum
1373 1597 1541 1627 modorum
1571 1596 1693 1626 dicatur
1725 1595 1829 1634 gratia

1055 1652 1202 1687 unionis,
1231 1660 1345 1681 verum
1373 1652 1420 1681 est
1446 1650 1532 1689 quod
1559 1652 1644 1680 tenet
1675 1648 1832 1679 rationem

1056 1705 1189 1744 gratuiti
1213 1715 1219 1734 :
1245 1713 1359 1734 verum
1385 1705 1432 1733 est
1461 1703 1577 1739 etiam,
1608 1702 1692 1742 quod
1723 1701 1830 1740 aliquo

1056 1758 1149 1788 modo
1172 1757 1265 1787 hahet
1288 1756 1512 1796 proprietatem
1536 1755 1579 1785 rei
1603 1753 1769 1784 naturalis.
1792 1753 1831 1784 Et

1056 1811 1116 1841 hoc
1131 1810 1270 1840 insinuat
1284 1810 1350 1849 ipsa
1372 1809 1475 1839 littera
1491 1807 1676 1847 Augustini,
1693 1816 1768 1837 cum
1781 1806 1827 1836 di-

1057 1864 1097 1894 cit
1110 1864 1193 1903 qnod
1208 1863 1346 1903 quodam
1358 1862 1451 1892 modo
1464 1862 1551 1892 tieret
1565 1860 1608 1890 illi
1619 1860 1743 1890 homini
1760 1869 1835 1898 gra-

1058 1917 1101 1947 tia
1116 1916 1269 1947 naturalis
1285 1927 1292 1946 :
1311 1925 1375 1945 non
1398 1915 1471 1945 dicit
1488 1925 1495 1945 ι
1517 1913 1709 1953 simpliciter
1732 1913 1833 1951 fieret,

1059 1971 1133 2001 sed:
1165 1981 1178 1997 «
1202 1969 1340 2009 quodam
1366 1969 1471 1998 modo.
1501 1978 1514 1994 »
1542 1967 1574 1997 Si
1600 1966 1686 1996 enim
1714 1965 1837 1996 dicatur

1060 2024 1165 2063 gratia
1183 2023 1326 2060 unionis,
1351 2022 1383 2053 id
1408 2023 1464 2059 est,
1486 2020 1589 2060 gratia
1613 2019 1782 2059 disponens
1798 2017 1837 2048 ad

1060 2077 1225 2115 unionem,
1242 2075 1381 2115 quodam
1405 2075 1498 2105 modo
1513 2075 1559 2104 est
1573 2072 1738 2109 naturalis,
1756 2080 1838 2111 quo-

1061 2133 1134 2163 dam
1156 2132 1250 2162 modo
1276 2140 1350 2161 non.
1378 2130 1457 2161 Nam
1486 2129 1660 2169 proprietas
1684 2126 1839 2157 naturalis

1061 2188 1264 2225 comparatur
1279 2185 1318 2215 ad
1341 2183 1461 2223 aliquid
1485 2183 1565 2213 sicut
1583 2181 1621 2211 ad
1642 2180 1834 2219 subjectum,

1062 2242 1092 2270 et
1107 2239 1187 2269 sicut
1206 2238 1245 2269 ad
1261 2246 1400 2268 causam.
1418 2235 1600 2266 Secundum
1624 2232 1840 2273 comparatio-

1063 2302 1136 2323 nem
1152 2300 1249 2331 quam
1270 2291 1366 2321 hahet
1380 2290 1418 2319 ad
1437 2289 1635 2329 subjectum,
1652 2286 1840 2317 naturaliter

1064 2345 1179 2376 dicitnr
1195 2345 1306 2382 inesse,
1323 2343 1407 2383 quod
1422 2343 1503 2373 inest
1519 2351 1538 2372 a
1552 2339 1726 2381 primordio
1740 2338 1840 2378 ipsius

1064 2399 1120 2435 rei,
1140 2400 1170 2428 et
1186 2396 1447 2436 inseparabiliter,
1469 2397 1500 2426 et
1516 2395 1555 2425 ab
1575 2403 1612 2424 ea
1631 2402 1696 2423 non
1710 2391 1837 2422 recedit.

1065 2451 1247 2482 Secundum
1268 2449 1537 2489 comparationem
1561 2455 1659 2486 quam
1683 2445 1776 2475 habet
1800 2444 1839 2474 ad

1065 2513 1205 2541 causam,
1227 2503 1340 2533 dicitur
1362 2501 1547 2532 naturaliter
1570 2500 1670 2530 inesse
1692 2497 1838 2538 proprie-

1068 2560 1122 2594 tas,
1144 2565 1217 2596 qnae
1239 2558 1388 2586 causatur
1407 2564 1424 2585 a
1446 2553 1608 2594 principiis
1631 2552 1763 2590 subjecti
1777 2574 1785 2587 ,
1809 2552 1840 2581 et

1067 2620 1122 2650 per
1137 2619 1232 2650 quani
1249 2610 1354 2648 ipsum
1369 2608 1549 2646 subjectum
1569 2605 1663 2636 efficit
1681 2604 1839 2644 operatio-

1067 2673 1141 2694 nem
1160 2662 1348 2694 naturalem.
1371 2659 1478 2691 Primo
1501 2659 1593 2690 modo
1608 2658 1722 2689 dicitur
1736 2657 1840 2697 gratia

1067 2717 1181 2749 Christi
1200 2715 1295 2747 tuisse
1309 2713 1473 2751 naturalis,
1495 2722 1550 2753 per
1573 2721 1672 2753 quam
1688 2711 1727 2742 ad
1741 2711 1839 2743 unio-
