2017 2960
63 1509 152 1530 Divisio.

846 193 1025 227 DlSTlNCT
1047 195 1098 226 XI.
1714 202 1770 230 24¹

179 267 403 311 «Priusquam
419 263 564 296 mundus
579 266 672 304 esset,
699 273 758 295 1100
779 273 838 295 nos
863 273 1006 303 01001113,
1029 273 1087 295 nec
1105 262 1172 306 ipse
1195 262 1354 295 mediator
1368 263 1426 296 Dei
1441 268 1472 296 et
1487 264 1660 298 hominum
1675 265 1773 299 homo

175 325 322 358 Christus
343 323 447 356 Jesus.
466 335 482 353 »
504 321 593 354 Idem
621 333 717 366 super
738 320 888 353 Psalmos
903 320 911 335 ¹
930 332 938 351 :
958 333 973 351 ‹<
991 320 1140 353 Christus
1160 324 1270 353 noster
1291 321 1349 353 etsi
1370 321 1453 354 forte
1475 322 1574 355 homo
1589 334 1700 356 recens
1714 328 1773 366 est,

177 388 284 416 tamen
299 386 346 415 est
369 385 511 414 aeternus
527 380 625 413 Deus.
646 392 662 410 »
687 379 777 412 Alibi
792 382 802 397 ²
817 390 896 411 vero
921 378 1055 421 legitur,
1084 378 1172 422 quod
1193 392 1208 409 α
1224 391 1305 423 puer
1330 379 1385 412 ille
1410 381 1530 413 creavit
1553 381 1674 414 stellas.
1695 395 1710 412 »
1736 382 1776 415 Et

176 441 323 474 Christus
348 440 425 472 dicit
440 439 450 456 ³
465 451 497 471 se
512 450 578 471 esse
585 438 806 483 princzpsnm,
829 442 859 470 et
881 448 947 469 esse
972 444 1050 469 ante
1070 437 1252 470 Abraham.
1276 438 1335 470 His
1354 449 1431 482 ergo
1446 439 1587 484 aliisque
1602 440 1777 473 auctorita-

177 499 263 531 tibus
277 498 310 530 in
325 497 419 530 nullo
436 497 641 537 resultantes,
657 496 797 529 dicimus
812 495 978 528 hominen]
998 494 1108 535 illum,
1131 495 1166 527 iu
1191 500 1353 539 quantum
1374 496 1472 530 honio
1487 502 1545 539 est,
1561 498 1695 542 coepisse
1717 512 1724 539 3
1742 498 1777 530 in

176 560 338 600 quantum
368 555 515 588 Verbum
548 559 607 596 est,
627 565 755 598 semper
778 554 888 586 fuisse.
911 553 972 585 Hic
1000 553 1087 585 enim
1116 552 1238 597 absque
1260 553 1465 587 distinctione
1487 566 1553 588 non
1575 560 1621 588 est
1644 555 1779 588 ferenda

177 613 354 658 responsio.
375 613 458 646 Nam
483 617 514 645 et
547 613 614 657 ipse
638 612 846 655 Augustinus
868 610 1059 655 hujusmodi
1091 610 1197 643 utitur
1225 611 1431 644 distinctione
1460 613 1494 644 in
1520 613 1672 657 pluribus
1700 613 1779 646 locis

180 671 291 704 dicens
306 682 363 716 per
381 670 548 703 Christum
565 670 676 704 omnia
695 681 762 702 esse
777 670 860 702 facta
874 671 896 710 ⁸,
914 669 948 701 in
968 673 1131 713 quantum
1152 668 1301 701 Verbum
1316 674 1364 702 est
1380 683 1388 710 ;
1405 670 1587 703 secundum
1601 671 1685 703 illud
1701 682 1778 703 vero

179 729 266 774 quod
283 733 381 762 homo
410 732 456 761 est
470 733 492 769 ⁵,
524 728 632 773 ipsum
657 739 724 761 esse
748 728 869 760 factum
895 731 926 759 et
954 726 1187 770 glorificatum.
1206 725 1241 759 Si
1264 737 1342 769 ergo
1360 726 1400 760 ad
1416 738 1587 771 personam
1613 729 1777 773 respicias,

178 787 379 820 confidenter
393 787 444 819 dic
460 786 628 819 hominem
642 786 739 819 illum
754 796 881 829 semper
896 785 1014 825 fuisse;
1031 784 1059 816 si
1073 795 1150 817 vero
1159 784 1200 817 ad
1212 788 1364 817 naturam
1379 784 1535 828 hominis,
1550 786 1688 819 concede
1703 798 1779 820 eum

178 845 321 890 coepisse.

366 960 570 991 EXPOSITIO
591 959 756 991 TEXTUS.

174 1046 244 1071 Solet
258 1046 335 1070 etiam
349 1046 439 1077 quteri,
455 1047 540 1069 utrum
556 1045 647 1068 debeat
663 1044 810 1075 simpliciter
824 1043 884 1074 dici,
900 1045 947 1068 etc.

215 1122 318 1162 Supra
339 1121 474 1152 ostendit
497 1121 648 1159 Magister
672 1119 808 1160 qualiter
829 1119 950 1149 Christo

174 1175 368 1207 conveniunt
391 1175 450 1205 ista
472 1174 638 1211 idiomata,
665 1181 738 1213 quae
762 1181 875 1202 sonare
902 1171 952 1202 vi-

173 1228 289 1260 dentur
304 1228 337 1259 in
352 1228 623 1268 complementum
645 1228 675 1257 et
691 1226 878 1265 dignitatem
893 1237 899 1263 ;
917 1224 952 1255 in

173 1282 233 1312 hac
252 1291 329 1312 vero
344 1283 432 1322 parte
454 1281 590 1321 inquirit
604 1280 642 1312 de
656 1280 724 1317 his,
747 1289 820 1320 quae
843 1279 953 1310 dicunt

174 1335 315 1375 aliquam
337 1334 604 1365 defectibilitatem
620 1344 627 1365 ε
642 1334 717 1364 talia
734 1336 841 1365 autem
858 1335 932 1364 sunt
944 1358 951 1372 ,

175 1397 247 1429 quae
263 1390 374 1420 notant
392 1388 634 1428 incoeptionem,
653 1390 683 1418 et
698 1387 880 1427 significant
896 1387 955 1417 ha-

175 1442 251 1473 bere
266 1451 332 1473 esse
347 1444 417 1482 post
431 1451 496 1473 non
511 1451 588 1473 esse.
605 1441 692 1473 Talia
705 1443 814 1472 autem
828 1443 903 1472 sunt
920 1441 955 1472 in

177 1496 290 1536 triplici
310 1495 486 1526 differentia
503 1506 510 1527 :
528 1496 603 1535 quia
621 1495 769 1535 quaedam
783 1495 957 1535 important

175 1549 412 1582 inchoationem
436 1549 469 1580 in
497 1559 563 1580 esse
586 1549 756 1589 implicite,
784 1551 814 1580 et
835 1549 956 1580 ratione

176 1601 336 1632 connotati
350 1624 357 1637 ‚
387 1602 423 1631 ut
454 1601 647 1632 vocabulum
678 1600 957 1640 proeclestz'nandz‘;

177 1654 326 1694 quaedam
349 1654 521 1694 implicite,
547 1655 601 1685 sed
626 1654 748 1685 ratione
774 1654 958 1694 principalis

177 1707 368 1747 significati,
401 1710 438 1737 ut
460 1708 598 1739 verbum
628 1708 782 1747 crcwidz'‚·
809 1708 957 1748 quaedam

177 1761 335 1802 explicite,
352 1763 382 1792 et
395 1761 516 1792 ratione
532 1761 582 1792 sui
599 1762 695 1802 primi
710 1761 894 1801 significati,
912 1761 958 1791 si-

178 1817 232 1846 eut
246 1816 382 1846 verbum
399 1815 593 1854 incipiendi.
612 1815 684 1846 ldeo
701 1824 775 1855 pars
790 1815 848 1845 ista
862 1814 959 1846 habet

180 1870 284 1909 partes
295 1871 370 1906 tres,
384 1868 417 1898 in
432 1878 571 1908 quarum
580 1868 685 1908 prima
697 1869 832 1909 inquirit
847 1871 958 1899 utrum

179 1922 415 1962 praedestinatio
429 1922 553 1953 dicatur
565 1922 603 1953 de
618 1924 749 1961 natura,
766 1925 821 1953 aut
837 1922 874 1953 de
890 1932 960 1963 per-

181 1985 259 2006 sona
293 1975 406 2005 Christi
424 1985 432 2013 ;
469 1975 502 2005 in
536 1975 674 2006 secunda
709 1985 786 2006 vero
826 1976 961 2016 inquirit

182 2031 293 2059 utrum
315 2028 457 2059 Christus
480 2029 520 2059 sit
540 2032 703 2067 creatura,
726 2029 760 2059 in
782 2029 958 2070 principio,

183 2082 227 2112 ibi
245 2092 252 2112 :
277 2082 358 2113 Solet
382 2083 479 2114 etiam
497 2083 616 2122 quoeri,
633 2086 743 2115 utrum.
757 2082 869 2115 debeat
883 2083 961 2114 sim-

180 2135 309 2175 pliciter
343 2135 432 2173 dict,
468 2137 527 2166 etc.
554 2135 589 2166 In
619 2136 713 2167 tertia
740 2146 817 2167 vero
846 2137 962 2176 quaerit

184 2190 295 2221 utrum
316 2189 368 2219 ille
392 2189 489 2220 homo
519 2189 690 2230 aliquando
714 2190 893 2230 incoeperit,
920 2199 962 2220 an

185 2251 309 2282 semper
321 2241 428 2279 fuerit,
444 2241 488 2272 ibi
504 2253 510 2273 :
528 2242 601 2274 Post
613 2242 772 2283 proedz'cta
787 2244 962 2283 quaeritur,

187 2297 244 2326 etc.
269 2294 377 2326 Prima
395 2297 504 2326 autem
526 2298 556 2327 et
571 2296 686 2327 ultima
703 2299 793 2336 parte
816 2300 964 2328 manente

189 2349 343 2386 indivisa,
367 2349 472 2380 media
494 2359 567 2390 pars
592 2350 746 2381 dividitur
767 2351 801 2382 in
823 2353 904 2389 tres,
931 2351 964 2381 in

191 2410 327 2441 quarum
342 2403 446 2444 prima
462 2403 610 2444 proponit
624 2404 846 2444 quaestionem,
863 2407 895 2436 et
910 2406 964 2436 de-

191 2455 359 2493 terminat,
379 2456 415 2486 in
432 2456 571 2487 secunda
590 2466 667 2488 vero
688 2467 744 2497 per
765 2459 967 2490 auctoritates

192 2505 379 2539 Sanctorum
406 2510 594 2549 confirmat,
617 2511 660 2542 ibi
681 2522 687 2542 ε
722 2512 783 2548 Qui
806 2513 968 2545 Christum

192 2561 241 2592 vel
253 2561 310 2593 Dei
325 2561 446 2602 filium,
463 2565 522 2595 etc.
538 2563 643 2596 Tertio
657 2574 735 2597 vero
755 2566 899 2599 dissolvit
914 2577 969 2598 ar-

230 2643 364 2673 ¹August.,
380 2642 471 2668 Emit-1⁸.
488 2645 515 2667 in
530 2645 569 2670 Ps.
586 2651 665 2677 mxx,
678 2653 704 2670 n.
725 2648 760 2671 13.
772 2660 802 2665 -
815 2648 825 2664 ¹
841 2649 924 2673 Gloss.
943 2649 967 2673 1'11

194 2677 298 2708 Mami„
325 2684 348 2701 c.
378 2683 406 2701 11.
433 2690 462 2696 -
475 2679 487 2694 ⁸
500 2680 581 2711 joan„
613 2687 666 2712 vui,
691 2684 729 2710 25,
755 2685 793 2708 58.
818 2697 848 2702 —-
862 2684 872 2700 ⁴
896 2686 970 2717 Aug„

334 2730 408 2754 Ton.
434 2731 479 2754 IV.

1004 958 1279 997 gumentationem
1303 959 1528 999 sophisticam,
1553 969 1626 1000 quae
1651 961 1781 1001 quidem

1005 1011 1131 1042 videtur
1153 1021 1219 1042 esse
1240 1012 1396 1043 contraria
1416 1013 1560 1051 veritati;
1580 1016 1610 1044 et
1629 1014 1689 1045 hoc
1710 1016 1754 1046 ibi
1773 1025 1780 1047 :

1007 1066 1078 1098 Etsi
1092 1074 1162 1106 erqo
1180 1066 1326 1099 Christus
1340 1067 1513 1099 secundum
1527 1069 1684 1101 hominem
1700 1070 1784 1102 dici-

1007 1122 1060 1151 tm·
1073 1124 1233 1157 creatura,
1249 1123 1308 1152 etc.

1339 1215 1407 1238 DUB.
1431 1215 1453 1237 1.

1031 1277 1136 1308 Liquido
1149 1279 1254 1308 apparet
1268 1277 1353 1308 ipsum
1366 1278 1461 1302 factum
1476 1286 1529 1303 non
1545 1286 1614 1311 esse,
1627 1287 1673 1311 per
1687 1288 1763 1312 quem

1275 1313 1361 1337 omnia
1374 1314 1440 1338 sacta
1454 1317 1522 1339 sunt.

1051 1386 1165 1418 Contra
1182 1399 1188 1419 :
1206 1388 1339 1420 Videtur
1359 1390 1419 1420 ista
1438 1391 1608 1421 auctoritas
1624 1401 1690 1422 esse
1711 1392 1789 1424 falsa

1011 1442 1044 1472 in
1068 1451 1112 1480 se,
1138 1444 1168 1472 et
1189 1442 1229 1473 ad
1249 1443 1447 1483 propositum
1470 1453 1536 1474 non
1559 1445 1682 1483 valere,
1706 1455 1786 1486 quo-

1012 1495 1099 1525 niam
1118 1496 1264 1533 dicimus,
1281 1496 1384 1536 quod⁸
1399 1505 1441 1529 επ
1455 1499 1536 1538 ipso,
1554 1502 1585 1530 et
1599 1507 1655 1539 per
1668 1500 1786 1539 ipsum,

1013 1552 1043 1580 et
1056 1549 1091 1580 in
1106 1550 1175 1588 ipso
1195 1554 1270 1581 sum
1289 1551 1400 1582 omnia
1413 1562 1425 1582 :
1444 1561 1532 1591 ergo,
1550 1552 1576 1582 si
1591 1553 1700 1584 omnia
1714 1556 1790 1584 sunt

1014 1612 1070 1642 per
1085 1603 1206 1642 ipsum,
1222 1604 1289 1643 ipse
1304 1604 1384 1634 nihil
1402 1607 1448 1635 est
1466 1615 1472 1636 :
1489 1608 1611 1637 constat
1626 1607 1710 1646 quod
1730 1607 1790 1638 hoc

1013 1663 1078 1684 nou
1101 1655 1244 1694 sequitur
1261 1665 1268 1686 :
1285 1664 1363 1694 ergo
1379 1656 1448 1696 pari
1463 1657 1583 1688 ratione
1603 1667 1669 1689 non
1684 1659 1792 1698 sequi-

1013 1709 1067 1737 tur
1092 1719 1098 1739 :
1120 1719 1134 1736 α
1149 1707 1262 1739 Omnia
1286 1709 1365 1739 facta
1388 1712 1464 1740 sunt
1486 1719 1542 1749 per
1566 1711 1686 1751 ipsum,
1713 1721 1791 1751 ergo

1014 1760 1081 1800 ipse
1095 1770 1160 1792 non
1175 1764 1222 1792 est
1236 1761 1348 1793 factus.
1361 1773 1375 1791 1)
1391 1762 1468 1793 Item
1484 1763 1611 1795 videtur
1626 1766 1711 1805 quod
1726 1774 1793 1796 non

1015 1815 1119 1845 valeat
1134 1815 1173 1846 ad
1188 1815 1402 1855 propositum,
1420 1817 1496 1857 quia
1511 1818 1713 1857 Augustinus
1727 1829 1794 1851 non

1015 1868 1156 1909 loquitur
1169 1869 1207 1900 de
1222 1869 1303 1900 Filio
1319 1869 1371 1901 Dei
1388 1871 1565 1902 secundum
1581 1871 1726 1904 divinam
1740 1882 1795 1905 na-

1015 1924 1133 1954 turam.
1151 1923 1230 1954 Cum
1244 1925 1352 1954 autem
1371 1925 1543 1964 quaeritur,
1562 1929 1672 1957 utrum
1689 1926 1793 1958 Chris-

1015 1978 1067 2007 tus
1081 1977 1120 2007 sit
1135 1979 1294 2015 creatura,
1311 1977 1371 2008 hoc
1387 1980 1434 2009 est
1452 1979 1628 2010 secundum
1645 1982 1795 2012 naturam

1016 2032 1233 2070 assumptam,
1251 2030 1380 2062 videtur
1394 2032 1478 2071 quod
1495 2033 1665 2064 auctoritas
1680 2033 1748 2071 illa,
1765 2037 1796 2065 et

1016 2084 1087 2114 aliae
1115 2086 1283 2124 sequentes
1311 2084 1373 2115 sint
1397 2084 1536 2118 inductae
1558 2087 1650 2118 valde
1672 2088 1795 2128 impro-

1017 2137 1095 2177 prie.

1059 2192 1150 2233 Resp.
1175 2193 1349 2224 Dicendum
1370 2194 1455 2234 quod
1474 2195 1646 2226 auctoritas
1667 2198 1697 2227 et
1720 2204 1797 2227 vera

1019 2248 1066 2277 est
1080 2246 1114 2277 in
1131 2255 1175 2285 se,
1193 2249 1223 2278 et
1237 2247 1276 2278 ad
1290 2247 1491 2287 propositum
1507 2248 1603 2279 valet.
1627 2249 1662 2279 In
1677 2258 1709 2280 se
1725 2249 1798 2289 qui-

1020 2301 1093 2331 dem
1102 2310 1179 2331 vera
1190 2303 1248 2338 est,
1263 2301 1340 2341 quia
1354 2310 1449 2332 causa
1464 2302 1626 2342 praedicati
1641 2301 1798 2333 clauditur

1021 2354 1053 2384 in
1069 2353 1223 2393 subjecto.
1235 2353 1267 2385 Si
1283 2354 1369 2385 enim
1384 2355 1451 2394 ipse
1466 2357 1513 2386 est
1524 2355 1717 2395 principium
1734 2363 1799 2386 om-

1022 2407 1113 2437 nium
1129 2409 1308 2439 creatorum
1319 2431 1327 2445 ‚
1344 2408 1537 2449 impossibile
1552 2410 1598 2439 est
1611 2408 1718 2448 ipsum
1733 2416 1800 2439 esse

1023 2461 1143 2501 aliquid
1169 2464 1347 2492 creatorum
1360 2485 1368 2499 ‚
1396 2463 1467 2492 tum
1492 2461 1615 2492 ratione
1649 2461 1801 2500 potentiae

1024 2515 1167 2553 creandi,
1184 2523 1257 2554 quae
1273 2524 1337 2545 non
1355 2517 1457 2555 potest
1480 2517 1658 2554 competere
1675 2517 1800 2545 creatu-

1026 2577 1069 2599 131
1088 2579 1094 2599 :
1111 2570 1181 2599 tum
1196 2568 1319 2599 ratione
1340 2567 1557 2607 generalitatis
1572 2567 1801 2607 principiandi,

1028 2658 1052 2674 in
1070 2650 1140 2673 Joem.
1161 2649 1338 2681 E1·anq.‚trac.
1357 2655 1451 2674 v111.u.
1469 2650 1492 2672 9.
1509 2661 1536 2666 -
1553 2649 1562 2664 ⁵
1578 2648 1653 2679 ibid..
1671 2651 1742 2673 tract.
1760 2655 1804 2681 cv,

1027 2693 1053 2710 n.
1069 2687 1092 2715 6,
1104 2686 1127 2710 7.
1137 2699 1162 2702 —
1175 2686 1185 2701 ⁶
1196 2685 1273 2715 Rom„
1289 2691 1325 2709 111.
1343 2686 1381 2708 36.

1654 2730 1692 2759 16
