<?xml version="1.0" encoding="UTF-8"?>
<!DOCTYPE html PUBLIC "-//W3C//DTD XHTML 1.0 Transitional//EN"
    "http://www.w3.org/TR/xhtml1/DTD/xhtml1-transitional.dtd">
<html xmlns="http://www.w3.org/1999/xhtml" xml:lang="en" lang="en">
 <head>
  <title>
</title>
<meta http-equiv="Content-Type" content="text/html;charset=utf-8" />
  <meta name='ocr-system' content='tesseract 3.04.00' />
  <meta name='ocr-capabilities' content='ocr_page ocr_carea ocr_par ocr_line ocrx_word'/>
</head>
<body>
  <div class='ocr_page' id='page_1' title='image "./operaomniasixtiv04bonauoft/operaomniasixtiv04bonauoft_0353.png"; bbox 0 0 2017 2960; ppageno 0'>
   <div class='ocr_carea' id='block_1_1' title="bbox 884 181 1147 214">
    <p class='ocr_par' dir='ltr' id='par_1_1' title="bbox 884 181 1147 214">
     <span class='ocr_line' id='line_1_1' title="bbox 884 181 1147 214; baseline 0.004 -2"><span class='ocrx_word' id='word_1_1' title='bbox 884 181 1063 214; x_wconf 88' lang='lat' dir='ltr'><em>DISTINGT</em></span> <span class='ocrx_word' id='word_1_2' title='bbox 1084 182 1147 214; x_wconf 87' lang='lat' dir='ltr'>XV.</span> 
     </span>
    </p>
   </div>
   <div class='ocr_carea' id='block_1_2' title="bbox 215 250 987 292">
    <p class='ocr_par' dir='ltr' id='par_1_2' title="bbox 215 250 987 292">
     <span class='ocr_line' id='line_1_2' title="bbox 215 250 987 292; baseline 0 -12"><span class='ocrx_word' id='word_1_3' title='bbox 215 251 402 290; x_wconf 83' lang='lat' dir='ltr'>conjunctae.</span> <span class='ocrx_word' id='word_1_4' title='bbox 421 251 459 282; x_wconf 91' lang='lat' dir='ltr'>Et</span> <span class='ocrx_word' id='word_1_5' title='bbox 472 260 529 291; x_wconf 87' lang='lat' dir='ltr'>per</span> <span class='ocrx_word' id='word_1_6' title='bbox 544 252 605 283; x_wconf 91' lang='lat' dir='ltr'>hoc</span> <span class='ocrx_word' id='word_1_7' title='bbox 626 252 711 292; x_wconf 87' lang='lat' dir='ltr'>patet</span> <span class='ocrx_word' id='word_1_8' title='bbox 734 259 869 291; x_wconf 89' lang='lat' dir='ltr'>sequens</span> <span class='ocrx_word' id='word_1_9' title='bbox 881 274 888 288; x_wconf 91' lang='lat'>,</span> <span class='ocrx_word' id='word_1_10' title='bbox 912 250 987 290; x_wconf 86' lang='lat' dir='ltr'>quia</span> 
     </span>
    </p>
   </div>
   <div class='ocr_carea' id='block_1_3' title="bbox 214 303 989 344">
    <p class='ocr_par' dir='ltr' id='par_1_3' title="bbox 214 303 989 344">
     <span class='ocr_line' id='line_1_3' title="bbox 214 303 989 344; baseline 0 -11"><span class='ocrx_word' id='word_1_11' title='bbox 214 303 335 333; x_wconf 88' lang='lat' dir='ltr'>ratione</span> <span class='ocrx_word' id='word_1_12' title='bbox 350 304 463 342; x_wconf 85' lang='lat' dir='ltr'>gratiae</span> <span class='ocrx_word' id='word_1_13' title='bbox 478 306 658 344; x_wconf 84' lang='lat' dir='ltr'>conjunctae</span> <span class='ocrx_word' id='word_1_14' title='bbox 676 304 729 335; x_wconf 78' lang='lat' dir='ltr'>illa</span> <span class='ocrx_word' id='word_1_15' title='bbox 753 305 893 335; x_wconf 83' lang='lat' dir='ltr'>vetustas</span> <span class='ocrx_word' id='word_1_16' title='bbox 914 303 989 334; x_wconf 90' lang='lat' dir='ltr'>sim-</span> 
     </span>
    </p>
   </div>
   <div class='ocr_carea' id='block_1_4' title="bbox 209 356 987 558">
    <p class='ocr_par' dir='ltr' id='par_1_4' title="bbox 209 356 987 558">
     <span class='ocr_line' id='line_1_4' title="bbox 213 356 987 398; baseline 0.001 -12"><span class='ocrx_word' id='word_1_17' title='bbox 213 356 286 395; x_wconf 85' lang='lat' dir='ltr'>plex</span> <span class='ocrx_word' id='word_1_18' title='bbox 299 357 422 388; x_wconf 81' lang='lat' dir='ltr'>excedit</span> <span class='ocrx_word' id='word_1_19' title='bbox 436 360 577 389; x_wconf 87' lang='lat' dir='ltr'>nostram</span> <span class='ocrx_word' id='word_1_20' title='bbox 593 359 762 398; x_wconf 76' lang='lat' dir='ltr'><strong>duplicem.</strong></span> <span class='ocrx_word' id='word_1_21' title='bbox 778 357 910 397; x_wconf 81' lang='lat' dir='ltr'>Propter</span> <span class='ocrx_word' id='word_1_22' title='bbox 926 357 987 387; x_wconf 89' lang='lat' dir='ltr'>hoc</span> 
     </span>
     <span class='ocr_line' id='line_1_5' title="bbox 211 409 986 450; baseline 0.003 -12"><span class='ocrx_word' id='word_1_23' title='bbox 211 409 297 439; x_wconf 87' lang='lat' dir='ltr'>enim</span> <span class='ocrx_word' id='word_1_24' title='bbox 313 410 399 449; x_wconf 85' lang='lat' dir='ltr'>qnod</span> <span class='ocrx_word' id='word_1_25' title='bbox 415 410 556 443; x_wconf 90' lang='lat' dir='ltr'>Christus</span> <span class='ocrx_word' id='word_1_26' title='bbox 570 412 683 442; x_wconf 82' lang='lat' dir='ltr'>habuit</span> <span class='ocrx_word' id='word_1_27' title='bbox 707 411 844 450; x_wconf 78' lang='lat' dir='ltr'><strong>gratiam</strong></span> <span class='ocrx_word' id='word_1_28' title='bbox 865 419 931 441; x_wconf 91' lang='lat' dir='ltr'>non</span> <span class='ocrx_word' id='word_1_29' title='bbox 947 410 986 441; x_wconf 91' lang='lat' dir='ltr'>ad</span> 
     </span>
     <span class='ocr_line' id='line_1_6' title="bbox 212 464 984 503; baseline 0.003 -11"><span class='ocrx_word' id='word_1_30' title='bbox 212 470 406 500; x_wconf 87' lang='lat' dir='ltr'>mensuram,</span> <span class='ocrx_word' id='word_1_31' title='bbox 421 465 556 503; x_wconf 83' lang='lat' dir='ltr'>perfecte</span> <span class='ocrx_word' id='word_1_32' title='bbox 570 465 660 495; x_wconf 90' lang='lat' dir='ltr'>nobis</span> <span class='ocrx_word' id='word_1_33' title='bbox 685 464 802 495; x_wconf 87' lang='lat' dir='ltr'>meruit</span> <span class='ocrx_word' id='word_1_34' title='bbox 825 464 984 495; x_wconf 80' lang='lat' dir='ltr'>liberatio-</span> 
     </span>
     <span class='ocr_line' id='line_1_7' title="bbox 209 518 601 558; baseline 0.008 -12"><span class='ocrx_word' id='word_1_35' title='bbox 209 525 284 547; x_wconf 88' lang='lat' dir='ltr'>nem</span> <span class='ocrx_word' id='word_1_36' title='bbox 300 526 318 547; x_wconf 91' lang='lat' dir='ltr'>a</span> <span class='ocrx_word' id='word_1_37' title='bbox 332 525 439 556; x_wconf 85' lang='lat' dir='ltr'>poena,</span> <span class='ocrx_word' id='word_1_38' title='bbox 453 520 484 549; x_wconf 90' lang='lat' dir='ltr'>et</span> <span class='ocrx_word' id='word_1_39' title='bbox 498 518 601 558; x_wconf 85' lang='lat' dir='ltr'>culpa.</span> 
     </span>
    </p>
   </div>
   <div class='ocr_carea' id='block_1_5' title="bbox 528 643 654 665">
    <p class='ocr_par' dir='ltr' id='par_1_5' title="bbox 528 643 654 665">
     <span class='ocr_line' id='line_1_8' title="bbox 528 643 654 665; baseline 0 -1"><span class='ocrx_word' id='word_1_40' title='bbox 528 643 597 665; x_wconf 90' lang='lat' dir='ltr'>DUB.</span> <span class='ocrx_word' id='word_1_41' title='bbox 621 643 654 664; x_wconf 85' lang='lat'>11.</span> 
     </span>
    </p>
   </div>
   <div class='ocr_carea' id='block_1_6' title="bbox 364 709 827 738">
    <p class='ocr_par' dir='ltr' id='par_1_6' title="bbox 364 709 827 738">
     <span class='ocr_line' id='line_1_9' title="bbox 364 709 827 738; baseline -0.004 -4"><span class='ocrx_word' id='word_1_42' title='bbox 364 710 434 738; x_wconf 87' lang='lat' dir='ltr'>Quos</span> <span class='ocrx_word' id='word_1_43' title='bbox 448 709 516 735; x_wconf 88' lang='lat' dir='ltr'>enim</span> <span class='ocrx_word' id='word_1_44' title='bbox 532 709 646 733; x_wconf 81' lang='lat' dir='ltr'>defectus</span> <span class='ocrx_word' id='word_1_45' title='bbox 659 709 764 738; x_wconf 84' lang='lat' dir='ltr'>hahuit,</span> <span class='ocrx_word' id='word_1_46' title='bbox 779 710 827 733; x_wconf 82' lang='lat' dir='ltr'>etc.</span> 
     </span>
    </p>
   </div>
   <div class='ocr_carea' id='block_1_7' title="bbox 193 784 983 2582">
    <p class='ocr_par' dir='ltr' id='par_1_7' title="bbox 197 784 983 1563">
     <span class='ocr_line' id='line_1_10' title="bbox 250 784 983 816; baseline -0.003 0"><span class='ocrx_word' id='word_1_47' title='bbox 250 784 364 816; x_wconf 84' lang='lat' dir='ltr'>Contra</span> <span class='ocrx_word' id='word_1_48' title='bbox 381 795 387 815; x_wconf 84' lang='lat' dir='ltr'>z</span> <span class='ocrx_word' id='word_1_49' title='bbox 405 784 437 815; x_wconf 92' lang='lat' dir='ltr'>Si</span> <span class='ocrx_word' id='word_1_50' title='bbox 452 785 503 816; x_wconf 89' lang='lat' dir='ltr'>isti</span> <span class='ocrx_word' id='word_1_51' title='bbox 517 785 656 816; x_wconf 86' lang='lat' dir='ltr'>defectus</span> <span class='ocrx_word' id='word_1_52' title='bbox 671 794 735 815; x_wconf 91' lang='lat' dir='ltr'>non</span> <span class='ocrx_word' id='word_1_53' title='bbox 759 786 835 815; x_wconf 87' lang='lat' dir='ltr'>sunt</span> <span class='ocrx_word' id='word_1_54' title='bbox 848 785 886 815; x_wconf 91' lang='lat' dir='ltr'>de</span> <span class='ocrx_word' id='word_1_55' title='bbox 901 784 983 815; x_wconf 89' lang='lat' dir='ltr'>veri-</span> 
     </span>
     <span class='ocr_line' id='line_1_11' title="bbox 208 838 982 875; baseline 0 -6"><span class='ocrx_word' id='word_1_56' title='bbox 208 840 269 869; x_wconf 69' lang='lat' dir='ltr'>tate</span> <span class='ocrx_word' id='word_1_57' title='bbox 281 838 433 869; x_wconf 79' lang='lat' dir='ltr'>humanae</span> <span class='ocrx_word' id='word_1_58' title='bbox 451 840 593 875; x_wconf 78' lang='lat' dir='ltr'>naturae,</span> <span class='ocrx_word' id='word_1_59' title='bbox 616 848 680 869; x_wconf 89' lang='lat' dir='ltr'>non</span> <span class='ocrx_word' id='word_1_60' title='bbox 698 839 818 869; x_wconf 85' lang='lat' dir='ltr'>faciunt</span> <span class='ocrx_word' id='word_1_61' title='bbox 839 838 878 868; x_wconf 89' lang='lat' dir='ltr'>ad</span> <span class='ocrx_word' id='word_1_62' title='bbox 897 847 982 869; x_wconf 82' lang='lat' dir='ltr'>verae</span> 
     </span>
     <span class='ocr_line' id='line_1_12' title="bbox 205 891 981 929; baseline 0 -7"><span class='ocrx_word' id='word_1_63' title='bbox 205 891 413 923; x_wconf 86' lang='lat' dir='ltr'>humanitatis</span> <span class='ocrx_word' id='word_1_64' title='bbox 427 893 652 923; x_wconf 81' lang='lat' dir='ltr'>ostensionem.</span> <span class='ocrx_word' id='word_1_65' title='bbox 677 892 766 929; x_wconf 84' lang='lat' dir='ltr'>Quod</span> <span class='ocrx_word' id='word_1_66' title='bbox 793 894 901 923; x_wconf 86' lang='lat' dir='ltr'>autem</span> <span class='ocrx_word' id='word_1_67' title='bbox 916 901 981 922; x_wconf 90' lang='lat' dir='ltr'>nou</span> 
     </span>
     <span class='ocr_line' id='line_1_13' title="bbox 205 944 982 982; baseline 0 -7"><span class='ocrx_word' id='word_1_68' title='bbox 205 944 267 975; x_wconf 88' lang='lat' dir='ltr'>sint</span> <span class='ocrx_word' id='word_1_69' title='bbox 297 945 336 976; x_wconf 89' lang='lat' dir='ltr'>de</span> <span class='ocrx_word' id='word_1_70' title='bbox 358 945 491 977; x_wconf 89' lang='lat' dir='ltr'>veritate</span> <span class='ocrx_word' id='word_1_71' title='bbox 512 945 666 976; x_wconf 63' lang='lat' dir='ltr'>humanae</span> <span class='ocrx_word' id='word_1_72' title='bbox 689 947 825 982; x_wconf 83' lang='lat' dir='ltr'>naturae,</span> <span class='ocrx_word' id='word_1_73' title='bbox 848 945 982 976; x_wconf 85' lang='lat' dir='ltr'>ostendit</span> 
     </span>
     <span class='ocr_line' id='line_1_14' title="bbox 204 998 981 1030; baseline 0.001 -2"><span class='ocrx_word' id='word_1_74' title='bbox 204 998 375 1029; x_wconf 84' lang='lat' dir='ltr'>Anselmus</span> <span class='ocrx_word' id='word_1_75' title='bbox 388 998 444 1029; x_wconf 84' lang='lat' dir='ltr'>tali</span> <span class='ocrx_word' id='word_1_76' title='bbox 458 998 580 1029; x_wconf 84' lang='lat' dir='ltr'>ratione</span> <span class='ocrx_word' id='word_1_77' title='bbox 601 1000 609 1015; x_wconf 83' lang='lat'><strong>¹</strong></span> <span class='ocrx_word' id='word_1_78' title='bbox 631 1010 637 1030; x_wconf 88' lang='lat'>:</span> <span class='ocrx_word' id='word_1_79' title='bbox 669 1011 683 1028; x_wconf 86' lang='lat'>«</span> <span class='ocrx_word' id='word_1_80' title='bbox 703 999 850 1029; x_wconf 83' lang='lat' dir='ltr'>Humana</span> <span class='ocrx_word' id='word_1_81' title='bbox 867 1001 981 1029; x_wconf 86' lang='lat' dir='ltr'>natura</span> 
     </span>
     <span class='ocr_line' id='line_1_15' title="bbox 205 1051 980 1083; baseline 0 -1"><span class='ocrx_word' id='word_1_82' title='bbox 205 1060 269 1082; x_wconf 89' lang='lat' dir='ltr'>uno</span> <span class='ocrx_word' id='word_1_83' title='bbox 293 1051 388 1082; x_wconf 91' lang='lat' dir='ltr'>modo</span> <span class='ocrx_word' id='word_1_84' title='bbox 410 1053 456 1082; x_wconf 88' lang='lat' dir='ltr'>est</span> <span class='ocrx_word' id='word_1_85' title='bbox 475 1061 551 1082; x_wconf 88' lang='lat' dir='ltr'>vera</span> <span class='ocrx_word' id='word_1_86' title='bbox 573 1053 752 1083; x_wconf 84' lang='lat' dir='ltr'>secundum</span> <span class='ocrx_word' id='word_1_87' title='bbox 773 1054 891 1082; x_wconf 84' lang='lat' dir='ltr'>statum</span> <span class='ocrx_word' id='word_1_88' title='bbox 911 1062 980 1083; x_wconf 85' lang='lat' dir='ltr'>cor-</span> 
     </span>
     <span class='ocr_line' id='line_1_16' title="bbox 202 1105 979 1145; baseline 0.003 -10"><span class='ocrx_word' id='word_1_89' title='bbox 202 1105 361 1144; x_wconf 77' lang='lat' dir='ltr'>ruptionis</span> <span class='ocrx_word' id='word_1_90' title='bbox 375 1107 406 1135; x_wconf 89' lang='lat' dir='ltr'>et</span> <span class='ocrx_word' id='word_1_91' title='bbox 419 1105 678 1145; x_wconf 83' lang='lat' dir='ltr'>incorruptionis.</span> <span class='ocrx_word' id='word_1_92' title='bbox 694 1118 708 1134; x_wconf 83' lang='grc'>»</span> <span class='ocrx_word' id='word_1_93' title='bbox 729 1105 786 1136; x_wconf 86' lang='lat' dir='ltr'>Sed</span> <span class='ocrx_word' id='word_1_94' title='bbox 804 1106 854 1136; x_wconf 90' lang='lat' dir='ltr'>isti</span> <span class='ocrx_word' id='word_1_95' title='bbox 876 1106 979 1137; x_wconf 81' lang='lat' dir='ltr'>defec—</span> 
     </span>
     <span class='ocr_line' id='line_1_17' title="bbox 203 1159 980 1198; baseline 0.003 -10"><span class='ocrx_word' id='word_1_96' title='bbox 203 1160 254 1189; x_wconf 86' lang='lat' dir='ltr'>tus</span> <span class='ocrx_word' id='word_1_97' title='bbox 268 1167 332 1189; x_wconf 91' lang='lat' dir='ltr'>non</span> <span class='ocrx_word' id='word_1_98' title='bbox 345 1160 529 1198; x_wconf 88' lang='lat' dir='ltr'>competunt</span> <span class='ocrx_word' id='word_1_99' title='bbox 550 1159 579 1189; x_wconf 87' lang='lat' dir='ltr'>ei</span> <span class='ocrx_word' id='word_1_100' title='bbox 602 1159 778 1189; x_wconf 86' lang='lat' dir='ltr'>secundum</span> <span class='ocrx_word' id='word_1_101' title='bbox 797 1162 914 1190; x_wconf 84' lang='lat' dir='ltr'>statum</span> <span class='ocrx_word' id='word_1_102' title='bbox 933 1160 980 1190; x_wconf 87' lang='lat' dir='ltr'>in-</span> 
     </span>
     <span class='ocr_line' id='line_1_18' title="bbox 202 1211 980 1251; baseline 0.004 -10"><span class='ocrx_word' id='word_1_103' title='bbox 202 1211 415 1251; x_wconf 83' lang='lat' dir='ltr'>corruptionis</span> <span class='ocrx_word' id='word_1_104' title='bbox 439 1222 445 1242; x_wconf 90' lang='lat'>:</span> <span class='ocrx_word' id='word_1_105' title='bbox 476 1220 554 1250; x_wconf 87' lang='lat' dir='ltr'>ergo</span> <span class='ocrx_word' id='word_1_106' title='bbox 583 1221 648 1242; x_wconf 93' lang='lat' dir='ltr'>non</span> <span class='ocrx_word' id='word_1_107' title='bbox 677 1215 752 1242; x_wconf 87' lang='lat' dir='ltr'>sunt</span> <span class='ocrx_word' id='word_1_108' title='bbox 779 1213 817 1243; x_wconf 89' lang='lat' dir='ltr'>de</span> <span class='ocrx_word' id='word_1_109' title='bbox 846 1213 980 1244; x_wconf 80' lang='lat' dir='ltr'>veritate</span> 
     </span>
     <span class='ocr_line' id='line_1_19' title="bbox 201 1264 979 1305; baseline 0.003 -10"><span class='ocrx_word' id='word_1_110' title='bbox 201 1264 352 1295; x_wconf 73' lang='lat' dir='ltr'>humanae</span> <span class='ocrx_word' id='word_1_111' title='bbox 368 1266 504 1295; x_wconf 82' lang='lat' dir='ltr'>naturae.</span> <span class='ocrx_word' id='word_1_112' title='bbox 527 1264 605 1295; x_wconf 84' lang='lat' dir='ltr'>Item</span> <span class='ocrx_word' id='word_1_113' title='bbox 626 1264 767 1295; x_wconf 82' lang='lat' dir='ltr'>Christus</span> <span class='ocrx_word' id='word_1_114' title='bbox 787 1268 856 1305; x_wconf 89' lang='lat' dir='ltr'>post</span> <span class='ocrx_word' id='word_1_115' title='bbox 875 1276 979 1297; x_wconf 89' lang='lat' dir='ltr'>resur—</span> 
     </span>
     <span class='ocr_line' id='line_1_20' title="bbox 200 1318 979 1357; baseline 0.001 -9"><span class='ocrx_word' id='word_1_116' title='bbox 200 1318 374 1349; x_wconf 82' lang='lat' dir='ltr'>rectionem</span> <span class='ocrx_word' id='word_1_117' title='bbox 389 1327 499 1349; x_wconf 83' lang='lat' dir='ltr'>veram</span> <span class='ocrx_word' id='word_1_118' title='bbox 522 1318 757 1350; x_wconf 84' lang='lat' dir='ltr'>humanitatem</span> <span class='ocrx_word' id='word_1_119' title='bbox 774 1319 925 1357; x_wconf 77' lang='lat' dir='ltr'>ostendit,</span> <span class='ocrx_word' id='word_1_120' title='bbox 949 1321 979 1349; x_wconf 86' lang='lat' dir='ltr'>et</span> 
     </span>
     <span class='ocr_line' id='line_1_21' title="bbox 200 1371 978 1412; baseline 0.003 -11"><span class='ocrx_word' id='word_1_121' title='bbox 200 1373 308 1401; x_wconf 86' lang='lat' dir='ltr'>tamen</span> <span class='ocrx_word' id='word_1_122' title='bbox 323 1371 400 1411; x_wconf 91' lang='lat' dir='ltr'>ipsis</span> <span class='ocrx_word' id='word_1_123' title='bbox 414 1372 563 1412; x_wconf 81' lang='lat' dir='ltr'>apostolis</span> <span class='ocrx_word' id='word_1_124' title='bbox 577 1372 716 1403; x_wconf 86' lang='lat' dir='ltr'>defectus</span> <span class='ocrx_word' id='word_1_125' title='bbox 731 1375 761 1403; x_wconf 91' lang='lat' dir='ltr'>et</span> <span class='ocrx_word' id='word_1_126' title='bbox 781 1373 978 1412; x_wconf 77' lang='lat' dir='ltr'>poenalitates</span> 
     </span>
     <span class='ocr_line' id='line_1_22' title="bbox 201 1424 976 1466; baseline 0.004 -12"><span class='ocrx_word' id='word_1_127' title='bbox 201 1432 265 1454; x_wconf 90' lang='lat' dir='ltr'>non</span> <span class='ocrx_word' id='word_1_128' title='bbox 280 1424 439 1455; x_wconf 83' lang='lat' dir='ltr'>ostendit:</span> <span class='ocrx_word' id='word_1_129' title='bbox 461 1433 541 1464; x_wconf 88' lang='lat' dir='ltr'>ergo</span> <span class='ocrx_word' id='word_1_130' title='bbox 564 1434 629 1456; x_wconf 89' lang='lat' dir='ltr'>non</span> <span class='ocrx_word' id='word_1_131' title='bbox 653 1425 780 1456; x_wconf 85' lang='lat' dir='ltr'>videtur</span> <span class='ocrx_word' id='word_1_132' title='bbox 803 1427 889 1466; x_wconf 88' lang='lat' dir='ltr'>quod</span> <span class='ocrx_word' id='word_1_133' title='bbox 911 1427 976 1457; x_wconf 89' lang='lat' dir='ltr'>hu-</span> 
     </span>
     <span class='ocr_line' id='line_1_23' title="bbox 197 1477 974 1516; baseline 0.004 -9"><span class='ocrx_word' id='word_1_134' title='bbox 197 1477 339 1516; x_wconf 86' lang='lat' dir='ltr'>jusmodi</span> <span class='ocrx_word' id='word_1_135' title='bbox 365 1477 504 1509; x_wconf 81' lang='lat' dir='ltr'>defectus</span> <span class='ocrx_word' id='word_1_136' title='bbox 527 1479 665 1509; x_wconf 81' lang='lat' dir='ltr'>facerent</span> <span class='ocrx_word' id='word_1_137' title='bbox 687 1479 726 1509; x_wconf 86' lang='lat' dir='ltr'>ad</span> <span class='ocrx_word' id='word_1_138' title='bbox 750 1479 890 1511; x_wconf 85' lang='lat' dir='ltr'>veritatis</span> <span class='ocrx_word' id='word_1_139' title='bbox 914 1480 974 1510; x_wconf 90' lang='lat' dir='ltr'>hu-</span> 
     </span>
     <span class='ocr_line' id='line_1_24' title="bbox 200 1532 686 1563; baseline 0.006 -3"><span class='ocrx_word' id='word_1_140' title='bbox 200 1539 305 1561; x_wconf 82' lang='lat' dir='ltr'>manae</span> <span class='ocrx_word' id='word_1_141' title='bbox 320 1533 446 1562; x_wconf 81' lang='lat' dir='ltr'>naturae</span> <span class='ocrx_word' id='word_1_142' title='bbox 462 1532 686 1563; x_wconf 84' lang='lat' dir='ltr'>ostensionem.</span> 
     </span>
    </p>

    <p class='ocr_par' dir='ltr' id='par_1_8' title="bbox 193 1583 977 2582">
     <span class='ocr_line' id='line_1_25' title="bbox 240 1583 977 1625; baseline 0.005 -11"><span class='ocrx_word' id='word_1_143' title='bbox 240 1583 375 1624; x_wconf 84' lang='lat' dir='ltr'>Respon.</span> <span class='ocrx_word' id='word_1_144' title='bbox 394 1584 568 1615; x_wconf 88' lang='lat' dir='ltr'>Dicendum</span> <span class='ocrx_word' id='word_1_145' title='bbox 582 1587 639 1622; x_wconf 80' lang='lat' dir='ltr'>est,</span> <span class='ocrx_word' id='word_1_146' title='bbox 656 1585 741 1625; x_wconf 83' lang='lat' dir='ltr'>quod</span> <span class='ocrx_word' id='word_1_147' title='bbox 754 1588 800 1616; x_wconf 87' lang='lat' dir='ltr'>est</span> <span class='ocrx_word' id='word_1_148' title='bbox 812 1587 977 1618; x_wconf 84' lang='lat' dir='ltr'>ostendere</span> 
     </span>
     <span class='ocr_line' id='line_1_26' title="bbox 198 1638 975 1679; baseline 0.003 -11"><span class='ocrx_word' id='word_1_149' title='bbox 198 1638 367 1669; x_wconf 81' lang='lat' dir='ltr'>veritatem</span> <span class='ocrx_word' id='word_1_150' title='bbox 380 1638 533 1669; x_wconf 83' lang='lat' dir='ltr'>humanae</span> <span class='ocrx_word' id='word_1_151' title='bbox 552 1640 688 1675; x_wconf 64' lang='lat' dir='ltr'>naturae,</span> <span class='ocrx_word' id='word_1_152' title='bbox 706 1639 756 1669; x_wconf 91' lang='lat' dir='ltr'>vel</span> <span class='ocrx_word' id='word_1_153' title='bbox 778 1639 975 1679; x_wconf 75' lang='lat' dir='ltr'>simpliciter,</span> 
     </span>
     <span class='ocr_line' id='line_1_27' title="bbox 198 1692 975 1733; baseline 0.001 -10"><span class='ocrx_word' id='word_1_154' title='bbox 198 1692 248 1724; x_wconf 91' lang='lat' dir='ltr'>vel</span> <span class='ocrx_word' id='word_1_155' title='bbox 263 1692 440 1722; x_wconf 88' lang='lat' dir='ltr'>secundum</span> <span class='ocrx_word' id='word_1_156' title='bbox 455 1694 574 1722; x_wconf 88' lang='lat' dir='ltr'>statum</span> <span class='ocrx_word' id='word_1_157' title='bbox 593 1704 599 1723; x_wconf 79' lang='lat' dir='ltr'>z</span> <span class='ocrx_word' id='word_1_158' title='bbox 624 1692 693 1723; x_wconf 88' lang='lat' dir='ltr'>dico</span> <span class='ocrx_word' id='word_1_159' title='bbox 712 1702 789 1732; x_wconf 84' lang='lat' dir='ltr'>ergo</span> <span class='ocrx_word' id='word_1_160' title='bbox 811 1694 895 1733; x_wconf 87' lang='lat' dir='ltr'>quod</span> <span class='ocrx_word' id='word_1_161' title='bbox 914 1694 975 1725; x_wconf 90' lang='lat' dir='ltr'>hu-</span> 
     </span>
     <span class='ocr_line' id='line_1_28' title="bbox 193 1744 976 1785; baseline 0.004 -10"><span class='ocrx_word' id='word_1_162' title='bbox 193 1744 336 1784; x_wconf 83' lang='lat' dir='ltr'>jusmodi</span> <span class='ocrx_word' id='word_1_163' title='bbox 361 1744 501 1775; x_wconf 86' lang='lat' dir='ltr'>defectus</span> <span class='ocrx_word' id='word_1_164' title='bbox 526 1745 682 1785; x_wconf 81' lang='lat' dir='ltr'>assumpti</span> <span class='ocrx_word' id='word_1_165' title='bbox 705 1746 837 1777; x_wconf 85' lang='lat' dir='ltr'>fuerunt</span> <span class='ocrx_word' id='word_1_166' title='bbox 862 1747 900 1777; x_wconf 87' lang='lat' dir='ltr'>ad</span> <span class='ocrx_word' id='word_1_167' title='bbox 922 1757 976 1777; x_wconf 88' lang='lat' dir='ltr'>os-</span> 
     </span>
     <span class='ocr_line' id='line_1_29' title="bbox 197 1798 975 1832; baseline 0.005 -4"><span class='ocrx_word' id='word_1_168' title='bbox 197 1798 373 1829; x_wconf 82' lang='lat' dir='ltr'>tensionem</span> <span class='ocrx_word' id='word_1_169' title='bbox 416 1807 502 1829; x_wconf 80' lang='lat' dir='ltr'>verae</span> <span class='ocrx_word' id='word_1_170' title='bbox 542 1798 751 1830; x_wconf 83' lang='lat' dir='ltr'>humanitatis</span> <span class='ocrx_word' id='word_1_171' title='bbox 799 1801 975 1832; x_wconf 89' lang='lat' dir='ltr'>secundum</span> 
     </span>
     <span class='ocr_line' id='line_1_30' title="bbox 196 1852 976 1892; baseline 0.005 -10"><span class='ocrx_word' id='word_1_172' title='bbox 196 1853 314 1882; x_wconf 82' lang='lat' dir='ltr'>statum</span> <span class='ocrx_word' id='word_1_173' title='bbox 329 1852 554 1892; x_wconf 79' lang='lat' dir='ltr'>corruptionis,</span> <span class='ocrx_word' id='word_1_174' title='bbox 577 1855 608 1883; x_wconf 84' lang='lat' dir='ltr'>et</span> <span class='ocrx_word' id='word_1_175' title='bbox 628 1853 672 1883; x_wconf 85' lang='lat' dir='ltr'>sic</span> <span class='ocrx_word' id='word_1_176' title='bbox 688 1853 829 1884; x_wconf 87' lang='lat' dir='ltr'>Christus</span> <span class='ocrx_word' id='word_1_177' title='bbox 850 1855 976 1886; x_wconf 84' lang='lat' dir='ltr'>volebat</span> 
     </span>
     <span class='ocr_line' id='line_1_31' title="bbox 197 1905 970 1942; baseline 0.006 -7"><span class='ocrx_word' id='word_1_178' title='bbox 197 1905 359 1936; x_wconf 86' lang='lat' dir='ltr'>ostendere</span> <span class='ocrx_word' id='word_1_179' title='bbox 370 1929 376 1942; x_wconf 87' lang='lat'>,</span> <span class='ocrx_word' id='word_1_180' title='bbox 387 1905 488 1936; x_wconf 88' lang='lat' dir='ltr'>voluit</span> <span class='ocrx_word' id='word_1_181' title='bbox 495 1905 580 1935; x_wconf 90' lang='lat' dir='ltr'>enim</span> <span class='ocrx_word' id='word_1_182' title='bbox 595 1915 627 1936; x_wconf 90' lang='lat' dir='ltr'>se</span> <span class='ocrx_word' id='word_1_183' title='bbox 641 1907 732 1937; x_wconf 85' lang='lat' dir='ltr'>nohis</span> <span class='ocrx_word' id='word_1_184' title='bbox 745 1908 946 1939; x_wconf 86' lang='lat' dir='ltr'>conformare</span> <span class='ocrx_word' id='word_1_185' title='bbox 965 1921 970 1940; x_wconf 86' lang='lat'>:</span> 
     </span>
     <span class='ocr_line' id='line_1_32' title="bbox 197 1958 972 2001; baseline 0.006 -12"><span class='ocrx_word' id='word_1_186' title='bbox 197 1959 234 1989; x_wconf 80' lang='lat' dir='ltr'>in</span> <span class='ocrx_word' id='word_1_187' title='bbox 246 1958 496 1990; x_wconf 75' lang='lat' dir='ltr'>similz&#39;tudinem</span> <span class='ocrx_word' id='word_1_188' title='bbox 516 1959 603 1989; x_wconf 88' lang='lat' dir='ltr'>enim</span> <span class='ocrx_word' id='word_1_189' title='bbox 617 1959 781 1991; x_wconf 66' lang='lat' dir='ltr'>homimem</span> <span class='ocrx_word' id='word_1_190' title='bbox 797 1962 901 1999; x_wconf 76' lang='lat' dir='ltr'>saccus</span> <span class='ocrx_word' id='word_1_191' title='bbox 915 1965 972 2001; x_wconf 90' lang='lat' dir='ltr'>est,</span> 
     </span>
     <span class='ocr_line' id='line_1_33' title="bbox 198 2011 976 2051; baseline 0.009 -10"><span class='ocrx_word' id='word_1_192' title='bbox 198 2013 233 2042; x_wconf 90' lang='lat' dir='ltr'>ut</span> <span class='ocrx_word' id='word_1_193' title='bbox 254 2011 327 2042; x_wconf 87' lang='lat' dir='ltr'>dicit</span> <span class='ocrx_word' id='word_1_194' title='bbox 351 2011 521 2051; x_wconf 87' lang='lat' dir='ltr'>Apostolus</span> <span class='ocrx_word' id='word_1_195' title='bbox 534 2015 555 2050; x_wconf 51' lang='grc' dir='ltr'>Ξ,</span> <span class='ocrx_word' id='word_1_196' title='bbox 575 2015 604 2044; x_wconf 80' lang='lat' dir='ltr'>et</span> <span class='ocrx_word' id='word_1_197' title='bbox 625 2013 738 2045; x_wconf 72' lang='lat' dir='ltr'>habitu</span> <span class='ocrx_word' id='word_1_198' title='bbox 758 2015 908 2047; x_wconf 67' lang='lat' dir='ltr'>inventus</span> <span class='ocrx_word' id='word_1_199' title='bbox 931 2019 976 2048; x_wconf 79' lang='lat' dir='ltr'>est</span> 
     </span>
     <span class='ocr_line' id='line_1_34' title="bbox 199 2064 975 2108; baseline 0.005 -12"><span class='ocrx_word' id='word_1_200' title='bbox 199 2068 234 2096; x_wconf 78' lang='lat' dir='ltr'>ut</span> <span class='ocrx_word' id='word_1_201' title='bbox 248 2064 350 2096; x_wconf 79' lang='lat' dir='ltr'>homo.</span> <span class='ocrx_word' id='word_1_202' title='bbox 365 2065 414 2095; x_wconf 88' lang='lat' dir='ltr'>Ad</span> <span class='ocrx_word' id='word_1_203' title='bbox 428 2065 505 2095; x_wconf 91' lang='lat' dir='ltr'>illud</span> <span class='ocrx_word' id='word_1_204' title='bbox 526 2066 610 2105; x_wconf 90' lang='lat' dir='ltr'>quod</span> <span class='ocrx_word' id='word_1_205' title='bbox 633 2066 791 2106; x_wconf 85' lang='lat' dir='ltr'>objicitur,</span> <span class='ocrx_word' id='word_1_206' title='bbox 810 2069 894 2108; x_wconf 86' lang='lat' dir='ltr'>quod</span> <span class='ocrx_word' id='word_1_207' title='bbox 911 2078 975 2100; x_wconf 91' lang='lat' dir='ltr'>non</span> 
     </span>
     <span class='ocr_line' id='line_1_35' title="bbox 198 2117 975 2162; baseline 0.006 -14"><span class='ocrx_word' id='word_1_208' title='bbox 198 2117 271 2148; x_wconf 85' lang='lat' dir='ltr'>facit</span> <span class='ocrx_word' id='word_1_209' title='bbox 282 2118 321 2148; x_wconf 85' lang='lat' dir='ltr'>ad</span> <span class='ocrx_word' id='word_1_210' title='bbox 336 2118 548 2149; x_wconf 84' lang='lat' dir='ltr'>ostensionem</span> <span class='ocrx_word' id='word_1_211' title='bbox 563 2128 648 2150; x_wconf 87' lang='lat' dir='ltr'>verae</span> <span class='ocrx_word' id='word_1_212' title='bbox 667 2120 876 2152; x_wconf 83' lang='lat' dir='ltr'>humanitatis</span> <span class='ocrx_word' id='word_1_213' title='bbox 889 2123 975 2162; x_wconf 82' lang='lat' dir='ltr'>quod</span> 
     </span>
     <span class='ocr_line' id='line_1_36' title="bbox 198 2171 974 2211; baseline 0.006 -10"><span class='ocrx_word' id='word_1_214' title='bbox 198 2180 262 2201; x_wconf 89' lang='lat' dir='ltr'>non</span> <span class='ocrx_word' id='word_1_215' title='bbox 276 2173 322 2201; x_wconf 88' lang='lat' dir='ltr'>est</span> <span class='ocrx_word' id='word_1_216' title='bbox 337 2171 375 2201; x_wconf 89' lang='lat' dir='ltr'>de</span> <span class='ocrx_word' id='word_1_217' title='bbox 389 2171 523 2202; x_wconf 85' lang='lat' dir='ltr'>veritate</span> <span class='ocrx_word' id='word_1_218' title='bbox 536 2171 690 2204; x_wconf 83' lang='lat' dir='ltr'>humanae</span> <span class='ocrx_word' id='word_1_219' title='bbox 705 2175 841 2211; x_wconf 79' lang='lat' dir='ltr'>naturae,</span> <span class='ocrx_word' id='word_1_220' title='bbox 867 2175 974 2206; x_wconf 88' lang='lat' dir='ltr'>dicen-</span> 
     </span>
     <span class='ocr_line' id='line_1_37' title="bbox 197 2224 973 2267; baseline 0.008 -13"><span class='ocrx_word' id='word_1_221' title='bbox 197 2224 275 2255; x_wconf 91' lang='lat' dir='ltr'>dum</span> <span class='ocrx_word' id='word_1_222' title='bbox 304 2224 389 2264; x_wconf 87' lang='lat' dir='ltr'>quod</span> <span class='ocrx_word' id='word_1_223' title='bbox 416 2224 532 2255; x_wconf 85' lang='lat' dir='ltr'>falsum</span> <span class='ocrx_word' id='word_1_224' title='bbox 559 2228 624 2263; x_wconf 83' lang='lat' dir='ltr'>est3</span> <span class='ocrx_word' id='word_1_225' title='bbox 655 2227 783 2267; x_wconf 84' lang='lat' dir='ltr'>aliquod</span> <span class='ocrx_word' id='word_1_226' title='bbox 805 2229 886 2259; x_wconf 89' lang='lat' dir='ltr'>enim</span> <span class='ocrx_word' id='word_1_227' title='bbox 915 2239 973 2260; x_wconf 89' lang='lat' dir='ltr'>an—</span> 
     </span>
     <span class='ocr_line' id='line_1_38' title="bbox 197 2277 975 2322; baseline 0.009 -15"><span class='ocrx_word' id='word_1_228' title='bbox 197 2286 318 2308; x_wconf 81' lang='lat' dir='ltr'>nexum</span> <span class='ocrx_word' id='word_1_229' title='bbox 332 2277 426 2308; x_wconf 86' lang='lat' dir='ltr'>alicui</span> <span class='ocrx_word' id='word_1_230' title='bbox 440 2278 536 2309; x_wconf 85' lang='lat' dir='ltr'>statui</span> <span class='ocrx_word' id='word_1_231' title='bbox 550 2278 703 2310; x_wconf 67' lang='lat' dir='ltr'>humanae</span> <span class='ocrx_word' id='word_1_232' title='bbox 727 2283 851 2313; x_wconf 83' lang='lat' dir='ltr'>naturae</span> <span class='ocrx_word' id='word_1_233' title='bbox 873 2285 975 2322; x_wconf 84' lang='lat' dir='ltr'>potest</span> 
     </span>
     <span class='ocr_line' id='line_1_39' title="bbox 197 2331 973 2367; baseline 0.009 -6"><span class='ocrx_word' id='word_1_234' title='bbox 197 2340 264 2361; x_wconf 90' lang='lat' dir='ltr'>esse</span> <span class='ocrx_word' id='word_1_235' title='bbox 288 2331 486 2362; x_wconf 89' lang='lat' dir='ltr'>ostensivum</span> <span class='ocrx_word' id='word_1_236' title='bbox 508 2332 650 2363; x_wconf 85' lang='lat' dir='ltr'>veritatis</span> <span class='ocrx_word' id='word_1_237' title='bbox 675 2344 681 2364; x_wconf 89' lang='lat'><strong>:</strong></span> <span class='ocrx_word' id='word_1_238' title='bbox 700 2334 873 2366; x_wconf 84' lang='lat' dir='ltr'>accidentia</span> <span class='ocrx_word' id='word_1_239' title='bbox 887 2337 973 2367; x_wconf 90' lang='lat' dir='ltr'>enim</span> 
     </span>
     <span class='ocr_line' id='line_1_40' title="bbox 199 2385 974 2428; baseline 0.01 -15"><span class='ocrx_word' id='word_1_240' title='bbox 199 2392 351 2422; x_wconf 77' lang='lat' dir='ltr'>magnam</span> <span class='ocrx_word' id='word_1_241' title='bbox 374 2386 497 2424; x_wconf 88' lang='lat' dir='ltr'>partem</span> <span class='ocrx_word' id='word_1_242' title='bbox 527 2385 694 2417; x_wconf 83' lang='lat' dir='ltr'>conferunt</span> <span class='ocrx_word' id='word_1_243' title='bbox 715 2388 754 2419; x_wconf 90' lang='lat' dir='ltr'>ad</span> <span class='ocrx_word' id='word_1_244' title='bbox 778 2398 974 2428; x_wconf 86' lang='lat' dir='ltr'>cognoscen-</span> 
     </span>
     <span class='ocr_line' id='line_1_41' title="bbox 198 2435 973 2479; baseline 0.012 -13"><span class='ocrx_word' id='word_1_245' title='bbox 198 2435 276 2466; x_wconf 90' lang='lat' dir='ltr'>dum</span> <span class='ocrx_word' id='word_1_246' title='bbox 297 2437 382 2476; x_wconf 87' lang='lat' dir='ltr'>quod</span> <span class='ocrx_word' id='word_1_247' title='bbox 410 2438 487 2477; x_wconf 90' lang='lat' dir='ltr'>quid</span> <span class='ocrx_word' id='word_1_248' title='bbox 516 2440 572 2477; x_wconf 89' lang='lat' dir='ltr'>est,</span> <span class='ocrx_word' id='word_1_249' title='bbox 602 2441 750 2479; x_wconf 82' lang='lat' dir='ltr'>quamvis</span> <span class='ocrx_word' id='word_1_250' title='bbox 773 2451 838 2473; x_wconf 90' lang='lat' dir='ltr'>non</span> <span class='ocrx_word' id='word_1_251' title='bbox 858 2443 921 2473; x_wconf 88' lang='lat' dir='ltr'>sint</span> <span class='ocrx_word' id='word_1_252' title='bbox 935 2444 973 2475; x_wconf 87' lang='lat' dir='ltr'>de</span> 
     </span>
     <span class='ocr_line' id='line_1_42' title="bbox 197 2489 973 2536; baseline 0.014 -18"><span class='ocrx_word' id='word_1_253' title='bbox 197 2489 331 2520; x_wconf 85' lang='lat' dir='ltr'>essentia</span> <span class='ocrx_word' id='word_1_254' title='bbox 355 2490 401 2520; x_wconf 84' lang='lat' dir='ltr'>rei</span> <span class='ocrx_word' id='word_1_255' title='bbox 423 2493 444 2521; x_wconf 80' lang='lat'>³.</span> <span class='ocrx_word' id='word_1_256' title='bbox 470 2491 519 2522; x_wconf 89' lang='lat' dir='ltr'>Ad</span> <span class='ocrx_word' id='word_1_257' title='bbox 533 2492 685 2524; x_wconf 87' lang='lat' dir='ltr'>ultimum</span> <span class='ocrx_word' id='word_1_258' title='bbox 703 2498 788 2534; x_wconf 76' lang='lat' dir='ltr'>patet</span> <span class='ocrx_word' id='word_1_259' title='bbox 809 2498 973 2536; x_wconf 84' lang='lat' dir='ltr'>responsio</span> 
     </span>
     <span class='ocr_line' id='line_1_43' title="bbox 198 2541 598 2582; baseline 0.013 -10"><span class='ocrx_word' id='word_1_260' title='bbox 198 2550 255 2581; x_wconf 89' lang='lat' dir='ltr'>per</span> <span class='ocrx_word' id='word_1_261' title='bbox 268 2551 317 2580; x_wconf 86' lang='lat' dir='ltr'>ea,</span> <span class='ocrx_word' id='word_1_262' title='bbox 331 2552 404 2582; x_wconf 84' lang='lat' dir='ltr'>quae</span> <span class='ocrx_word' id='word_1_263' title='bbox 418 2541 499 2576; x_wconf 85' lang='lat' dir='ltr'>dicta</span> <span class='ocrx_word' id='word_1_264' title='bbox 513 2548 598 2577; x_wconf 83' lang='lat' dir='ltr'>sunt.</span> 
     </span>
    </p>
   </div>
   <div class='ocr_carea' id='block_1_8' title="bbox 197 2621 970 2695">
    <p class='ocr_par' dir='ltr' id='par_1_9' title="bbox 197 2621 970 2695">
     <span class='ocr_line' id='line_1_44' title="bbox 233 2621 969 2660; baseline 0.016 -16"><span class='ocrx_word' id='word_1_265' title='bbox 233 2622 240 2637; x_wconf 80' lang='lat'>¹</span> <span class='ocrx_word' id='word_1_266' title='bbox 255 2621 431 2652; x_wconf 76' lang='lat' dir='ltr'>Anselm.‚Cur</span> <span class='ocrx_word' id='word_1_267' title='bbox 438 2625 591 2658; x_wconf 77' lang='lat' dir='ltr'>Deuskomo,</span> <span class='ocrx_word' id='word_1_268' title='bbox 600 2627 643 2652; x_wconf 90' lang='lat' dir='ltr'>lib.</span> <span class='ocrx_word' id='word_1_269' title='bbox 653 2629 682 2659; x_wconf 80' lang='lat'>11,</span> <span class='ocrx_word' id='word_1_270' title='bbox 691 2636 712 2653; x_wconf 91' lang='lat' dir='ltr'>c.</span> <span class='ocrx_word' id='word_1_271' title='bbox 724 2635 758 2659; x_wconf 63' lang='grc' dir='ltr'>ει,</span> <span class='ocrx_word' id='word_1_272' title='bbox 767 2631 851 2660; x_wconf 83' lang='lat' dir='ltr'>quoad</span> <span class='ocrx_word' id='word_1_273' title='bbox 858 2638 969 2657; x_wconf 83' lang='lat' dir='ltr'>sensum.</span> 
     </span>
     <span class='ocr_line' id='line_1_45' title="bbox 197 2657 970 2695; baseline 0.017 -16"><span class='ocrx_word' id='word_1_274' title='bbox 197 2669 228 2674; x_wconf 91' lang='lat'>-</span> <span class='ocrx_word' id='word_1_275' title='bbox 237 2657 248 2674; x_wconf 72' lang='grc' dir='ltr'>ι</span> <span class='ocrx_word' id='word_1_276' title='bbox 256 2657 391 2689; x_wconf 73' lang='lat' dir='ltr'>Philzp.‚n‚</span> <span class='ocrx_word' id='word_1_277' title='bbox 400 2659 457 2683; x_wconf 85' lang='lat'>8.—</span> <span class='ocrx_word' id='word_1_278' title='bbox 466 2660 477 2676; x_wconf 79' lang='lat'><strong>³</strong></span> <span class='ocrx_word' id='word_1_279' title='bbox 486 2661 573 2692; x_wconf 63' lang='lat' dir='ltr'>Arist„</span> <span class='ocrx_word' id='word_1_280' title='bbox 583 2662 613 2686; x_wconf 76' lang='lat' dir='ltr'>de</span> <span class='ocrx_word' id='word_1_281' title='bbox 623 2658 726 2695; x_wconf 70' lang='lat' dir='ltr'>Anima,</span> <span class='ocrx_word' id='word_1_282' title='bbox 736 2664 780 2689; x_wconf 70' lang='lat' dir='ltr'>lib.</span> <span class='ocrx_word' id='word_1_283' title='bbox 792 2666 811 2693; x_wconf 89' lang='lat'>1,</span> <span class='ocrx_word' id='word_1_284' title='bbox 827 2669 895 2691; x_wconf 80' lang='lat' dir='ltr'>cont.</span> <span class='ocrx_word' id='word_1_285' title='bbox 910 2673 970 2691; x_wconf 88' lang='lat'>11.—</span> 
     </span>
    </p>
   </div>
   <div class='ocr_carea' id='block_1_9' title="bbox 1759 185 1813 214">
    <p class='ocr_par' dir='ltr' id='par_1_10' title="bbox 1759 185 1813 214">
     <span class='ocr_line' id='line_1_46' title="bbox 1759 185 1813 214; baseline -0.019 0"><span class='ocrx_word' id='word_1_286' title='bbox 1759 185 1813 214; x_wconf 83' lang='lat'>331</span> 
     </span>
    </p>
   </div>
   <div class='ocr_carea' id='block_1_10' title="bbox 1370 292 1506 313">
    <p class='ocr_par' dir='ltr' id='par_1_11' title="bbox 1370 292 1506 313">
     <span class='ocr_line' id='line_1_47' title="bbox 1370 292 1506 313; baseline -0.007 0"><span class='ocrx_word' id='word_1_287' title='bbox 1370 292 1438 313; x_wconf 82' lang='lat' dir='ltr'>DUB.</span> <span class='ocrx_word' id='word_1_288' title='bbox 1463 292 1506 312; x_wconf 88' lang='lat'>111.</span> 
     </span>
    </p>
   </div>
   <div class='ocr_carea' id='block_1_11' title="bbox 1043 352 1815 420">
    <p class='ocr_par' dir='ltr' id='par_1_12' title="bbox 1043 352 1815 420">
     <span class='ocr_line' id='line_1_48' title="bbox 1043 352 1815 384; baseline 0 -9"><span class='ocrx_word' id='word_1_289' title='bbox 1043 352 1166 380; x_wconf 70' lang='lat' dir='ltr'>Quaedam</span> <span class='ocrx_word' id='word_1_290' title='bbox 1181 355 1268 377; x_wconf 85' lang='lat' dir='ltr'>tamen</span> <span class='ocrx_word' id='word_1_291' title='bbox 1284 354 1446 384; x_wconf 84' lang='lat' dir='ltr'>reperiuntur</span> <span class='ocrx_word' id='word_1_292' title='bbox 1456 354 1480 377; x_wconf 90' lang='lat' dir='ltr'>in</span> <span class='ocrx_word' id='word_1_293' title='bbox 1492 355 1645 378; x_wconf 85' lang='lat' dir='ltr'>Sanctorum</span> <span class='ocrx_word' id='word_1_294' title='bbox 1659 352 1815 383; x_wconf 72' lang='lat' dir='ltr'>tractatibus,</span> 
     </span>
     <span class='ocr_line' id='line_1_49' title="bbox 1285 389 1574 420; baseline 0 -7"><span class='ocrx_word' id='word_1_295' title='bbox 1285 396 1341 420; x_wconf 77' lang='lat' dir='ltr'>quae</span> <span class='ocrx_word' id='word_1_296' title='bbox 1356 389 1511 420; x_wconf 72' lang='lat' dir='ltr'>praemissis,</span> <span class='ocrx_word' id='word_1_297' title='bbox 1526 391 1574 413; x_wconf 87' lang='lat' dir='ltr'>etc.</span> 
     </span>
    </p>
   </div>
   <div class='ocr_carea' id='block_1_12' title="bbox 1030 462 1819 2593">
    <p class='ocr_par' dir='ltr' id='par_1_13' title="bbox 1037 462 1819 1145">
     <span class='ocr_line' id='line_1_50' title="bbox 1082 462 1817 503; baseline 0.003 -11"><span class='ocrx_word' id='word_1_298' title='bbox 1082 462 1212 493; x_wconf 89' lang='lat' dir='ltr'>Videtur</span> <span class='ocrx_word' id='word_1_299' title='bbox 1228 465 1313 503; x_wconf 91' lang='lat' dir='ltr'>quod</span> <span class='ocrx_word' id='word_1_300' title='bbox 1329 465 1391 496; x_wconf 81' lang='lat' dir='ltr'>illae</span> <span class='ocrx_word' id='word_1_301' title='bbox 1416 465 1616 496; x_wconf 83' lang='lat' dir='ltr'>auctoritates</span> <span class='ocrx_word' id='word_1_302' title='bbox 1633 473 1747 495; x_wconf 89' lang='lat' dir='ltr'>verum</span> <span class='ocrx_word' id='word_1_303' title='bbox 1767 465 1817 495; x_wconf 90' lang='lat' dir='ltr'>di-</span> 
     </span>
     <span class='ocr_line' id='line_1_51' title="bbox 1040 517 1815 556; baseline 0.003 -10"><span class='ocrx_word' id='word_1_304' title='bbox 1040 518 1124 552; x_wconf 86' lang='lat' dir='ltr'>cant,</span> <span class='ocrx_word' id='word_1_305' title='bbox 1145 525 1218 556; x_wconf 81' lang='lat' dir='ltr'>quae</span> <span class='ocrx_word' id='word_1_306' title='bbox 1248 517 1357 548; x_wconf 88' lang='lat' dir='ltr'>dicunt</span> <span class='ocrx_word' id='word_1_307' title='bbox 1381 518 1541 549; x_wconf 79' lang='lat' dir='ltr'>Christum</span> <span class='ocrx_word' id='word_1_308' title='bbox 1566 528 1631 549; x_wconf 92' lang='lat' dir='ltr'>non</span> <span class='ocrx_word' id='word_1_309' title='bbox 1662 518 1815 549; x_wconf 86' lang='lat' dir='ltr'>timuisse.</span> 
     </span>
     <span class='ocr_line' id='line_1_52' title="bbox 1040 568 1817 610; baseline 0.006 -12"><span class='ocrx_word' id='word_1_310' title='bbox 1040 568 1196 600; x_wconf 84' lang='lat' dir='ltr'>Scribitur</span> <span class='ocrx_word' id='word_1_311' title='bbox 1220 571 1306 601; x_wconf 84' lang='lat' dir='ltr'>enim</span> <span class='ocrx_word' id='word_1_312' title='bbox 1333 571 1342 587; x_wconf 75' lang='lat'><strong>⁴</strong></span> <span class='ocrx_word' id='word_1_313' title='bbox 1371 580 1378 602; x_wconf 78' lang='grc' dir='ltr'>ε</span> <span class='ocrx_word' id='word_1_314' title='bbox 1403 572 1545 610; x_wconf 72' lang='lat' dir='ltr'>Perfecta</span> <span class='ocrx_word' id='word_1_315' title='bbox 1565 572 1708 604; x_wconf 78' lang='lat' dir='ltr'>charitas</span> <span class='ocrx_word' id='word_1_316' title='bbox 1730 572 1817 610; x_wconf 77' lang='lat' dir='ltr'>foras</span> 
     </span>
     <span class='ocr_line' id='line_1_53' title="bbox 1040 623 1816 664; baseline 0.005 -12"><span class='ocrx_word' id='word_1_317' title='bbox 1040 623 1141 654; x_wconf 73' lang='lat' dir='ltr'>mittit</span> <span class='ocrx_word' id='word_1_318' title='bbox 1154 623 1298 654; x_wconf 72' lang='lat' dir='ltr'>timorem</span> <span class='ocrx_word' id='word_1_319' title='bbox 1313 633 1323 652; x_wconf 90' lang='lat'>.·</span> <span class='ocrx_word' id='word_1_320' title='bbox 1335 624 1389 654; x_wconf 87' lang='lat' dir='ltr'>sed</span> <span class='ocrx_word' id='word_1_321' title='bbox 1402 624 1542 655; x_wconf 86' lang='lat' dir='ltr'>Christus</span> <span class='ocrx_word' id='word_1_322' title='bbox 1553 625 1816 664; x_wconf 82' lang='lat' dir='ltr'>perfectissimam</span> 
     </span>
     <span class='ocr_line' id='line_1_54' title="bbox 1039 676 1816 719; baseline 0.005 -13"><span class='ocrx_word' id='word_1_323' title='bbox 1039 676 1152 707; x_wconf 84' lang='lat' dir='ltr'>habuit</span> <span class='ocrx_word' id='word_1_324' title='bbox 1177 677 1363 719; x_wconf 83' lang='lat' dir='ltr'>charitatem</span> <span class='ocrx_word' id='word_1_325' title='bbox 1390 689 1396 709; x_wconf 76' lang='grc' dir='ltr'>ε</span> <span class='ocrx_word' id='word_1_326' title='bbox 1422 687 1499 718; x_wconf 87' lang='lat' dir='ltr'>ergo</span> <span class='ocrx_word' id='word_1_327' title='bbox 1522 679 1630 709; x_wconf 89' lang='lat' dir='ltr'>nullus</span> <span class='ocrx_word' id='word_1_328' title='bbox 1654 679 1687 709; x_wconf 90' lang='lat' dir='ltr'>in</span> <span class='ocrx_word' id='word_1_329' title='bbox 1705 688 1742 710; x_wconf 93' lang='lat' dir='ltr'>eo</span> <span class='ocrx_word' id='word_1_330' title='bbox 1765 679 1816 710; x_wconf 90' lang='lat' dir='ltr'>vi—</span> 
     </span>
     <span class='ocr_line' id='line_1_55' title="bbox 1039 730 1816 771; baseline 0.004 -12"><span class='ocrx_word' id='word_1_331' title='bbox 1039 730 1131 760; x_wconf 87' lang='lat' dir='ltr'>detur</span> <span class='ocrx_word' id='word_1_332' title='bbox 1151 730 1246 761; x_wconf 86' lang='lat' dir='ltr'>timor</span> <span class='ocrx_word' id='word_1_333' title='bbox 1269 731 1376 762; x_wconf 84' lang='lat' dir='ltr'>fuisse.</span> <span class='ocrx_word' id='word_1_334' title='bbox 1404 731 1502 769; x_wconf 88' lang='lat' dir='ltr'>Item,</span> <span class='ocrx_word' id='word_1_335' title='bbox 1533 732 1756 771; x_wconf 77' lang='lat' dir='ltr'>Augustinus,</span> <span class='ocrx_word' id='word_1_336' title='bbox 1780 733 1816 762; x_wconf 93' lang='lat' dir='ltr'>li-</span> 
     </span>
     <span class='ocr_line' id='line_1_56' title="bbox 1038 783 1818 826; baseline 0.003 -12"><span class='ocrx_word' id='word_1_337' title='bbox 1038 784 1096 814; x_wconf 89' lang='lat' dir='ltr'>bro</span> <span class='ocrx_word' id='word_1_338' title='bbox 1110 783 1282 815; x_wconf 81' lang='lat' dir='ltr'><em>LXXXIII</em></span> <span class='ocrx_word' id='word_1_339' title='bbox 1293 786 1508 824; x_wconf 75' lang='lat' dir='ltr'>quaestionum</span> <span class='ocrx_word' id='word_1_340' title='bbox 1520 786 1529 802; x_wconf 79' lang='lat'>⁵</span> <span class='ocrx_word' id='word_1_341' title='bbox 1543 796 1548 816; x_wconf 93' lang='lat'>:</span> <span class='ocrx_word' id='word_1_342' title='bbox 1566 785 1731 825; x_wconf 87' lang='lat' dir='ltr'>«Signum</span> <span class='ocrx_word' id='word_1_343' title='bbox 1747 795 1818 826; x_wconf 89' lang='lat' dir='ltr'>per-</span> 
     </span>
     <span class='ocr_line' id='line_1_57' title="bbox 1037 837 1818 870; baseline 0.003 -2"><span class='ocrx_word' id='word_1_344' title='bbox 1037 837 1179 868; x_wconf 82' lang='lat' dir='ltr'>fectionis</span> <span class='ocrx_word' id='word_1_345' title='bbox 1203 840 1249 868; x_wconf 84' lang='lat' dir='ltr'>cst</span> <span class='ocrx_word' id='word_1_346' title='bbox 1264 838 1371 869; x_wconf 91' lang='lat' dir='ltr'>nullus</span> <span class='ocrx_word' id='word_1_347' title='bbox 1388 840 1493 869; x_wconf 90' lang='lat' dir='ltr'>timor.</span> <span class='ocrx_word' id='word_1_348' title='bbox 1515 851 1529 867; x_wconf 83' lang='grc' dir='ltr'><strong>υ</strong></span> <span class='ocrx_word' id='word_1_349' title='bbox 1557 838 1616 869; x_wconf 86' lang='lat' dir='ltr'>Sed</span> <span class='ocrx_word' id='word_1_350' title='bbox 1640 840 1674 869; x_wconf 91' lang='lat' dir='ltr'>in</span> <span class='ocrx_word' id='word_1_351' title='bbox 1697 839 1818 870; x_wconf 88' lang='lat' dir='ltr'>Christo</span> 
     </span>
     <span class='ocr_line' id='line_1_58' title="bbox 1038 891 1818 932; baseline 0.003 -11"><span class='ocrx_word' id='word_1_352' title='bbox 1038 891 1097 922; x_wconf 82' lang='lat' dir='ltr'>fuit</span> <span class='ocrx_word' id='word_1_353' title='bbox 1113 901 1242 922; x_wconf 76' lang='lat' dir='ltr'>summa</span> <span class='ocrx_word' id='word_1_354' title='bbox 1257 893 1406 931; x_wconf 84' lang='lat' dir='ltr'>perfectio</span> <span class='ocrx_word' id='word_1_355' title='bbox 1425 904 1430 923; x_wconf 83' lang='lat' dir='ltr'><em>z</em></span> <span class='ocrx_word' id='word_1_356' title='bbox 1455 902 1534 932; x_wconf 88' lang='lat' dir='ltr'>ergo</span> <span class='ocrx_word' id='word_1_357' title='bbox 1559 892 1668 923; x_wconf 91' lang='lat' dir='ltr'>nullus</span> <span class='ocrx_word' id='word_1_358' title='bbox 1687 893 1818 924; x_wconf 90' lang='lat' dir='ltr'>omnino</span> 
     </span>
     <span class='ocr_line' id='line_1_59' title="bbox 1037 945 1819 986; baseline 0.004 -12"><span class='ocrx_word' id='word_1_359' title='bbox 1037 945 1098 975; x_wconf 83' lang='lat' dir='ltr'>fuit</span> <span class='ocrx_word' id='word_1_360' title='bbox 1116 945 1148 975; x_wconf 87' lang='lat' dir='ltr'>in</span> <span class='ocrx_word' id='word_1_361' title='bbox 1169 954 1206 976; x_wconf 92' lang='lat' dir='ltr'>eo</span> <span class='ocrx_word' id='word_1_362' title='bbox 1232 945 1338 976; x_wconf 86' lang='lat' dir='ltr'>timor.</span> <span class='ocrx_word' id='word_1_363' title='bbox 1365 945 1456 984; x_wconf 83' lang='lat' dir='ltr'>Item,</span> <span class='ocrx_word' id='word_1_364' title='bbox 1483 946 1592 977; x_wconf 90' lang='lat' dir='ltr'>nullus</span> <span class='ocrx_word' id='word_1_365' title='bbox 1615 946 1705 977; x_wconf 87' lang='lat' dir='ltr'>timet</span> <span class='ocrx_word' id='word_1_366' title='bbox 1733 947 1819 986; x_wconf 91' lang='lat' dir='ltr'>quod</span> 
     </span>
     <span class='ocr_line' id='line_1_60' title="bbox 1038 999 1819 1038; baseline 0.005 -10"><span class='ocrx_word' id='word_1_367' title='bbox 1038 1000 1139 1038; x_wconf 87' lang='lat' dir='ltr'>potest</span> <span class='ocrx_word' id='word_1_368' title='bbox 1167 999 1312 1038; x_wconf 85' lang='lat' dir='ltr'>effugere</span> <span class='ocrx_word' id='word_1_369' title='bbox 1336 1008 1343 1029; x_wconf 89' lang='lat'>:</span> <span class='ocrx_word' id='word_1_370' title='bbox 1369 1000 1422 1030; x_wconf 87' lang='lat' dir='ltr'>sed</span> <span class='ocrx_word' id='word_1_371' title='bbox 1447 1000 1590 1030; x_wconf 86' lang='lat' dir='ltr'>Christus</span> <span class='ocrx_word' id='word_1_372' title='bbox 1617 1004 1722 1032; x_wconf 82' lang='lat' dir='ltr'>certus</span> <span class='ocrx_word' id='word_1_373' title='bbox 1751 1003 1819 1032; x_wconf 88' lang='lat' dir='ltr'>erat</span> 
     </span>
     <span class='ocr_line' id='line_1_61' title="bbox 1037 1054 1814 1095; baseline 0.005 -13"><span class='ocrx_word' id='word_1_374' title='bbox 1037 1061 1167 1083; x_wconf 89' lang='lat' dir='ltr'>omnem</span> <span class='ocrx_word' id='word_1_375' title='bbox 1193 1062 1321 1092; x_wconf 78' lang='lat' dir='ltr'>poenam</span> <span class='ocrx_word' id='word_1_376' title='bbox 1347 1063 1380 1084; x_wconf 85' lang='lat' dir='ltr'>se</span> <span class='ocrx_word' id='word_1_377' title='bbox 1407 1063 1498 1093; x_wconf 88' lang='lat' dir='ltr'>posse</span> <span class='ocrx_word' id='word_1_378' title='bbox 1526 1054 1668 1093; x_wconf 85' lang='lat' dir='ltr'>effugere</span> <span class='ocrx_word' id='word_1_379' title='bbox 1699 1066 1706 1085; x_wconf 89' lang='grc'>;</span> <span class='ocrx_word' id='word_1_380' title='bbox 1735 1064 1814 1095; x_wconf 85' lang='lat' dir='ltr'>ergo</span> 
     </span>
     <span class='ocr_line' id='line_1_62' title="bbox 1038 1105 1515 1145; baseline 0.006 -11"><span class='ocrx_word' id='word_1_381' title='bbox 1038 1105 1166 1135; x_wconf 81' lang='lat' dir='ltr'>videtur</span> <span class='ocrx_word' id='word_1_382' title='bbox 1181 1106 1267 1145; x_wconf 87' lang='lat' dir='ltr'>quod</span> <span class='ocrx_word' id='word_1_383' title='bbox 1282 1106 1360 1136; x_wconf 86' lang='lat' dir='ltr'>nihil</span> <span class='ocrx_word' id='word_1_384' title='bbox 1375 1107 1515 1137; x_wconf 82' lang='lat' dir='ltr'>timebat.</span> 
     </span>
    </p>

    <p class='ocr_par' dir='ltr' id='par_1_14' title="bbox 1030 1158 1817 2593">
     <span class='ocr_line' id='line_1_63' title="bbox 1079 1158 1816 1202; baseline 0.005 -14"><span class='ocrx_word' id='word_1_385' title='bbox 1079 1158 1168 1198; x_wconf 84' lang='lat' dir='ltr'>Resp.</span> <span class='ocrx_word' id='word_1_386' title='bbox 1188 1159 1361 1189; x_wconf 85' lang='lat' dir='ltr'>Dicendum</span> <span class='ocrx_word' id='word_1_387' title='bbox 1375 1161 1459 1199; x_wconf 88' lang='lat' dir='ltr'>quod</span> <span class='ocrx_word' id='word_1_388' title='bbox 1475 1161 1569 1191; x_wconf 85' lang='lat' dir='ltr'>timor</span> <span class='ocrx_word' id='word_1_389' title='bbox 1584 1163 1629 1191; x_wconf 88' lang='lat' dir='ltr'>est</span> <span class='ocrx_word' id='word_1_390' title='bbox 1645 1161 1677 1191; x_wconf 94' lang='lat' dir='ltr'>in</span> <span class='ocrx_word' id='word_1_391' title='bbox 1700 1162 1816 1202; x_wconf 88' lang='lat' dir='ltr'>triplici</span> 
     </span>
     <span class='ocr_line' id='line_1_64' title="bbox 1036 1211 1813 1253; baseline 0.005 -12"><span class='ocrx_word' id='word_1_392' title='bbox 1036 1211 1214 1242; x_wconf 78' lang='lat' dir='ltr'>differentia</span> <span class='ocrx_word' id='word_1_393' title='bbox 1245 1221 1252 1242; x_wconf 76' lang='grc' dir='ltr'>ε</span> <span class='ocrx_word' id='word_1_394' title='bbox 1282 1212 1413 1252; x_wconf 82' lang='lat' dir='ltr'>quidam</span> <span class='ocrx_word' id='word_1_395' title='bbox 1440 1214 1527 1243; x_wconf 87' lang='lat' dir='ltr'>enim</span> <span class='ocrx_word' id='word_1_396' title='bbox 1556 1216 1602 1244; x_wconf 83' lang='lat' dir='ltr'>est</span> <span class='ocrx_word' id='word_1_397' title='bbox 1630 1215 1813 1253; x_wconf 74' lang='lat' dir='ltr'>gratuitus,</span> 
     </span>
     <span class='ocr_line' id='line_1_65' title="bbox 1036 1265 1814 1306; baseline 0.006 -12"><span class='ocrx_word' id='word_1_398' title='bbox 1036 1265 1166 1304; x_wconf 84' lang='lat' dir='ltr'>quidam</span> <span class='ocrx_word' id='word_1_399' title='bbox 1182 1265 1388 1303; x_wconf 83' lang='lat' dir='ltr'>libidinosus;</span> <span class='ocrx_word' id='word_1_400' title='bbox 1404 1267 1535 1306; x_wconf 86' lang='lat' dir='ltr'>quidam</span> <span class='ocrx_word' id='word_1_401' title='bbox 1551 1268 1715 1306; x_wconf 73' lang='lat' dir='ltr'>naturalis,</span> <span class='ocrx_word' id='word_1_402' title='bbox 1732 1269 1814 1299; x_wconf 88' lang='lat' dir='ltr'>inter</span> 
     </span>
     <span class='ocr_line' id='line_1_66' title="bbox 1035 1320 1817 1361; baseline 0.006 -13"><span class='ocrx_word' id='word_1_403' title='bbox 1035 1321 1209 1359; x_wconf 85' lang='lat' dir='ltr'>utrumque</span> <span class='ocrx_word' id='word_1_404' title='bbox 1234 1320 1368 1350; x_wconf 88' lang='lat' dir='ltr'>medius.</span> <span class='ocrx_word' id='word_1_405' title='bbox 1395 1320 1503 1351; x_wconf 84' lang='lat' dir='ltr'>Tiinor</span> <span class='ocrx_word' id='word_1_406' title='bbox 1525 1324 1632 1351; x_wconf 83' lang='lat' dir='ltr'>autem</span> <span class='ocrx_word' id='word_1_407' title='bbox 1656 1322 1817 1361; x_wconf 87' lang='lat' dir='ltr'>gratuitus</span> 
     </span>
     <span class='ocr_line' id='line_1_67' title="bbox 1035 1371 1817 1413; baseline 0.006 -12"><span class='ocrx_word' id='word_1_408' title='bbox 1035 1373 1081 1401; x_wconf 89' lang='lat' dir='ltr'>est</span> <span class='ocrx_word' id='word_1_409' title='bbox 1097 1371 1130 1401; x_wconf 93' lang='lat' dir='ltr'>in</span> <span class='ocrx_word' id='word_1_410' title='bbox 1147 1372 1262 1412; x_wconf 86' lang='lat' dir='ltr'>triplici</span> <span class='ocrx_word' id='word_1_411' title='bbox 1280 1373 1458 1403; x_wconf 82' lang='lat' dir='ltr'>differentia</span> <span class='ocrx_word' id='word_1_412' title='bbox 1477 1385 1482 1404; x_wconf 88' lang='lat'>:</span> <span class='ocrx_word' id='word_1_413' title='bbox 1508 1374 1640 1413; x_wconf 79' lang='lat' dir='ltr'>quidam</span> <span class='ocrx_word' id='word_1_414' title='bbox 1660 1377 1706 1405; x_wconf 87' lang='lat' dir='ltr'>est</span> <span class='ocrx_word' id='word_1_415' title='bbox 1721 1376 1817 1406; x_wconf 87' lang='lat' dir='ltr'>timor</span> 
     </span>
     <span class='ocr_line' id='line_1_68' title="bbox 1035 1426 1815 1469; baseline 0.006 -14"><span class='ocrx_word' id='word_1_416' title='bbox 1035 1434 1154 1465; x_wconf 76' lang='lat' dir='ltr'>poenae3</span> <span class='ocrx_word' id='word_1_417' title='bbox 1174 1426 1303 1465; x_wconf 86' lang='lat' dir='ltr'>quidam</span> <span class='ocrx_word' id='word_1_418' title='bbox 1319 1430 1366 1458; x_wconf 85' lang='lat' dir='ltr'>est</span> <span class='ocrx_word' id='word_1_419' title='bbox 1390 1428 1485 1458; x_wconf 84' lang='lat' dir='ltr'>timor</span> <span class='ocrx_word' id='word_1_420' title='bbox 1509 1428 1657 1466; x_wconf 82' lang='lat' dir='ltr'>offensae3</span> <span class='ocrx_word' id='word_1_421' title='bbox 1683 1429 1815 1469; x_wconf 89' lang='lat' dir='ltr'>quidam</span> 
     </span>
     <span class='ocr_line' id='line_1_69' title="bbox 1034 1479 1813 1514; baseline 0.006 -5"><span class='ocrx_word' id='word_1_422' title='bbox 1034 1479 1233 1510; x_wconf 58' lang='lat' dir='ltr'>reverentiae.</span> <span class='ocrx_word' id='word_1_423' title='bbox 1264 1479 1373 1511; x_wconf 82' lang='lat' dir='ltr'>Prima</span> <span class='ocrx_word' id='word_1_424' title='bbox 1410 1483 1439 1511; x_wconf 90' lang='lat' dir='ltr'>et</span> <span class='ocrx_word' id='word_1_425' title='bbox 1470 1482 1608 1512; x_wconf 80' lang='lat' dir='ltr'>secunda</span> <span class='ocrx_word' id='word_1_426' title='bbox 1636 1482 1813 1514; x_wconf 81' lang='lat' dir='ltr'>differentia</span> 
     </span>
     <span class='ocr_line' id='line_1_70' title="bbox 1034 1533 1812 1576; baseline 0.009 -14"><span class='ocrx_word' id='word_1_427' title='bbox 1034 1542 1099 1563; x_wconf 90' lang='lat' dir='ltr'>non</span> <span class='ocrx_word' id='word_1_428' title='bbox 1119 1533 1180 1563; x_wconf 78' lang='lat' dir='ltr'>fuit</span> <span class='ocrx_word' id='word_1_429' title='bbox 1203 1534 1235 1563; x_wconf 89' lang='lat' dir='ltr'>in</span> <span class='ocrx_word' id='word_1_430' title='bbox 1265 1533 1400 1572; x_wconf 84' lang='lat' dir='ltr'>Christo,</span> <span class='ocrx_word' id='word_1_431' title='bbox 1422 1544 1479 1574; x_wconf 84' lang='lat' dir='ltr'>pro</span> <span class='ocrx_word' id='word_1_432' title='bbox 1498 1544 1535 1565; x_wconf 92' lang='lat' dir='ltr'>eo</span> <span class='ocrx_word' id='word_1_433' title='bbox 1560 1536 1645 1574; x_wconf 80' lang='lat' dir='ltr'>quod</span> <span class='ocrx_word' id='word_1_434' title='bbox 1670 1538 1812 1576; x_wconf 73' lang='lat' dir='ltr'>perlecta</span> 
     </span>
     <span class='ocr_line' id='line_1_71' title="bbox 1034 1587 1806 1630; baseline 0.005 -13"><span class='ocrx_word' id='word_1_435' title='bbox 1034 1587 1177 1618; x_wconf 69' lang='lat' dir='ltr'>charitas</span> <span class='ocrx_word' id='word_1_436' title='bbox 1205 1588 1292 1625; x_wconf 80' lang='lat' dir='ltr'>foras</span> <span class='ocrx_word' id='word_1_437' title='bbox 1317 1588 1418 1619; x_wconf 72' lang='lat' dir='ltr'>mittit</span> <span class='ocrx_word' id='word_1_438' title='bbox 1444 1588 1588 1620; x_wconf 77' lang='lat' dir='ltr'>timorem</span> <span class='ocrx_word' id='word_1_439' title='bbox 1616 1592 1806 1630; x_wconf 80' lang='lat' dir='ltr'>utrumque3</span> 
     </span>
     <span class='ocr_line' id='line_1_72' title="bbox 1037 1640 1811 1674; baseline 0.005 -4"><span class='ocrx_word' id='word_1_440' title='bbox 1037 1640 1089 1670; x_wconf 89' lang='lat' dir='ltr'>sed</span> <span class='ocrx_word' id='word_1_441' title='bbox 1115 1641 1292 1671; x_wconf 87' lang='lat' dir='ltr'>secundum</span> <span class='ocrx_word' id='word_1_442' title='bbox 1323 1641 1447 1671; x_wconf 85' lang='lat' dir='ltr'>tertiam</span> <span class='ocrx_word' id='word_1_443' title='bbox 1472 1641 1684 1673; x_wconf 81' lang='lat' dir='ltr'>differentiam</span> <span class='ocrx_word' id='word_1_444' title='bbox 1706 1644 1765 1674; x_wconf 83' lang='lat' dir='ltr'>fuit</span> <span class='ocrx_word' id='word_1_445' title='bbox 1779 1644 1811 1674; x_wconf 89' lang='lat' dir='ltr'>in</span> 
     </span>
     <span class='ocr_line' id='line_1_73' title="bbox 1039 1693 1812 1734; baseline 0.005 -11"><span class='ocrx_word' id='word_1_446' title='bbox 1039 1693 1171 1730; x_wconf 78' lang='lat' dir='ltr'>Christo,</span> <span class='ocrx_word' id='word_1_447' title='bbox 1195 1695 1273 1733; x_wconf 87' lang='lat' dir='ltr'>quia</span> <span class='ocrx_word' id='word_1_448' title='bbox 1297 1695 1341 1724; x_wconf 89' lang='lat' dir='ltr'>sic</span> <span class='ocrx_word' id='word_1_449' title='bbox 1365 1704 1383 1725; x_wconf 86' lang='lat' dir='ltr'>a</span> <span class='ocrx_word' id='word_1_450' title='bbox 1408 1695 1544 1734; x_wconf 82' lang='lat' dir='ltr'>perfecta</span> <span class='ocrx_word' id='word_1_451' title='bbox 1570 1696 1722 1727; x_wconf 82' lang='lat' dir='ltr'>charitate</span> <span class='ocrx_word' id='word_1_452' title='bbox 1747 1706 1812 1727; x_wconf 91' lang='lat' dir='ltr'>non</span> 
     </span>
     <span class='ocr_line' id='line_1_74' title="bbox 1034 1747 1813 1788; baseline 0.005 -11"><span class='ocrx_word' id='word_1_453' title='bbox 1034 1747 1214 1787; x_wconf 80' lang='lat' dir='ltr'>expellitur,</span> <span class='ocrx_word' id='word_1_454' title='bbox 1233 1748 1285 1778; x_wconf 84' lang='lat' dir='ltr'>sed</span> <span class='ocrx_word' id='word_1_455' title='bbox 1300 1748 1406 1787; x_wconf 87' lang='lat' dir='ltr'>potius</span> <span class='ocrx_word' id='word_1_456' title='bbox 1420 1752 1675 1788; x_wconf 84' lang='lat' dir='ltr'>consummatur,</span> <span class='ocrx_word' id='word_1_457' title='bbox 1701 1760 1813 1781; x_wconf 88' lang='lat' dir='ltr'>secun-</span> 
     </span>
     <span class='ocr_line' id='line_1_75' title="bbox 1033 1801 1814 1842; baseline 0.008 -11"><span class='ocrx_word' id='word_1_458' title='bbox 1033 1801 1112 1831; x_wconf 85' lang='lat' dir='ltr'>dum</span> <span class='ocrx_word' id='word_1_459' title='bbox 1131 1801 1209 1832; x_wconf 85' lang='lat' dir='ltr'>illud</span> <span class='ocrx_word' id='word_1_460' title='bbox 1225 1801 1234 1817; x_wconf 73' lang='lat'><strong><em>⁶</em></strong></span> <span class='ocrx_word' id='word_1_461' title='bbox 1253 1813 1258 1832; x_wconf 92' lang='lat'>:</span> <span class='ocrx_word' id='word_1_462' title='bbox 1276 1802 1416 1841; x_wconf 72' lang='lat' dir='ltr'>Replebz&#39;t</span> <span class='ocrx_word' id='word_1_463' title='bbox 1438 1811 1507 1834; x_wconf 75' lang='lat' dir='ltr'>eum</span> <span class='ocrx_word' id='word_1_464' title='bbox 1530 1804 1666 1842; x_wconf 63' lang='lat' dir='ltr'>spiritus</span> <span class='ocrx_word' id='word_1_465' title='bbox 1686 1806 1814 1837; x_wconf 76' lang='lat' dir='ltr'>tz&#39;morz‘s</span> 
     </span>
     <span class='ocr_line' id='line_1_76' title="bbox 1034 1858 1812 1895; baseline 0.006 -7"><span class='ocrx_word' id='word_1_466' title='bbox 1034 1858 1180 1895; x_wconf 78' lang='lat' dir='ltr'>Domz&#39;m&#39;;</span> <span class='ocrx_word' id='word_1_467' title='bbox 1194 1858 1406 1889; x_wconf 82' lang='lat' dir='ltr'>etsecundum</span> <span class='ocrx_word' id='word_1_468' title='bbox 1420 1859 1498 1889; x_wconf 87' lang='lat' dir='ltr'>illud</span> <span class='ocrx_word' id='word_1_469' title='bbox 1510 1862 1520 1877; x_wconf 60' lang='grc' dir='ltr'>Τ</span> <span class='ocrx_word' id='word_1_470' title='bbox 1534 1870 1539 1889; x_wconf 84' lang='grc'>;</span> <span class='ocrx_word' id='word_1_471' title='bbox 1562 1859 1667 1891; x_wconf 72' lang='lat' dir='ltr'>Timor</span> <span class='ocrx_word' id='word_1_472' title='bbox 1682 1861 1812 1893; x_wconf 77' lang='lat' dir='ltr'>Domini</span> 
     </span>
     <span class='ocr_line' id='line_1_77' title="bbox 1032 1913 1812 1955; baseline 0.004 -13"><span class='ocrx_word' id='word_1_473' title='bbox 1032 1915 1162 1943; x_wconf 76' lang='lat' dir='ltr'>sanctus</span> <span class='ocrx_word' id='word_1_474' title='bbox 1174 1916 1339 1951; x_wconf 73' lang='lat' dir='ltr'>permanet</span> <span class='ocrx_word' id='word_1_475' title='bbox 1353 1913 1389 1944; x_wconf 66' lang='grc' dir='ltr'>4ῑη</span> <span class='ocrx_word' id='word_1_476' title='bbox 1404 1913 1684 1945; x_wconf 69' lang='grc' dir='ltr'>εωοιιίιιηιειεειιῑῐ.</span> <span class='ocrx_word' id='word_1_477' title='bbox 1703 1914 1740 1945; x_wconf 85' lang='lat' dir='ltr'>Et</span> <span class='ocrx_word' id='word_1_478' title='bbox 1756 1925 1812 1955; x_wconf 80' lang='lat' dir='ltr'>per</span> 
     </span>
     <span class='ocr_line' id='line_1_78' title="bbox 1032 1965 1808 2007; baseline 0.006 -12"><span class='ocrx_word' id='word_1_479' title='bbox 1032 1965 1093 1996; x_wconf 88' lang='lat' dir='ltr'>hoc</span> <span class='ocrx_word' id='word_1_480' title='bbox 1114 1968 1200 2005; x_wconf 82' lang='lat' dir='ltr'>patet</span> <span class='ocrx_word' id='word_1_481' title='bbox 1220 1966 1383 2005; x_wconf 83' lang='lat' dir='ltr'>responsio</span> <span class='ocrx_word' id='word_1_482' title='bbox 1406 1966 1444 1997; x_wconf 84' lang='lat' dir='ltr'>ad</span> <span class='ocrx_word' id='word_1_483' title='bbox 1472 1967 1614 2006; x_wconf 87' lang='lat' dir='ltr'>primum</span> <span class='ocrx_word' id='word_1_484' title='bbox 1637 1968 1808 2007; x_wconf 81' lang='lat' dir='ltr'>objectum.</span> 
     </span>
     <span class='ocr_line' id='line_1_79' title="bbox 1034 2020 1812 2058; baseline 0.004 -9"><span class='ocrx_word' id='word_1_485' title='bbox 1034 2020 1086 2050; x_wconf 84' lang='lat' dir='ltr'>Est</span> <span class='ocrx_word' id='word_1_486' title='bbox 1096 2020 1191 2050; x_wconf 88' lang='lat' dir='ltr'>etiam</span> <span class='ocrx_word' id='word_1_487' title='bbox 1205 2020 1285 2050; x_wconf 85' lang='lat' dir='ltr'>alius</span> <span class='ocrx_word' id='word_1_488' title='bbox 1296 2020 1392 2051; x_wconf 89' lang='lat' dir='ltr'>timor</span> <span class='ocrx_word' id='word_1_489' title='bbox 1402 2020 1601 2058; x_wconf 85' lang='lat' dir='ltr'>libidinosus,</span> <span class='ocrx_word' id='word_1_490' title='bbox 1619 2024 1649 2051; x_wconf 92' lang='lat' dir='ltr'>et</span> <span class='ocrx_word' id='word_1_491' title='bbox 1659 2022 1711 2052; x_wconf 91' lang='lat' dir='ltr'>ille</span> <span class='ocrx_word' id='word_1_492' title='bbox 1726 2022 1812 2053; x_wconf 87' lang='lat' dir='ltr'>simi-</span> 
     </span>
     <span class='ocr_line' id='line_1_80' title="bbox 1032 2072 1811 2114; baseline 0.005 -12"><span class='ocrx_word' id='word_1_493' title='bbox 1032 2073 1103 2102; x_wconf 87' lang='lat' dir='ltr'>liter</span> <span class='ocrx_word' id='word_1_494' title='bbox 1126 2073 1160 2102; x_wconf 91' lang='lat' dir='ltr'>in</span> <span class='ocrx_word' id='word_1_495' title='bbox 1184 2072 1353 2113; x_wconf 84' lang='lat' dir='ltr'>multiplici</span> <span class='ocrx_word' id='word_1_496' title='bbox 1379 2073 1560 2104; x_wconf 76' lang='lat' dir='ltr'>differentia</span> <span class='ocrx_word' id='word_1_497' title='bbox 1584 2076 1640 2111; x_wconf 79' lang='lat' dir='ltr'>est,</span> <span class='ocrx_word' id='word_1_498' title='bbox 1666 2075 1742 2114; x_wconf 83' lang='lat' dir='ltr'>quia</span> <span class='ocrx_word' id='word_1_499' title='bbox 1765 2078 1811 2106; x_wconf 84' lang='lat' dir='ltr'>est</span> 
     </span>
     <span class='ocr_line' id='line_1_81' title="bbox 1032 2125 1810 2164; baseline 0.004 -9"><span class='ocrx_word' id='word_1_500' title='bbox 1032 2125 1128 2156; x_wconf 90' lang='lat' dir='ltr'>timor</span> <span class='ocrx_word' id='word_1_501' title='bbox 1143 2126 1338 2164; x_wconf 85' lang='lat' dir='ltr'>mundanus,</span> <span class='ocrx_word' id='word_1_502' title='bbox 1356 2128 1387 2156; x_wconf 87' lang='lat' dir='ltr'>et</span> <span class='ocrx_word' id='word_1_503' title='bbox 1402 2129 1447 2157; x_wconf 87' lang='lat' dir='ltr'>est</span> <span class='ocrx_word' id='word_1_504' title='bbox 1463 2126 1560 2157; x_wconf 88' lang='lat' dir='ltr'>timor</span> <span class='ocrx_word' id='word_1_505' title='bbox 1577 2127 1740 2158; x_wconf 88' lang='lat' dir='ltr'>humanus</span> <span class='ocrx_word' id='word_1_506' title='bbox 1756 2137 1764 2158; x_wconf 89' lang='lat'>:</span> <span class='ocrx_word' id='word_1_507' title='bbox 1780 2130 1810 2158; x_wconf 90' lang='lat' dir='ltr'>et</span> 
     </span>
     <span class='ocr_line' id='line_1_82' title="bbox 1031 2179 1809 2218; baseline 0.003 -9"><span class='ocrx_word' id='word_1_508' title='bbox 1031 2179 1140 2210; x_wconf 90' lang='lat' dir='ltr'>nullus</span> <span class='ocrx_word' id='word_1_509' title='bbox 1154 2179 1288 2209; x_wconf 88' lang='lat' dir='ltr'>istorum</span> <span class='ocrx_word' id='word_1_510' title='bbox 1304 2179 1363 2210; x_wconf 81' lang='lat' dir='ltr'>fuit</span> <span class='ocrx_word' id='word_1_511' title='bbox 1377 2179 1411 2209; x_wconf 91' lang='lat' dir='ltr'>in</span> <span class='ocrx_word' id='word_1_512' title='bbox 1428 2179 1561 2218; x_wconf 90' lang='lat' dir='ltr'>Christo,</span> <span class='ocrx_word' id='word_1_513' title='bbox 1589 2190 1646 2211; x_wconf 87' lang='lat' dir='ltr'>nec</span> <span class='ocrx_word' id='word_1_514' title='bbox 1668 2181 1763 2211; x_wconf 82' lang='lat' dir='ltr'>etiam</span> <span class='ocrx_word' id='word_1_515' title='bbox 1776 2182 1809 2212; x_wconf 91' lang='lat' dir='ltr'>in</span> 
     </span>
     <span class='ocr_line' id='line_1_83' title="bbox 1032 2232 1808 2273; baseline 0.003 -10"><span class='ocrx_word' id='word_1_516' title='bbox 1032 2233 1102 2263; x_wconf 88' lang='lat' dir='ltr'>viro</span> <span class='ocrx_word' id='word_1_517' title='bbox 1130 2232 1268 2273; x_wconf 86' lang='lat' dir='ltr'>perfecto</span> <span class='ocrx_word' id='word_1_518' title='bbox 1299 2244 1305 2263; x_wconf 77' lang='lat' dir='ltr'>z</span> <span class='ocrx_word' id='word_1_519' title='bbox 1334 2235 1364 2263; x_wconf 88' lang='lat' dir='ltr'>et</span> <span class='ocrx_word' id='word_1_520' title='bbox 1391 2233 1434 2263; x_wconf 90' lang='lat' dir='ltr'>sic</span> <span class='ocrx_word' id='word_1_521' title='bbox 1460 2233 1650 2272; x_wconf 79' lang='lat' dir='ltr'>intelligitur</span> <span class='ocrx_word' id='word_1_522' title='bbox 1673 2235 1808 2265; x_wconf 89' lang='lat' dir='ltr'>verbum</span> 
     </span>
     <span class='ocr_line' id='line_1_84' title="bbox 1032 2286 1810 2326; baseline 0.003 -10"><span class='ocrx_word' id='word_1_523' title='bbox 1032 2286 1225 2325; x_wconf 82' lang='lat' dir='ltr'>Augustini,</span> <span class='ocrx_word' id='word_1_524' title='bbox 1253 2286 1340 2326; x_wconf 89' lang='lat' dir='ltr'>quod</span> <span class='ocrx_word' id='word_1_525' title='bbox 1372 2286 1505 2325; x_wconf 88' lang='lat' dir='ltr'>signum</span> <span class='ocrx_word' id='word_1_526' title='bbox 1537 2287 1737 2326; x_wconf 84' lang='lat' dir='ltr'>perfectionis</span> <span class='ocrx_word' id='word_1_527' title='bbox 1763 2290 1810 2319; x_wconf 81' lang='lat' dir='ltr'>est</span> 
     </span>
     <span class='ocr_line' id='line_1_85' title="bbox 1032 2339 1808 2380; baseline 0.004 -11"><span class='ocrx_word' id='word_1_528' title='bbox 1032 2339 1139 2370; x_wconf 89' lang='lat' dir='ltr'>nullus</span> <span class='ocrx_word' id='word_1_529' title='bbox 1153 2340 1259 2370; x_wconf 91' lang='lat' dir='ltr'>timor.</span> <span class='ocrx_word' id='word_1_530' title='bbox 1286 2339 1324 2370; x_wconf 88' lang='lat' dir='ltr'>Et</span> <span class='ocrx_word' id='word_1_531' title='bbox 1345 2349 1401 2380; x_wconf 91' lang='lat' dir='ltr'>per</span> <span class='ocrx_word' id='word_1_532' title='bbox 1414 2340 1475 2371; x_wconf 88' lang='lat' dir='ltr'>hoc</span> <span class='ocrx_word' id='word_1_533' title='bbox 1491 2343 1576 2380; x_wconf 80' lang='lat' dir='ltr'>patet</span> <span class='ocrx_word' id='word_1_534' title='bbox 1590 2341 1753 2380; x_wconf 88' lang='lat' dir='ltr'>responsio</span> <span class='ocrx_word' id='word_1_535' title='bbox 1769 2342 1808 2372; x_wconf 85' lang='lat' dir='ltr'>ad</span> 
     </span>
     <span class='ocr_line' id='line_1_86' title="bbox 1030 2393 1809 2425; baseline 0 -1"><span class='ocrx_word' id='word_1_536' title='bbox 1030 2393 1218 2424; x_wconf 85' lang='lat' dir='ltr'>secundum.</span> <span class='ocrx_word' id='word_1_537' title='bbox 1236 2393 1290 2424; x_wconf 88' lang='lat' dir='ltr'>Est</span> <span class='ocrx_word' id='word_1_538' title='bbox 1303 2394 1420 2424; x_wconf 89' lang='lat' dir='ltr'>iterum</span> <span class='ocrx_word' id='word_1_539' title='bbox 1436 2394 1531 2424; x_wconf 88' lang='lat' dir='ltr'>timor</span> <span class='ocrx_word' id='word_1_540' title='bbox 1555 2394 1588 2424; x_wconf 91' lang='lat' dir='ltr'>in</span> <span class='ocrx_word' id='word_1_541' title='bbox 1613 2394 1702 2424; x_wconf 79' lang='lat' dir='ltr'>tertia</span> <span class='ocrx_word' id='word_1_542' title='bbox 1721 2394 1809 2425; x_wconf 85' lang='lat' dir='ltr'>diffe-</span> 
     </span>
     <span class='ocr_line' id='line_1_87' title="bbox 1030 2446 1808 2485; baseline 0.003 -9"><span class='ocrx_word' id='word_1_543' title='bbox 1030 2446 1144 2485; x_wconf 86' lang='lat' dir='ltr'>rentia,</span> <span class='ocrx_word' id='word_1_544' title='bbox 1170 2447 1267 2477; x_wconf 86' lang='lat' dir='ltr'>timor</span> <span class='ocrx_word' id='word_1_545' title='bbox 1288 2446 1404 2477; x_wconf 88' lang='lat' dir='ltr'>scilicet</span> <span class='ocrx_word' id='word_1_546' title='bbox 1427 2446 1582 2477; x_wconf 86' lang='lat' dir='ltr'>naturalis</span> <span class='ocrx_word' id='word_1_547' title='bbox 1607 2456 1614 2476; x_wconf 88' lang='lat'>:</span> <span class='ocrx_word' id='word_1_548' title='bbox 1640 2448 1671 2476; x_wconf 84' lang='lat' dir='ltr'>et</span> <span class='ocrx_word' id='word_1_549' title='bbox 1685 2447 1742 2478; x_wconf 93' lang='lat' dir='ltr'>iste</span> <span class='ocrx_word' id='word_1_550' title='bbox 1762 2450 1808 2478; x_wconf 88' lang='lat' dir='ltr'>est</span> 
     </span>
     <span class='ocr_line' id='line_1_88' title="bbox 1030 2499 1808 2540; baseline 0.003 -10"><span class='ocrx_word' id='word_1_551' title='bbox 1030 2499 1065 2530; x_wconf 92' lang='lat' dir='ltr'>in</span> <span class='ocrx_word' id='word_1_552' title='bbox 1075 2499 1190 2539; x_wconf 88' lang='lat' dir='ltr'>triplici</span> <span class='ocrx_word' id='word_1_553' title='bbox 1204 2500 1381 2531; x_wconf 81' lang='lat' dir='ltr'>differentia</span> <span class='ocrx_word' id='word_1_554' title='bbox 1408 2511 1414 2531; x_wconf 89' lang='lat'>:</span> <span class='ocrx_word' id='word_1_555' title='bbox 1435 2500 1568 2540; x_wconf 80' lang='lat' dir='ltr'>quidam</span> <span class='ocrx_word' id='word_1_556' title='bbox 1587 2503 1634 2531; x_wconf 90' lang='lat' dir='ltr'>est</span> <span class='ocrx_word' id='word_1_557' title='bbox 1656 2501 1808 2532; x_wconf 84' lang='lat' dir='ltr'>sensuali-</span> 
     </span>
     <span class='ocr_line' id='line_1_89' title="bbox 1030 2553 1807 2593; baseline 0.001 -10"><span class='ocrx_word' id='word_1_558' title='bbox 1030 2553 1102 2583; x_wconf 84' lang='lat' dir='ltr'>tatis</span> <span class='ocrx_word' id='word_1_559' title='bbox 1126 2553 1350 2593; x_wconf 86' lang='lat' dir='ltr'>praevenientis</span> <span class='ocrx_word' id='word_1_560' title='bbox 1369 2554 1544 2590; x_wconf 86' lang='lat' dir='ltr'>rationem;</span> <span class='ocrx_word' id='word_1_561' title='bbox 1575 2553 1705 2593; x_wconf 87' lang='lat' dir='ltr'>quidam</span> <span class='ocrx_word' id='word_1_562' title='bbox 1732 2563 1807 2585; x_wconf 90' lang='lat' dir='ltr'>sen-</span> 
     </span>
    </p>
   </div>
   <div class='ocr_carea' id='block_1_13' title="bbox 1029 2633 1803 2699">
    <p class='ocr_par' dir='ltr' id='par_1_15' title="bbox 1029 2633 1803 2699">
     <span class='ocr_line' id='line_1_90' title="bbox 1029 2633 1803 2665; baseline 0.003 -9"><span class='ocrx_word' id='word_1_563' title='bbox 1029 2634 1038 2649; x_wconf 66' lang='lat'><em>*</em></span> <span class='ocrx_word' id='word_1_564' title='bbox 1059 2634 1065 2657; x_wconf 86' lang='lat'>1</span> <span class='ocrx_word' id='word_1_565' title='bbox 1081 2633 1164 2665; x_wconf 61' lang='lat' dir='ltr'>lomi„</span> <span class='ocrx_word' id='word_1_566' title='bbox 1181 2639 1216 2665; x_wconf 86' lang='lat' dir='ltr'>iv,</span> <span class='ocrx_word' id='word_1_567' title='bbox 1229 2636 1263 2658; x_wconf 82' lang='lat' dir='ltr'>IS.</span> <span class='ocrx_word' id='word_1_568' title='bbox 1276 2647 1305 2652; x_wconf 93' lang='lat'>—</span> <span class='ocrx_word' id='word_1_569' title='bbox 1323 2635 1330 2647; x_wconf 68' lang='lat'><strong>⁵</strong></span> <span class='ocrx_word' id='word_1_570' title='bbox 1349 2635 1426 2664; x_wconf 66' lang='lat' dir='ltr'>Aug,</span> <span class='ocrx_word' id='word_1_571' title='bbox 1448 2633 1477 2656; x_wconf 73' lang='lat' dir='ltr'>tle</span> <span class='ocrx_word' id='word_1_572' title='bbox 1490 2633 1541 2657; x_wconf 80' lang='lat' dir='ltr'>dir.</span> <span class='ocrx_word' id='word_1_573' title='bbox 1565 2634 1654 2663; x_wconf 76' lang='lat' dir='ltr'>Quaesl.</span> <span class='ocrx_word' id='word_1_574' title='bbox 1671 2635 1803 2665; x_wconf 78' lang='lat' dir='ltr'>LXXXIII,</span> 
     </span>
     <span class='ocr_line' id='line_1_91' title="bbox 1030 2669 1671 2699; baseline 0.003 -6"><span class='ocrx_word' id='word_1_575' title='bbox 1030 2675 1053 2699; x_wconf 91' lang='lat' dir='ltr'>q.</span> <span class='ocrx_word' id='word_1_576' title='bbox 1070 2674 1161 2693; x_wconf 77' lang='lat' dir='ltr'>xxxiv,</span> <span class='ocrx_word' id='word_1_577' title='bbox 1174 2682 1200 2686; x_wconf 85' lang='lat'>-</span> <span class='ocrx_word' id='word_1_578' title='bbox 1213 2669 1224 2686; x_wconf 65' lang='grc' dir='ltr'><strong>θ</strong></span> <span class='ocrx_word' id='word_1_579' title='bbox 1235 2670 1293 2698; x_wconf 76' lang='lat' dir='ltr'>Isa„</span> <span class='ocrx_word' id='word_1_580' title='bbox 1309 2675 1346 2697; x_wconf 75' lang='lat' dir='ltr'>xi,</span> <span class='ocrx_word' id='word_1_581' title='bbox 1363 2670 1387 2693; x_wconf 84' lang='lat'>2.</span> <span class='ocrx_word' id='word_1_582' title='bbox 1400 2680 1431 2687; x_wconf 89' lang='lat'>-—</span> <span class='ocrx_word' id='word_1_583' title='bbox 1441 2669 1451 2686; x_wconf 82' lang='lat'>*¹</span> <span class='ocrx_word' id='word_1_584' title='bbox 1464 2669 1620 2699; x_wconf 79' lang='lat' dir='ltr'>Psal.xvn1‚</span> <span class='ocrx_word' id='word_1_585' title='bbox 1634 2671 1671 2695; x_wconf 83' lang='grc'>10.</span> 
     </span>
    </p>
   </div>
  </div>
 </body>
</html>
