2017 2960
874 166 1063 200 DISTlNCT.
1086 167 1166 200 XXI.

210 239 318 270 minus
335 239 458 269 bonum
476 246 483 266 z
506 238 536 267 et
555 235 637 267 Deus
659 236 787 268 adducit
812 235 933 276 optima
954 235 989 265 in

209 301 328 334 genere
345 302 352 322 :
369 292 400 321 et
422 289 494 321 ideo
515 289 559 319 sic
578 289 652 320 facit
668 289 787 330 optima
799 313 808 328 ,
833 291 870 319 ut
894 289 989 319 etiam

209 347 307 388 possit
330 346 432 377 facere
448 344 598 382 meliora,
619 345 650 375 et
671 344 780 375 minus
803 344 898 374 bona.
916 343 988 374 Ideo

209 399 359 441 quamvis
375 399 435 430 iste
459 398 574 430 modus
598 399 679 429 esset
701 400 817 429 nostrae.
850 397 987 428 miseriae

208 454 450 487 convenientior
468 465 476 492 ;
498 463 563 484 non
585 455 692 484 tamen
716 453 878 493 oportuit,
903 453 988 493 quod

207 508 251 539 ita
272 508 404 547 eligeret
424 509 522 538 istum
551 506 696 544 modum,
718 506 804 547 quod
825 515 890 537 non
915 514 988 546 pos-

207 562 247 593 sit
261 562 382 602 eligere
396 561 496 592 alium
514 561 658 591 modum.

247 617 276 647 4.
294 615 343 647 Ad
357 615 436 646 illud
447 615 531 656 quod
548 614 710 655 objicitur,
724 615 809 655 quod
824 614 906 646 Deus
921 623 987 645 non

206 671 310 710 potest
321 670 423 700 facere
438 670 548 700 contra
564 677 656 699 suam
667 669 680 708 j
686 668 839 707 ustitiam,
856 670 886 699 et
895 668 987 708 justi-

206 723 250 754 tia
270 732 336 754 non
351 724 452 763 potest
467 723 584 762 praeter
597 722 843 754 satisfactionem
859 722 986 763 culpam

206 777 378 815 dimittere,
391 776 575 816 responderi
586 777 689 816 potest
702 785 758 816 per
769 777 986 817 interemptio-

205 839 281 862 nem
295 830 434 861 duarum
446 830 713 870 propositionum,
726 839 805 870 quas
818 831 984 870 proponit:

204 894 346 926 quarum
361 885 467 926 prima
489 888 535 916 est
550 885 632 924 haec,
647 886 731 926 quod
747 896 812 917 non
826 887 929 927 potuit
947 887 987 917 li-

202 940 308 971 berari
324 949 429 979 genus
443 940 626 971 humanum
642 941 703 971 nisi
719 950 775 981 per
789 941 876 971 viam
891 941 987 980 justi-

203 993 274 1032 tiae;
291 994 395 1034 potuit
416 994 504 1024 enim
525 994 655 1025 liberari
675 1003 731 1035 per
756 994 843 1025 viam
860 994 986 1026 miseri-

203 1047 342 1086 cordiae3
359 1057 418 1079 nec
431 1048 464 1078 in
480 1048 541 1079 hoc
555 1048 664 1079 suisset
688 1048 807 1079 factum
832 1048 985 1088 praejudi-

204 1101 290 1133 cium
305 1102 439 1142 Justitiae
453 1126 461 1139 ‚
479 1102 505 1132 si
521 1102 582 1133 hoe
602 1103 704 1133 facere
729 1103 895 1133 voluisset.
924 1102 983 1134 Po-

203 1156 316 1187 tuisset
343 1156 431 1186 enim
461 1156 571 1186 omnia
606 1156 761 1187 demerita
792 1156 896 1187 delere
913 1181 921 1195 ,
955 1159 984 1188 et

203 1207 370 1238 hominem
393 1207 427 1237 in
454 1206 553 1248 priori
585 1208 668 1238 statu
692 1207 904 1246 constituere,
926 1217 983 1239 nec

201 1260 406 1291 remansisset
414 1260 535 1301 aliquid
546 1261 766 1292 inordinatum
777 1261 810 1292 in
819 1261 981 1300 universo,

201 1323 261 1346 nec
277 1315 373 1346 etiam
390 1314 598 1356 impunitum.
620 1314 789 1346 Peccatum
814 1315 900 1346 enim
923 1315 984 1347 fert

201 1376 331 1408 poenam
348 1377 441 1400 suam
464 1378 585 1409 secum,
602 1378 659 1409 per
673 1378 772 1410 quam
788 1369 954 1401 ordinatur
971 1379 977 1399 x

1768 171 1827 202 k39

1045 238 1077 266 et
1090 236 1133 267 ita
1148 235 1174 266 si
1188 236 1256 267 sine
1278 235 1489 266 satisfactione
1507 244 1612 275 genus
1644 237 1826 268 humanum

1044 289 1220 327 liberasset,
1242 299 1308 321 non
1323 291 1453 330 propter
1466 289 1528 320 hoc
1544 291 1654 320 contra
1666 290 1826 330 justifiam

1047 343 1180 374 fecisset.
1199 343 1304 374 Potest
1326 343 1421 374 etiam
1443 343 1628 384 responderi
1644 353 1701 384 per
1725 344 1823 375 inter—

1046 398 1242 438 emptionem
1266 397 1352 428 illius
1367 422 1374 436 ,
1399 397 1484 437 quod
1518 396 1607 428 nullo
1633 397 1695 428 alio
1732 397 1826 429 modo

1045 453 1148 491 potest
1164 451 1357 488 satisfacere,
1375 451 1436 482 nisi
1452 460 1508 491 per
1526 453 1663 482 mortem
1683 459 1689 480 :
1708 460 1826 491 quam-

1044 505 1094 535 vis
1109 505 1196 535 enim
1211 505 1270 536 hoc
1287 508 1367 536 esset
1379 505 1483 545 magis
1497 515 1693 545 congruum,
1710 505 1825 536 fortas-

1044 558 1087 588 sis
1112 559 1273 589 modicum
1297 559 1490 599 supplicium
1506 560 1539 589 in
1554 562 1620 590 tam
1636 559 1735 590 nobili
1749 567 1825 599 per-

1044 622 1122 644 sona
1147 613 1322 644 suffecisset
1341 613 1380 644 ad
1396 613 1531 644 humani
1547 614 1675 653 generis
1692 623 1825 654 repara-

1043 667 1185 705 tionem;
1204 667 1258 698 sed
1278 667 1433 698 Dominus
1455 667 1489 698 in
1510 667 1675 698 liberando
1694 676 1825 707 supere-

1043 722 1197 761 rogavit:
1223 723 1353 762 propter
1377 721 1463 761 quod
1491 721 1606 751 dicitur
1628 722 1635 737 ¹
1659 731 1665 751 :
1690 721 1824 760 copiosa

1044 775 1133 815 apud
1149 784 1217 807 eum
1240 775 1425 815 redemptio.
1449 774 1524 805 Esto
1540 776 1649 805 tamen
1663 774 1748 814 quod
1760 783 1824 805 non

1043 828 1105 859 alio
1120 829 1214 859 modo
1229 829 1383 869 potuisset
1397 828 1543 859 satisfieri
1558 837 1615 869 pro
1629 837 1746 868 genere
1760 828 1822 860 hu-

1044 892 1151 920 mano,
1175 893 1233 914 nec
1253 893 1357 923 genus
1374 884 1556 914 humanum
1580 883 1671 913 aliter
1693 882 1822 920 redimi,

1043 937 1123 967 sicut
1147 937 1241 968 multi
1266 937 1441 968 concedunt
1459 946 1466 967 :
1483 939 1592 968 tamen
1617 946 1658 967 ex
1678 937 1739 967 hoc
1757 945 1823 967 non

1043 991 1198 1031 sequitur,
1224 991 1309 1031 quod
1331 991 1393 1021 alio
1420 991 1515 1021 modo
1539 1000 1606 1021 non
1630 990 1768 1030 potuerit
1782 990 1822 1020 li-

1042 1046 1159 1076 herari.
1183 1045 1226 1076 De
1248 1046 1435 1076 liberatione
1460 1046 1546 1076 enim
1567 1046 1701 1076 tirmiter
1716 1044 1821 1083 credo,

1043 1100 1128 1140 quod
1150 1100 1211 1130 alio
1237 1099 1332 1130 modo
1355 1099 1458 1139 potuit
1479 1099 1627 1137 liberari;
1648 1099 1686 1130 sle
1703 1098 1824 1130 redem-

1042 1154 1150 1194 ptione
1165 1163 1242 1184 vero
1256 1163 1314 1184 nec
1330 1163 1425 1193 nego,
1444 1162 1501 1183 nec
1525 1153 1626 1184 audeo
1648 1153 1821 1191 affirmare,

1041 1208 1118 1248 quia
1133 1208 1341 1239 temerarium
1356 1210 1413 1245 est,
1425 1217 1499 1239 eum
1515 1207 1552 1238 de
1566 1207 1674 1238 divina
1683 1207 1821 1247 potentia

1042 1262 1168 1301 agitur,
1200 1261 1375 1292 terminum
1400 1261 1573 1301 praefigere
1605 1261 1645 1291 ei.
1674 1261 1822 1301 Amplius

1041 1315 1127 1347 enim
1156 1317 1276 1356 potest,
1304 1324 1402 1355 quam
1436 1323 1496 1346 nos
1522 1322 1694 1355 possumus
1729 1314 1822 1354 cogi-

1041 1372 1121 1400 tare.

706 1539 1131 1587 DISTINCTIO
1177 1540 1306 1586 XXI

423 1681 464 1704 AN
479 1681 510 1703 IN
525 1680 654 1704 CHRISTO
668 1681 782 1704 DIVISIO
798 1682 829 1704 IN
843 1681 945 1704 MORTE
965 1681 1074 1704 FUERIT
1095 1680 1199 1703 ANIMAE
1212 1696 1219 1712 ,
1236 1681 1295 1703 VEL
1311 1680 1429 1712 CARN15‚
1446 1682 1466 1703 A
1481 1680 1592 1703 VERBO.

240 1791 320 1825 Post
334 1791 489 1837 praedicta
503 1792 781 1826 considerandum
797 1796 854 1832 est,
873 1795 987 1825 utrum
1002 1792 1038 1824 in
1052 1795 1157 1825 morte
1173 1791 1293 1825 Christi
1309 1804 1328 1825 a
1339 1791 1449 1825 Verbo
1464 1792 1505 1825 sit
1520 1795 1668 1837 separata
1682 1793 1805 1835 anima,

195 1849 249 1883 vel
263 1861 349 1883 caro.
377 1850 519 1890 Quidam
534 1854 735 1895 putaverunt
754 1854 835 1884 tunc
860 1861 1004 1892 carnem,
1028 1850 1111 1883 sicut
1135 1850 1176 1883 ab
1201 1850 1323 1892 anima,
1349 1850 1395 1883 ita
1420 1862 1437 1883 a
1458 1850 1630 1883 divinitate
1651 1849 1687 1884 in
1702 1855 1806 1885 morte

195 1907 296 1941 fuisse
318 1908 473 1942 divisam.
499 1908 535 1942 Si
559 1909 662 1952 enim,
688 1909 860 1953 inquiunt,
891 1909 1002 1942 anima
1025 1908 1134 1942 media
1154 1908 1310 1941 divinitas
1333 1908 1396 1941 sibi
1417 1920 1550 1941 carnem
1571 1908 1692 1951 univit,
1722 1909 1806 1943 sicut

195 1965 347 2011 superius
361 1971 372 1988 ¹
392 1970 610 2011 praetaxatum
633 1971 698 2008 est;
727 1978 804 2011 ergo
825 1967 958 2012 quando
979 1967 1085 2000 divisa
1104 1971 1151 2000 est
1172 1978 1246 2000 caro
1266 1967 1306 2000 ab
1332 1967 1455 2009 anima,
1479 1967 1584 2000 divisa
1605 1971 1653 2000 est
1671 1967 1769 2001 etiam
1785 1979 1804 2001 a

193 2024 380 2066 divinitate,
409 2025 489 2070 quia
511 2037 578 2058 non
601 2025 708 2070 potuit
732 2025 772 2058 ah
800 2025 910 2058 anima
934 2025 1077 2070 sejungi,
1104 2037 1161 2070 per
1183 2037 1283 2070 quam
1309 2026 1420 2059 Verbo
1447 2029 1516 2058 erat
1540 2026 1646 2067 unita,
1670 2026 1753 2071 quin
1785 2037 1804 2059 a

193 2082 304 2116 Verbo
327 2083 542 2118 divideretur.
563 2083 641 2116 Fuit
660 2087 770 2117 autem
789 2083 896 2117 divisa
914 2084 954 2116 ab
973 2084 1083 2117 anima
1102 2084 1138 2116 in
1159 2088 1276 2126 morte,
1303 2083 1453 2129 alioquin
1478 2095 1556 2117 vero
1571 2095 1659 2117 mors
1673 2084 1720 2117 ibi
1735 2095 1802 2117 non

192 2140 319 2184 fuisset,
337 2141 428 2186 quia,
455 2145 493 2174 ut
507 2142 552 2175 ait
566 2142 778 2186 Augustinus
791 2146 812 2184 ³,
835 2153 924 2175 mors
950 2153 1052 2187 quam
1081 2142 1196 2175 timent
1217 2141 1380 2184 homines,
1402 2142 1564 2187 separatio
1582 2146 1630 2175 est
1649 2142 1770 2175 animae
1783 2153 1803 2176 a

191 2211 301 2233 carne.
318 2199 407 2233 Mors
425 2205 536 2233 autem
557 2212 657 2245 quam
677 2212 744 2234 non
762 2201 890 2242 timent,
913 2201 1074 2245 separatio
1089 2204 1137 2233 est
1149 2201 1269 2234 animae
1285 2213 1303 2234 a
1318 2201 1397 2234 Deo.
1415 2201 1563 2246 Utraque
1578 2212 1656 2234 vero
1672 2200 1797 2234 diaboli

191 2269 291 2292 suasu
305 2258 435 2292 homini
459 2258 632 2304 propinata
655 2263 714 2292 est.
743 2258 779 2292 Si
801 2270 878 2303 ergo
900 2259 936 2292 in
960 2259 1089 2292 Christo
1112 2259 1246 2293 homine
1270 2270 1348 2293 vera
1365 2271 1454 2292 mors
1474 2259 1550 2301 fuit,
1577 2259 1683 2293 divisa
1697 2262 1744 2292 est
1754 2259 1801 2292 ibi

191 2317 302 2350 anima
315 2328 334 2350 a
348 2328 457 2360 carne,
482 2328 519 2350 ac
533 2328 590 2361 per
604 2317 666 2350 hoc
680 2317 837 2350 divinitas
857 2329 876 2350 a
899 2328 1008 2350 carne.
1031 2317 1118 2351 Huic
1133 2329 1199 2351 suce
1214 2317 1440 2362 probabilitati
1456 2317 1583 2351 addunt
1597 2316 1800 2350 auctoritatis

190 2374 428 2408 testimonium.
445 2375 642 2408 Ambrosius
660 2375 749 2409 enim
762 2379 903 2408 tractans
918 2375 957 2409 de
973 2375 1092 2409 Christi
1108 2376 1333 2418 derelictione,
1351 2376 1410 2421 qui
1426 2376 1461 2409 in
1476 2387 1571 2409 cruce
1586 2386 1663 2408 voce
1679 2386 1800 2418 magna

190 2431 335 2465 clamans
362 2433 445 2466 dixit
471 2439 481 2456 ⁸
512 2445 520 2466 ;
550 2435 649 2475 Deus,
675 2435 762 2467 Deus
783 2445 886 2475 meus,
912 2440 947 2468 ut
969 2434 1049 2479 quid
1067 2446 1120 2467 me
1142 2434 1365 2480 dereliquisti?
1389 2435 1433 2467 ait
1450 2436 1460 2453 ⁵
1478 2447 1484 2466 :
1512 2447 1528 2465 «
1549 2433 1677 2467 Clamat
1698 2433 1798 2467 homo

190 2489 393 2534 separatione
411 2490 591 2525 divinitatis
615 2492 808 2526 moriturus.
833 2492 917 2525 Nam
935 2504 1011 2526 cum
1032 2493 1188 2526 divinitas
1216 2493 1328 2527 mortis
1349 2493 1453 2526 libera
1475 2492 1536 2534 sit,
1562 2491 1678 2536 utique
1709 2502 1798 2525 mors

190 2546 237 2581 ibi
253 2558 321 2581 esse
335 2559 402 2582 non
421 2553 565 2594 poterat,
589 2550 654 2584 nisi
675 2550 744 2586 vita
765 2551 960 2595 discederet,
985 2551 1066 2597 quia
1085 2551 1154 2585 vita
1173 2551 1329 2585 divinitas
1349 2557 1406 2585 est.
1424 2564 1440 2583 >³
1458 2550 1521 2584 Hic
1538 2549 1672 2584 videtur
1696 2548 1794 2592 tradi,

224 2632 308 2658 1Ρειιί.
320 2639 410 2664 cxmx,
419 2635 441 2658 Ἰ.
450 2647 480 2652 -
491 2635 573 2660 ²Dist.
588 2642 655 2661 11.-
666 2637 676 2653 ³
685 2638 762 2669 Aug„
777 2638 870 2662 Enarr.
886 2638 911 2661 in
932 2638 972 2662 Ps.
988 2643 1064 2667 111111,
1077 2639 1116 2669 15,
1125 2644 1203 2663 serm,
1219 2643 1246 2667 11,
1258 2644 1284 2661 11.
1294 2638 1348 2661 2.-
1362 2635 1482 2667 ³Matth„
1496 2640 1580 2666 xxvn,
1593 2636 1665 2660 45.—-
1674 2636 1684 2654 ⁸
1695 2635 1795 2668 Ambr„

190 2669 216 2692 in
231 2668 300 2700 Luc.,
310 2669 354 2693 lib.
365 2670 397 2701 X,
409 2676 435 2694 n.
451 2671 503 2702 127,
518 2670 554 2695 ibi
569 2679 575 2695 :
590 2672 675 2704 Pater,
690 2673 718 2696 in
729 2679 817 2698 manus
832 2675 887 2698 tuas
901 2673 1043 2697 commendo
1055 2673 1182 2704 spiritum.
