2017 2960
139 348 177 368 rra
186 349 230 366 ds-

135 383 160 397 tis
174 380 231 397 ¹³11·-

137 413 170 429 tm·
184 410 218 429 nd-

244 182 302 210 -274
796 173 1105 205 SENTENTIARUM
1128 174 1202 204 LIB⁴
1228 173 1279 203 111.

243 245 362 289 uliquis
389 249 492 276 rector
523 243 753 276 ecclesiasticus
784 241 903 272 divitur
940 239 1094 283 proficere
1130 241 1162 272 in
1195 250 1273 271 cura
1309 239 1370 271 sibi
1406 240 1537 281 tradita,
1573 250 1648 272 cuni
1673 250 1730 283 per
1756 239 1827 283 ejus

244 301 439 335 industriam
455 301 510 333 alii
527 301 715 344 proliciunt.
729 312 744 329 η

290 360 377 392 Alibi
407 363 512 390 tamen
548 358 703 400 scriptum
744 354 927 398 reperitur,
967 354 1053 397 quod
1092 354 1272 386 secundum
1308 364 1439 385 sensum
1477 354 1618 386 hominis
1650 353 1834 397 profecerit,

138 447 170 457 m
194 447 216 458 Ἥ
246 415 587 449 sic11taetatoho111inis
614 412 758 456 profecit.
787 411 842 443 Ait
862 411 948 442 cuim
971 410 1164 443 Ambrosius
1188 411 1222 442 in
1245 411 1328 443 libro
1347 410 1386 443 de
1405 412 1651 444 Imm-nationis
1665 411 1836 444 domz‘nz‘cae

123 471 232 496 quo-imu-

174 510 189 520 *1
208 509 216 519 ἱ

135 502 171 519 tin·
194 509 212 520 ιι,

158 532 194 551 ait.

126 2131 155 2150 ij·
172 2131 232 2150 intr-1—

136 2162 223 2187 lugentia

131 2198 201 2217 ιιῐιἸῚΙΗ
208 2198 214 2201 “

145 2228 215 2241 sorum

143 2253 217 2271 wsb»-

246 478 452 506 sacramento
481 471 543 502 sic'
572 483 577 502 :
600 483 615 500 α
645 470 730 501 Deus
761 467 989 512 perfectionem
1018 472 1144 500 naturae
1172 467 1312 510 suscepit
1339 467 1503 500 humanae.
1531 468 1678 512 Suscepit
1704 479 1836 501 sensum

244 530 385 563 hominis
403 542 409 560 :
428 529 482 559 sed
502 539 568 559 non
586 538 682 559 sensu
696 525 801 557 carnis
816 525 878 557 fuit
893 525 1037 557 inflatus.
1058 524 1162 557 Sensu
1180 524 1321 557 hominis
1337 525 1480 556 animam
1497 525 1579 557 dixit
1592 526 1834 558 conturbatam:

241 599 335 619 sensu
363 585 504 618 hominis
529 584 665 616 esurivit
691 587 721 615 et
741 582 868 623 rof-tavit
888 594 893 613 :
922 593 1019 614 sensu
1047 582 1188 614 hominis
1212 581 1359 625 profecit,
1384 582 1467 613 sicut
1489 582 1644 625 scriptum
1660 587 1706 614 est
1723 594 1729 613 :
1746 585 1837 615 Jesus

237 644 431 689 proficiebat
447 649 544 676 (etate
564 648 593 674 et
609 641 775 685 sapientia
792 666 799 681 ,
817 647 846 671 et
861 641 986 683 qratia.
1004 639 1176 678 Quomodo
1191 639 1380 683 proficiebat
1395 638 1562 682 Sapientia
1576 639 1658 670 Dei‘?
1674 639 1838 672 Profectus

241 702 342 735 aetatis
367 706 398 733 et
426 700 589 745 profectus
619 699 806 742 sapientiae,
834 708 897 729 non
928 697 1065 737 divinae,
1095 697 1148 729 sed
1188 696 1339 729 humanae
1369 700 1492 728 naturae
1520 700 1578 728 est.
1607 696 1683 728 Ideo
1709 700 1836 729 aetatem

244 757 524 797 commemoravit,
550 761 586 788 ut
610 755 792 788 secundum
816 754 981 786 hominem
1005 755 1151 786 crederes
1174 754 1309 786 dictum.
1334 753 1428 786 AEtas
1450 754 1537 786 enim
1562 765 1627 786 non
1642 753 1834 795 divinitatis,

242 816 297 848 sed
324 815 468 858 corporis
495 819 552 845 est.
584 813 669 855 Ergo
701 812 726 843 si
756 812 946 855 proficiebat
970 816 1063 844 aetate
1091 812 1246 853 hominis,
1281 811 1469 855 proficiebat
1496 811 1654 854 sapientia
1680 811 1834 844 hominis.

242 873 363 905 Sensus
378 876 487 904 autem
502 870 644 902 hominis
659 869 793 911 profecit
811 882 818 909 ;
837 873 868 900 et
885 869 963 912 quia
978 880 1103 910 sensus,
1121 869 1192 901 ideo
1206 869 1374 912 sapientia.
1396 868 1477 907 Quis
1494 880 1607 901 sensus
1620 868 1809 912 proficiebat
1821 870 1836 900 ‘2

243 929 276 961 Si
292 929 470 968 humanus,
501 939 578 969 ergo
606 927 673 970 ipse
702 937 759 970 per
787 926 1025 958 incrementum
1054 930 1221 969 susceptus
1248 930 1306 958 est.
1338 926 1373 958 Si
1401 925 1546 966 divinus,
1577 925 1838 963 ergomutabilis

242 998 298 1031 per
326 986 518 1030 profectum.
549 984 643 1022 Quod
669 984 755 1015 enim
779 983 918 1026 prolicit,
946 987 1092 1015 mutatur
1114 983 1149 1014 in
1176 983 1311 1015 melius:
1337 983 1391 1015 sed
1411 982 1499 1026 quod
1521 982 1672 1015 divinum
1693 986 1752 1022 est,
1769 993 1836 1014 non

241 1048 400 1076 mutatur.
427 1042 521 1081 Quod
547 1052 623 1083 crgo
649 1044 808 1079 mutatur,
833 1051 899 1072 non
928 1046 975 1072 est
999 1040 1163 1072 divinum.
1191 1040 1312 1072 Sensus
1336 1051 1413 1082 ergo
1442 1039 1630 1083 proficiebat
1659 1039 1835 1071 humanus.

242 1101 381 1133 Sensum
399 1111 476 1141 ergo
508 1098 648 1142 suscepit
678 1098 902 1130 humanum...
935 1097 1000 1129 Nec
1031 1101 1156 1140 poterat
1185 1097 1361 1129 confortari
1387 1097 1492 1129 virtus
1519 1096 1590 1137 Dei,
1620 1107 1679 1128 nec
1698 1106 1838 1128 crescere

242 1158 339 1198 Deus,
358 1169 415 1189 nec
435 1156 572 1188 altitudo
600 1155 765 1198 sapientiae
793 1155 851 1186 Dei
880 1154 1021 1198 impleri.
1052 1154 1130 1192 Qufie
1161 1165 1238 1196 ergo
1267 1155 1478 1198 implebatur,
1509 1157 1578 1186 erat
1605 1164 1671 1186 non
1696 1153 1767 1194 Dei,
1783 1153 1839 1186 sed

241 1219 349 1247 nostra
373 1214 541 1257 sapientia.
567 1212 649 1244 Nam
674 1212 839 1255 quomodo
862 1211 1071 1254 implebatur,
1098 1212 1156 1255 qui
1178 1217 1214 1243 ut
1237 1212 1348 1243 omnia
1369 1212 1533 1255 impleret,
1555 1211 1748 1244 descendit?
1774 1211 1838 1244 Per

241 1284 339 1317 quem
355 1276 466 1304 autem
482 1282 613 1302 sensum
629 1269 711 1301 dixit
732 1269 843 1310 Isaias,
869 1268 958 1312 quod
980 1273 1103 1312 patrem
1128 1269 1289 1301 nesciebat
1316 1280 1397 1313 puer
1415 1273 1473 1301 aut
1489 1273 1624 1302 matrem
1639 1271 1654 1301 ‘i
1671 1269 1837 1312 Scriptum

241 1335 288 1362 est
317 1330 404 1361 enim
431 1333 441 1347 ²
472 1342 478 1360 :
510 1328 707 1370 Priusquam
748 1326 832 1358 sciat
862 1337 944 1369 puer
976 1337 1091 1359 vocare
1121 1333 1253 1370 patrem
1288 1333 1346 1358 ant
1373 1333 1534 1366 matrem,
1566 1326 1706 1370 accipiet
1733 1326 1838 1369 spolia

241 1387 417 1419 Samarz'w⁴
438 1385 637 1429 Sapientiam
654 1383 741 1416 enim
757 1383 814 1415 Dei
830 1384 943 1415 futura
958 1388 988 1415 et
1010 1384 1135 1416 occulta
1159 1395 1225 1416 non
1250 1384 1380 1416 fallunt.
1404 1384 1527 1427 Expers
1540 1387 1650 1416 autem
1663 1383 1838 1425 agnitionis

243 1444 401 1483 infantia,
432 1454 488 1486 per
515 1443 695 1474 humanam
731 1441 846 1484 utique
873 1440 1148 1485 imprudentiam,
1178 1441 1266 1484 quod
1299 1441 1406 1473 adhuc
1440 1451 1506 1473 non
1534 1440 1669 1482 didicit,
1695 1441 1835 1484 ignorat.

242 1500 305 1533 Sed
322 1500 502 1531 verendum
517 1503 576 1539 est,
596 1498 731 1541 inquam
752 1498 808 1540 (τι),
826 1508 866 1529 ne
881 1497 907 1529 si
927 1497 1009 1529 duos
1033 1497 1229 1541 principales
1252 1509 1378 1539 sensus,
1395 1502 1452 1530 aut
1466 1498 1631 1540 geminam
1646 1497 1838 1541 sapientiam

241 1557 369 1589 Christo
388 1557 582 1595 tribuamus,
604 1555 771 1587 Christum
794 1554 990 1586 dividamus.
1014 1554 1184 1598 Numquid
1205 1566 1280 1587 cum
1302 1558 1333 1587 et
1356 1555 1561 1587 divinitatem
1580 1554 1651 1598 ejus
1663 1558 1695 1587 et
1708 1566 1838 1587 carnem

242 1614 435 1654 adoramus,
465 1613 631 1645 Christum
661 1612 839 1644 dividimus
852 1614 866 1643 ‘t
896 1611 1066 1656 Numquid
1103 1624 1178 1644 cum
1218 1613 1253 1644 in
1287 1624 1324 1644 eo
1352 1612 1530 1655 imaginem
1559 1612 1617 1644 Dei
1645 1623 1839 1657 crucemque

242 1682 452 1710 veneramur,
493 1670 672 1702 dividimus
715 1681 791 1701 eum
821 1671 835 1700 ‘?
873 1669 1049 1712 Apostolus
1085 1674 1169 1702 certe
1206 1670 1263 1713 qui
1292 1669 1330 1702 de
1359 1681 1396 1701 eo
1435 1669 1518 1702 dixit
1546 1674 1568 1710 ⁸,
1595 1670 1752 1713 quoniam
1780 1671 1840 1703 etsi

242 1729 421 1771 crucifixus
442 1734 489 1760 cst
514 1739 553 1758 ecc
577 1727 771 1770 infirmitate
796 1732 909 1758 nostra
930 1727 983 1769 (b),
1001 1727 1082 1758 civit
1107 1731 1215 1758 tamen
1245 1738 1284 1758 ατ
1304 1726 1425 1758 virtute
1451 1727 1529 1767 Dei,
1546 1727 1614 1770 ipse
1642 1727 1839 1770 dixit¹⁹quia

242 1798 307 1818 mm
335 1785 456 1817 divisus
486 1791 532 1816 est
562 1784 722 1815 Christus.
750 1783 921 1826 Numquid
950 1784 1045 1815 etiam
1076 1795 1151 1815 cum
1179 1783 1336 1824 dicimus,
1354 1784 1463 1827 «quia
1489 1784 1633 1816 animam
1646 1784 1837 1816 rationalem

243 1848 274 1875 et
289 1842 472 1875 intellectus
486 1841 586 1873 nostri
604 1841 779 1884 susceperit
799 1852 961 1884 capacem,
988 1840 1166 1873 dividimus
1190 1852 1265 1873 eum
1281 1843 1295 1872 ‘?
1316 1841 1390 1873 Non
1405 1841 1492 1873 enim
1508 1841 1574 1884 ipse
1589 1841 1676 1873 Deus
1689 1841 1838 1874 Verbum

243 1911 302 1944 pro
323 1899 433 1931 anima
454 1898 606 1930 rationali
629 1902 660 1929 et
684 1898 868 1930 intellectus
890 1898 999 1941 capaci
1021 1898 1056 1930 in
1081 1909 1177 1930 carne
1206 1909 1265 1930 sua
1286 1898 1374 1939 fuit3
1399 1898 1454 1929 scd
1477 1898 1621 1930 animam
1645 1898 1838 1931 rationalem

243 1962 275 1990 et
301 1956 484 1988 intellectus
512 1955 613 1986 nostri
646 1965 814 1998 capacem,
845 1959 875 1987 et
903 1955 1007 1998 ipsam
1035 1955 1239 1996 humanam,
1268 1959 1299 1987 et
1329 1955 1475 1998 ejusdem
1504 1955 1713 1996 substantiae,
1744 1955 1838 1999 cujus

244 2018 362 2047 nostrae
382 2016 459 2045 sunt
482 2012 619 2053 ammte,
637 2016 668 2043 et
687 2023 817 2044 carnem
840 2017 955 2045 nostra}
979 2012 1138 2054 similem,
1155 2012 1379 2056 ejusdemque,
1396 2012 1490 2055 cujus
1504 2022 1578 2044 caro
1593 2015 1640 2044 est
1654 2016 1765 2045 nostra
1783 2012 1836 2056 (c),

245 2070 435 2103 substantiae
449 2070 644 2113 suscipiens,
660 2069 819 2112 perfectus
834 2070 932 2101 etiam
947 2070 1045 2102 homo
1060 2069 1135 2102 fuit.
1153 2083 1170 2100 »

291 2128 369 2159 lla-c
394 2127 493 2159 verba
521 2127 685 2158 Ambrosii
712 2127 766 2170 pia
803 2126 975 2169 diligentia
1010 2127 1211 2170 inspicienda
1245 2128 1322 2159 sunt
1353 2138 1360 2158 ε
1390 2137 1463 2170 quae
1501 2137 1541 2158 ex
1577 2129 1668 2169 parte
1694 2126 1838 2159 hominis

206 2199 223 2210 2-
247 2184 465 2227 ignorantiam
501 2183 669 2215 instruunt
703 2188 734 2215 et
769 2183 972 2225 illuminant,
1012 2195 1051 2217 ex
1082 2188 1173 2228 parte
1201 2183 1332 2216 errandi
1370 2183 1517 2216 fomitem
1555 2182 1639 2215 male
1674 2183 1837 2216 intellecta

249 2242 446 2275 ministrant.
477 2240 535 2272 His
562 2241 649 2272 enim
678 2240 844 2273 evidenter
868 2241 1020 2283 traditur,
1056 2242 1139 2275 duos
1170 2242 1204 2274 in
1236 2241 1364 2273 Christo
1392 2251 1459 2272 esse
1487 2240 1682 2284 principales
1709 2251 1834 2282 sensus,

246 2299 314 2331 sive
342 2298 506 2341 geminam
534 2297 737 2340 sapientiam.
768 2297 881 2341 Neque
912 2298 984 2331 ideo
1021 2299 1129 2331 unitas
1166 2302 1197 2330 et
1227 2297 1437 2340 singularitas
1470 2307 1616 2340 personae
1650 2296 1832 2337 dividitur;

245 2356 300 2388 sed
325 2356 421 2399 juxta
448 2354 529 2386 duas
560 2358 705 2395 naturas,
735 2355 816 2386 duas
846 2355 943 2387 habet
970 2356 1157 2400 sapientia:
1189 2366 1289 2388 unam
1316 2366 1382 2387 non
1410 2357 1562 2394 creatam,
1594 2353 1649 2385 sed
1676 2353 1833 2396 genitam,

245 2424 318 2458 qua)
333 2413 399 2457 ipse
414 2416 461 2444 est
477 2424 484 2451 3
501 2411 636 2443 alteram
664 2422 729 2443 non
759 2412 916 2453 genitam,
947 2413 1003 2445 sed
1027 2417 1179 2453 creatam,
1207 2416 1237 2444 et
1267 2423 1324 2455 per
1352 2411 1491 2454 gratiam
1518 2410 1548 2442 ei
1572 2410 1734 2443 collatam.
1751 2410 1834 2444 Nam

244 2470 342 2502 Isaias
361 2470 401 2502 de
423 2479 460 2501 eo
486 2472 682 2512 protestatur
703 2474 712 2488 ⁵
731 2482 737 2500 z
756 2469 937 2512 Iiequz'escit
956 2469 997 2512 (cl)
1018 2481 1112 2513 super
1132 2481 1205 2502 eum
1225 2469 1359 2513 spiritus
1387 2467 1559 2511 sapientioe
1579 2472 1610 2499 et
1637 2467 1831 2501 intellectus.

245 2526 368 2570 Spiritu
397 2536 475 2568 ergo
501 2524 666 2568 sapientia}
693 2529 724 2556 et
748 2525 950 2567 intellectus,
973 2526 1005 2558 id
1030 2531 1093 2568 est,
1111 2526 1269 2570 sapientia
1297 2530 1328 2558 et
1355 2523 1571 2566 intelligentia
1595 2535 1651 2566 per
1673 2523 1834 2568 Spiritum

275 2596 535 2626 ¹A11,hr.,tlelw;uru.
554 2596 615 2618 Tium
630 2614 636 2625 ,
653 2601 773 2624 ‹:.v11,n,
790 2597 907 2618 71-70.—
920 2597 927 2611 ’ἒ
937 2597 1007 2622 lxm„
1026 2597 1347 2626 i111.ln.-³ll(.'or.‚1111,
1357 2596 1533 2625 4.-⁴1Cor.,
1549 2601 1565 2623 Ι,
1582 2595 1749 2625 122.—-⁸lst11‘‚‚
1764 2600 1800 2625 xt,
1809 2596 1833 2618 2.

274 2641 308 2668 (α,
323 2641 362 2662 ΑΙ.
377 2640 468 2669 inquis.
482 2652 513 2658 -
529 2639 562 2668 (la)
581 2639 651 2669 Vuly.
667 2639 731 2661 deest
748 2641 844 2661 nostra.
855 2651 884 2656 —
896 2640 924 2667 (r)
939 2641 1007 2664 Edit.
1033 2641 1088 2663 t'we.
1104 2642 1207 2664 nostrae.
1225 2653 1254 2657 -—
1268 2640 1341 2669 Vulg.
1358 2640 1506 2669 Requmcat.
