2017 2960
693 133 791 165 mST.
814 133 919 166 XXIV.
942 134 1032 167 ART.
1058 136 1110 167 ΙΙΙ.
1135 136 1287 174 QUAEST.
1314 138 1337 168 Ι.

210 203 328 232 nuatur
350 202 436 242 quod
454 204 501 233 est
524 201 719 242 principium
737 201 933 233 discretionis
957 205 988 233 et

209 255 391 287 directionis
413 267 420 286 ε
442 258 541 288 arctat
555 256 643 288 enim
666 256 747 288 sicut
761 256 875 296 regula
888 257 987 289 direc-

210 309 274 340 tiva
287 312 432 350 respectu
446 311 593 342 omnium
611 320 740 349 eorum,
757 320 830 350 quae
844 320 987 341 commu-

209 364 291 394 niter
315 366 390 395 sunt
414 365 593 397 credenda:
618 368 649 397 et
668 366 713 396 sic
732 365 791 396 ista
814 365 986 396 notificatio

209 418 293 448 recte
317 420 364 448 est
387 419 544 459 assignata
559 444 567 458 ,
591 420 666 460 quia
689 428 753 450 non
784 420 909 449 tantum
940 420 987 450 est

209 471 303 502 realis
312 472 491 513 descriptio,
501 474 555 505 sed
563 476 594 504 et
605 473 747 504 nominis
756 472 983 512 interpretatio.

250 526 279 555 1.
296 526 344 556 Ad
358 526 437 557 illud
458 535 536 566 ergo
556 527 642 567 quod
665 526 770 566 primo
789 526 938 565 objicitur
952 525 986 556 in

209 580 417 619 contrarium,
434 581 519 620 quod
533 581 622 612 nulla
635 580 752 611 veritas
767 579 932 620 complexa
941 582 987 610 est

209 632 418 672 indivisibilis,
434 634 604 666 dicendum
615 634 700 674 quod
716 633 917 665 indivisibile
925 632 986 663 dic-

210 688 279 716 tum
295 686 332 717 de
347 687 479 718 articulo
492 697 556 718 non
579 688 686 728 privat
705 696 835 718 omnem
856 686 984 717 divisio-

209 749 295 780 nem,
311 742 364 773 sed
386 742 491 781 privat
513 751 584 772 eam
599 741 805 779 divisionem,
821 749 893 781 quae
914 740 986 780 qui·

209 793 281 825 dem
308 795 449 825 consistit
474 794 508 825 in
533 794 732 825 credibilium
761 794 983 825 distinctione:

208 847 361 887 quoniam
375 848 529 879 articulus
543 857 611 879 non
629 847 838 887 distinguitur
862 849 895 878 in
909 848 986 879 alios

209 900 357 932 articulos
369 925 376 939 ‚
393 901 438 931 ibi
455 901 543 932 enim
559 903 659 932 status
681 903 740 932 est.
762 901 866 933 Potest
889 902 986 933 etiam

209 953 300 984 aliter
317 954 399 993 dici,
422 955 507 995 quod
530 955 589 995 ipsi
607 955 820 996 complexioni
845 957 987 997 subjacet

210 1007 327 1038 veritas
344 1008 557 1039 indivisibilis.
576 1009 663 1040 Sicut
677 1009 763 1040 enim
781 1010 903 1041 dictum
927 1009 987 1040 fuit

209 1060 309 1099 prius⁷
323 1060 502 1092 intellectus
515 1062 599 1093 circa
612 1072 649 1093 ea
659 1072 732 1103 quae
750 1062 803 1093 Dei
817 1066 902 1101 sunt,
912 1065 942 1094 et
955 1063 987 1094 in

210 1113 283 1152 Deo,
301 1124 374 1154 quae
389 1117 465 1146 sunt
476 1117 608 1147 omnino
623 1116 788 1156 simplicia,
804 1117 989 1156 negotiatur

212 1166 243 1195 et
263 1165 412 1205 intelligit
432 1167 492 1197 sub
518 1168 739 1208 complexione
763 1169 899 1208 quadam
923 1179 929 1199 τ
957 1170 989 1199 et

209 1220 357 1258 quamvis
372 1222 475 1251 totum
488 1221 573 1260 quod
588 1223 632 1251 est
646 1221 728 1252 Deus
739 1245 746 1257 ‚
757 1222 795 1252 sit
812 1222 877 1261 ipse
894 1222 986 1260 Deus,

207 1275 314 1303 tamen
331 1273 526 1311 intellectus,
542 1274 621 1305 dum
639 1274 790 1314 intelligit
809 1275 928 1314 aliquid
951 1275 988 1305 de

207 1326 282 1363 Deo,
301 1326 450 1366 intelligit
462 1327 540 1358 illud
555 1327 589 1358 in
605 1327 726 1358 ratione
742 1328 888 1367 subjecti,
906 1330 936 1358 et
947 1330 990 1358 at-

209 1380 323 1410 tribuit
347 1380 375 1411 ei
401 1380 521 1420 aliquid
542 1381 576 1411 in
597 1381 718 1411 ratione
750 1381 923 1421 praedicati.
952 1381 991 1411 Et

209 1433 287 1472 quia
303 1433 443 1464 diversas
458 1433 486 1464 ei
507 1434 727 1464 attributiones
746 1434 818 1465 facit
830 1459 837 1472 ,
854 1435 930 1465 hinc
945 1437 991 1465 est

210 1486 296 1526 quod
313 1487 413 1526 ipsam
422 1487 587 1518 veritatem
603 1487 752 1527 primam,
765 1496 838 1527 quae
852 1497 918 1518 una
932 1490 989 1526 est,

211 1539 319 1570 multis
336 1540 437 1571 modis
449 1540 608 1580 intelligit,
618 1543 648 1571 et
663 1541 771 1571 multis
779 1541 882 1572 modis
893 1550 993 1572 enun-

211 1594 277 1625 tiat.

249 1649 268 1678 2
283 1650 313 1679 et
328 1650 356 1679 3.
377 1648 415 1679 Et
430 1658 486 1689 per
509 1648 569 1680 hoc
591 1651 675 1689 patet
692 1648 853 1688 responsio
875 1649 912 1679 acl
931 1649 994 1680 duo

211 1701 377 1742 sequentia
396 1713 403 1732 ς
419 1702 491 1732 licet
506 1702 592 1732 enim
608 1702 809 1732 indivisibilis
823 1702 940 1732 veritas
955 1703 996 1733 sit

210 1765 288 1794 una,
309 1758 416 1786 tamen
431 1755 555 1786 articuli
568 1757 642 1786 sunt
657 1755 775 1795 plures,
789 1755 866 1795 quia
882 1756 996 1787 articu-

209 1798 261 1840 lus
271 1818 335 1839 nou
350 1809 455 1839 solum
472 1811 518 1839 est
532 1809 600 1848 ipsa
615 1809 733 1839 veritas
748 1809 780 1838 in
796 1818 840 1846 se,
857 1809 910 1840 sed
926 1819 995 1849 pro-

211 1865 246 1894 ut
270 1865 474 1902 comparatur
503 1862 542 1893 ad
569 1862 710 1902 aliquam
735 1863 992 1895 attributionem,

214 1918 358 1956 respectu
376 1916 468 1955 cujus
484 1915 565 1946 Deus
580 1918 625 1945 est
640 1915 672 1945 in
691 1915 814 1946 ratione
840 1916 992 1955 subjecti,

212 1972 294 2002 sicut
310 1972 410 2002 Deum
436 1980 502 2001 esse
520 1973 694 2002 creatorem
707 1995 714 2009 ,
732 1971 832 2002 Deum
855 1981 921 2002 esse
936 1972 996 2002 tri-

212 2036 310 2062 num,
329 2025 426 2056 Deum
455 2034 523 2056 esse
546 2034 649 2055 unum
675 2036 681 2055 :
707 2027 737 2055 et
759 2025 879 2056 ratione
899 2025 997 2065 hujus

213 2080 329 2110 dicitur
355 2088 422 2109 esse
450 2078 566 2110 veritas
587 2078 791 2110 indivisibilis
820 2079 858 2109 de
882 2079 943 2110 Deo
967 2081 998 2109 et

213 2133 322 2174 plures
335 2132 475 2170 articuli,
491 2133 567 2172 quia
581 2133 674 2173 plura
697 2133 903 2163 enuntiabilia
923 2136 999 2164 sunt

215 2187 253 2217 de
268 2186 342 2224 Deo,
359 2188 390 2216 et
405 2186 487 2216 circa
500 2186 613 2224 Deum,
630 2195 703 2226 quae
717 2187 933 2217 necessarium
953 2189 1000 2217 est

216 2240 344 2271 credere
358 2240 417 2280 ipsi
428 2240 514 2271 fidei.

257 2295 287 2324 4.
312 2293 359 2324 Ad
383 2293 461 2324 illud
482 2293 568 2331 quod
594 2293 756 2333 objicitur,
783 2293 868 2333 quod
894 2294 999 2324 carnis

218 2346 409 2378 resurrectio
425 2355 489 2377 non
503 2348 549 2377 est
564 2346 602 2377 de
618 2346 699 2383 Deo,
722 2346 889 2377 dicendum
913 2347 999 2387 quod

220 2401 285 2431 imo
298 2424 306 2438 ‚
335 2401 367 2431 in
395 2402 554 2441 quantum
573 2402 658 2431 tenet
673 2400 827 2432 rationein
850 2401 974 2432 articuli
991 2411 998 2431 :

222 2454 266 2484 sic
281 2455 366 2484 enim
386 2458 590 2494 comparatur
614 2454 803 2486 resurrectio
823 2457 930 2486 nostra
948 2479 954 2491 ,
972 2458 1002 2486 et

257 2534 288 2563 (a)
303 2534 368 2557 Edit.
390 2534 445 2557 1'1111.
459 2535 610 2558 intellectus.
624 2548 650 2552 —
667 2534 702 2566 (b)
717 2535 897 2563 detmaniuauu
913 2535 948 2559 nl.
960 2535 1002 2558 de<

227 2569 361 2593 terminati.

1762 146 1819 175 535

1044 204 1148 235 carnis
1174 205 1372 236 resuscitatio
1383 229 1393 244 ,
1415 206 1455 236 ad
1482 207 1632 237 virtutem
1660 209 1816 242 divinam.

1043 256 1131 288 Unde
1152 258 1279 289 credere
1294 259 1397 289 carnis
1412 260 1678 292 resurrectionem
1693 271 1757 293 non
1772 266 1819 295 est

1042 311 1151 349 aliud,
1172 321 1271 351 quam
1294 313 1440 351 credere,
1466 314 1550 353 quod
1579 313 1661 345 Deus
1687 325 1819 356 corpora

1041 366 1149 395 nostra
1163 366 1380 402 resuscitabit,
1397 367 1546 407 exigente
1570 367 1631 399 hoc
1651 378 1709 399 sua
1722 370 1817 408 justi-

1041 417 1095 454 tia,
1112 419 1143 447 et
1156 418 1288 449 faciente
1303 428 1361 449 sua
1377 420 1526 459 potentia.

1082 472 1110 501 5.
1128 470 1176 500 Ad
1192 471 1269 502 illud
1290 472 1375 511 quod
1399 473 1547 513 objicitur
1570 475 1679 504 contra
1702 483 1818 506 secun-

1041 523 1114 553 dam
1130 526 1263 563 partem,
1280 526 1364 564 quod
1385 526 1539 557 articulus
1560 536 1626 557 non
1646 529 1744 559 arctat
1768 538 1818 559 ra-

1041 576 1171 613 tionem,
1189 586 1262 607 cum
1278 578 1317 607 sit
1332 587 1431 617 supra
1444 589 1526 617 eam,
1548 580 1718 612 dicendum
1733 582 1818 622 quod

1041 630 1194 661 articulus
1215 631 1372 662 diffinitur
1393 632 1444 663 hic
1468 634 1499 663 in
1520 635 1756 674 comparatione
1780 636 1819 667 ad

1042 684 1238 715 intellectum
1253 694 1318 715 non
1330 695 1584 727 quemcumque,
1602 689 1655 718 sed
1682 689 1820 720 intellec-

1041 739 1110 768 tum
1124 738 1330 769 informatum
1347 740 1408 770 fide
1424 749 1431 770 ε
1449 742 1479 770 et
1502 740 1563 771 hoc
1577 743 1724 778 notatur,
1746 752 1819 774 cum

1043 791 1160 822 dicitur
1176 794 1306 824 arctans
1318 801 1386 831 nos,
1400 793 1517 824 scilicet
1533 794 1652 825 fideles.
1669 794 1820 832 Quamvis

1041 850 1149 876 autem
1173 846 1325 877 articulus
1339 847 1379 877 sit
1399 848 1540 878 occultus
1562 848 1735 879 intellectui
1758 850 1794 888 (a)
1808 873 1818 889 ‚

1042 899 1097 939 qui
1111 899 1241 939 quidem
1255 908 1320 930 non
1334 900 1430 931 habet
1444 901 1550 939 fidem,
1567 904 1598 932 et
1613 902 1709 933 etiam
1724 911 1820 943 supra

1042 953 1163 992 ipsum3
1180 962 1245 983 non
1260 954 1367 984 tamen
1383 955 1429 985 est
1450 964 1545 995 supra
1559 955 1771 995 intellectum,
1788 956 1820 987 in

1042 1008 1201 1046 quantum
1215 1007 1277 1038 fide
1287 1007 1486 1038 illuminatur
1503 1011 1533 1039 et
1548 1009 1703 1040 elevatur.

1084 1065 1112 1090 ti.
1130 1060 1178 1091 Ad
1194 1060 1271 1091 illud
1295 1061 1379 1101 quod
1403 1061 1570 1101 objicitur,
1587 1063 1671 1102 quod
1695 1062 1821 1095 credere

1043 1116 1089 1144 est
1103 1122 1159 1153 per
1174 1123 1291 1144 meram
1310 1114 1507 1145 voluntatem
1522 1139 1529 1152 ‚
1549 1118 1579 1146 et
1606 1116 1651 1146 ita
1678 1126 1743 1147 non
1765 1126 1821 1156 per

1044 1166 1249 1197 arctationem
1262 1191 1270 1204 ,
1302 1167 1471 1198 dicendum
1501 1169 1586 1207 quod
1614 1171 1661 1200 est
1690 1170 1821 1201 arctatio

1044 1228 1117 1259 quae
1130 1222 1290 1259 repugnat
1302 1220 1456 1258 libertati,
1474 1223 1505 1250 et
1523 1224 1570 1252 est
1590 1223 1721 1254 arctatio
1747 1232 1820 1263 quae

1044 1274 1205 1312 repugnat
1221 1272 1425 1311 ambiguitati
1442 1283 1448 1302 ι
1467 1275 1584 1304 etcum
1610 1274 1723 1305 dicitur
1742 1276 1821 1306 arti-

1045 1325 1135 1356 culus
1148 1349 1155 1361 ,
1170 1325 1247 1365 quia
1266 1327 1365 1356 arctat
1388 1325 1425 1355 ad
1442 1326 1635 1357 credendum
1647 1352 1655 1365 ‚
1678 1328 1738 1359 hoc
1757 1337 1822 1360 non

1045 1379 1160 1410 dicitur
1178 1388 1234 1418 per
1255 1379 1449 1409 coactionem
1473 1378 1666 1417 voluntatis,
1690 1381 1743 1412 sed
1763 1382 1824 1413 hoc

1045 1433 1161 1463 <licitur
1181 1441 1237 1471 per
1259 1432 1471 1462 remotionem
1486 1433 1707 1472 ambiguitatis
1723 1444 1732 1465 t
1748 1435 1824 1475 qula

1047 1486 1080 1516 in
1091 1486 1159 1526 ipsa
1168 1486 1301 1516 veritate
1309 1485 1432 1516 articuli
1441 1486 1648 1518 determinate
1664 1488 1699 1527 (b)
1712 1489 1730 1518 fi
1735 1488 1825 1528 gitur

1048 1549 1138 1570 mens
1161 1539 1316 1570 credentis
1334 1563 1341 1576 ‚
1369 1541 1404 1569 ut
1432 1539 1614 1571 nullatenus
1636 1541 1675 1572 ad
1703 1544 1825 1582 partem

1048 1593 1143 1624 aliam
1155 1593 1336 1623 inclinetur.
1363 1593 1450 1624 Unde
1466 1593 1547 1624 sicut
1561 1594 1675 1625 dicitur
1694 1605 1758 1626 vox
1774 1605 1824 1626 ar-

1049 1647 1193 1685 ticulata,
1209 1655 1282 1686 quae
1307 1647 1346 1677 ad
1368 1647 1615 1686 significandum
1639 1649 1759 1689 aliquid
1781 1651 1827 1680 est

1050 1701 1269 1737 determinata,
1286 1710 1360 1731 cum
1375 1700 1463 1740 prius
1475 1701 1509 1731 in
1529 1710 1562 1731 se
1576 1701 1760 1734 indifferens
1775 1712 1827 1734 es-

1050 1758 1096 1786 set
1111 1755 1151 1785 ad
1169 1754 1416 1793 significandum
1436 1754 1578 1792 diversa;
1608 1755 1651 1786 sic
1675 1756 1828 1787 articulus

1051 1809 1177 1846 dicitur,
1194 1808 1270 1847 quia
1279 1807 1385 1847 ipsum
1400 1809 1524 1847 oportet
1537 1808 1744 1840 determinate
1760 1819 1827 1840 cre·

1051 1862 1136 1898 dere,
1152 1863 1182 1892 et
1197 1861 1225 1891 ei
1240 1861 1391 1891 assentire
1404 1884 1411 1896 ‚
1428 1861 1515 1891 omni
1531 1863 1650 1892 remota
1663 1863 1829 1902 ambigui—

1052 1917 1114 1945 tate
1130 1917 1160 1945 et
1174 1914 1386 1944 vacillatione.

1093 1972 1109 1999 7
1125 1971 1155 1999 et
1170 1970 1199 1999 8.
1215 1968 1263 1998 Ad
1272 1967 1351 1998 illud
1366 1967 1451 2007 quod
1465 1968 1636 2007 opponitur
1651 1968 1688 1999 de
1708 1969 1830 2009 obJecto

1053 2024 1188 2054 aliarum
1203 2022 1372 2058 virtutum,
1385 2022 1416 2052 et
1426 2021 1522 2052 etiam
1531 2022 1568 2052 de
1581 2024 1831 2062 praeceptoquod

1053 2078 1152 2108 arctat
1167 2076 1205 2106 ad
1221 2074 1451 2111 obediendum,
1467 2075 1638 2106 dicendum
1660 2076 1744 2115 quod
1768 2086 1832 2107 non

1054 2133 1099 2161 est
1115 2129 1232 2167 simile,
1246 2129 1333 2168 quia,
1349 2129 1430 2159 sicut
1442 2129 1531 2168 prius
1545 2129 1665 2160 dictum
1680 2131 1736 2167 est,
1755 2129 1833 2160 arti-

1054 2184 1145 2215 culus
1162 2192 1227 2213 non
1247 2184 1373 2213 tantum
1395 2182 1510 2213 dicitur
1538 2182 1616 2222 quia
1638 2184 1736 2213 arctat
1759 2182 1836 2213 obli-

1055 2238 1173 2278 gando,
1192 2236 1245 2267 sed
1261 2236 1336 2275 quia
1351 2236 1450 2266 arctat
1465 2235 1692 2275 distinguendo
1714 2238 1744 2266 et
1768 2235 1834 2266 dis-

1041 2288 1224 2327 *'ce1·nendo‚
1239 2291 1269 2320 et
1284 2289 1359 2329 quia
1374 2289 1410 2320 ad
1427 2289 1534 2329 ipsum
1545 2291 1604 2320 stat
1615 2289 1765 2320 resolutio
1782 2300 1787 2320 z
1806 2291 1837 2320 et

1056 2344 1209 2385 quoniam
1223 2343 1284 2374 hoc
1294 2343 1421 2383 proprie
1434 2343 1583 2374 convenit
1596 2342 1654 2382 ipsi
1666 2342 1749 2380 fidei,
1763 2350 1835 2381 quae

1056 2400 1103 2428 est
1118 2398 1220 2429 virtus
1235 2396 1402 2437 perficiens
1428 2396 1533 2436 ipsum
1556 2396 1773 2431 intellectum,
1797 2397 1836 2426 ad

1056 2462 1154 2492 quem
1175 2454 1293 2492 spectat
1312 2451 1507 2491 principium
1531 2453 1561 2481 et
1584 2450 1696 2489 regula
1717 2449 1838 2480 discre—

1058 2507 1169 2544 tionis;
1188 2506 1262 2536 hinc
1283 2508 1331 2536 est
1353 2505 1438 2545 quod
1453 2504 1558 2535 solum
1580 2504 1739 2544 objectum
1764 2503 1836 2534 fidei

1060 2560 1205 2591 vendicat
1219 2560 1279 2589 sibi
1293 2568 1410 2590 nomen
1425 2558 1560 2588 articuli.
