2017 2960
44 483 76 503 Ad
86 490 136 510 opp.

704 146 802 179 DIST.
825 146 930 179 XXVI.
951 146 1041 178 ΛΒΤ.
1065 147 1089 178 Ι.
1113 147 1265 185 QUAEST.
1291 148 1342 180 lv.

413 267 592 305 QUAESTIO
615 267 665 299 IV.

152 357 199 383 An
217 357 303 383 virtus
323 357 380 390 spei
395 356 544 390 aliquando
558 358 593 383 sit
608 357 733 390 informis
745 376 752 389 ,
773 365 809 384 cm
827 364 927 392 semper

434 402 471 427 sit
485 401 605 434 formata
622 401 640 427 ¹.

193 478 307 509 Utrum
321 479 424 510 virtus
441 480 507 519 spei
522 479 693 519 aliquando
707 480 747 510 sit
761 479 908 511 informis
917 502 926 517 ,

151 540 193 562 an
207 541 332 572 semper
345 532 384 562 sit
394 532 528 563 formata
537 543 545 570 ;
555 534 585 563 et
593 533 677 572 quod
686 532 724 563 sit
734 542 859 573 semper
868 533 929 563 for-

151 586 247 623 mata,
263 585 389 616 videtur
403 584 507 625 primo
527 594 582 625 per
597 585 819 617 diffinitionem
834 586 900 626 spei
918 595 925 616 :

150 639 226 678 Spes
245 641 292 669 est
311 640 397 669 certa
418 639 595 678 expectatio
615 639 732 670 suturae
754 639 927 670 beatitudi-

150 691 219 730 nis,
242 691 434 732 proveniens
454 700 495 722 ex
514 692 621 731 gratia
645 693 677 723 et
696 692 817 723 men'tis
840 701 849 723 :
872 693 927 724 sed

149 743 343 784 impossibile
363 746 409 775 est
431 743 606 775 diffinitum
633 746 773 785 separari
798 754 817 776 a
841 745 924 777 diffi-

149 796 332 828 nientibus:
349 805 428 836 ergo
443 796 639 837 impossibile
660 799 707 829 est
726 807 816 839 spem
834 808 926 839 sepa-

148 849 212 880 rari
233 858 252 880 a
273 849 395 880 meritis
415 851 447 881 et
467 850 573 890 gratia
593 859 601 881 :
625 850 680 881 sed
700 851 829 891 quando
849 860 925 883 cum

147 901 198 933 his
211 904 275 941 est,
290 911 416 943 semper
437 905 484 934 est
498 903 633 934 formata
650 914 657 935 z
676 913 754 944 ergo
777 904 926 945 impossi-

146 954 209 986 bile
220 957 267 987 est
280 965 370 996 spem
382 956 534 988 virtutem
549 965 616 988 esse
629 957 811 989 informem.

186 1011 217 1040 2.
240 1009 320 1041 Item
339 1009 400 1041 hoc
422 1010 529 1050 ipsum
554 1010 734 1042 ostenditur
754 1020 811 1051 per
833 1011 923 1050 illud,

146 1063 232 1104 quod
246 1063 322 1095 dicit
335 1063 488 1104 Magister
508 1064 542 1096 in
556 1064 660 1096 littera
677 1075 683 1096 :
705 1075 720 1094 α
734 1064 809 1095 Sine
825 1065 922 1096 meri-

145 1116 185 1148 tis
199 1117 319 1158 aliquid
332 1127 473 1158 sperare,
489 1127 555 1149 non
569 1127 640 1159 spes
650 1141 658 1157 ,
674 1118 728 1150 sed
744 1127 925 1159 praesump-

145 1170 189 1202 tio
203 1170 265 1202 dici
280 1172 404 1211 potest:
419 1181 435 1200 1>
453 1171 507 1202 sed
521 1173 732 1212 praesumptio
747 1174 793 1202 est
808 1172 924 1203 vitium

145 1224 328 1264 oppositum
346 1225 415 1264 spei
432 1235 439 1255 t
456 1233 553 1264 ergo,
578 1225 700 1255 meritis
721 1225 922 1263 absentibus,

145 1276 327 1308 immediate
347 1277 508 1308 subintrat
526 1277 644 1308 vitium
665 1278 726 1317 ipsi
742 1278 809 1318 spei
824 1287 921 1318 oppo-

145 1330 244 1361 situm
267 1340 275 1362 :
294 1330 349 1362 sed
371 1330 488 1362 vitium
512 1331 694 1371 oppositum
722 1331 834 1362 virtuti
857 1340 925 1363 non

145 1385 271 1415 tantum
285 1383 426 1415 excludit
446 1392 518 1415 eam
537 1386 696 1424 quantum
711 1384 750 1415 ad
765 1385 837 1424 ejus
857 1385 925 1415 for-

144 1447 250 1477 mam,
267 1437 322 1470 sed
340 1438 438 1469 etiam
453 1439 612 1478 quantum
627 1439 664 1469 ad
682 1438 829 1470 habitum
848 1439 925 1470 sub-

143 1493 279 1523 stratum
291 1499 299 1521 :
311 1500 391 1531 ergo
409 1491 536 1523 videtur
550 1492 647 1532 quod,
660 1491 845 1523 absentibus
861 1501 925 1523 me-

143 1544 227 1582 ritiS,
248 1544 328 1576 nihil
349 1546 514 1576 remaneat
537 1544 576 1576 de
595 1544 715 1576 virtute
736 1545 803 1585 spei
820 1556 827 1576 ε
845 1554 924 1585 ergo

143 1607 209 1629 non
224 1600 326 1639 potest
339 1598 409 1630 fieri
421 1598 581 1630 informis.

184 1653 214 1683 3.
235 1651 315 1683 Item
333 1652 412 1683 fides
431 1652 573 1683 consistit
591 1652 709 1692 partim
731 1652 766 1682 in
786 1652 900 1683 affectu
913 1677 922 1692 ‚

143 1706 259 1746 partim
272 1705 307 1736 in
318 1705 483 1737 intellectu
499 1715 507 1737 ι
524 1705 662 1736 charitas
677 1708 785 1736 autem
802 1706 923 1737 consis-

142 1758 180 1789 tit
195 1758 380 1799 simpliciter
401 1759 436 1789 in
458 1758 573 1789 affectu
593 1768 600 1789 :
618 1758 672 1789 sed
695 1759 776 1789 facta
800 1759 924 1791 deordi-

142 1812 273 1843 natione
287 1813 320 1843 in
335 1812 451 1843 affectu
470 1821 527 1852 per
542 1814 719 1852 peccatum,
737 1812 923 1852 simpliciter

143 1865 265 1897 tollitur
287 1865 442 1903 charitas,
469 1865 620 1905 quamvis
646 1874 712 1896 non
735 1866 922 1906 simpliciter

143 1919 273 1950 tollatur
295 1918 389 1957 fides,
414 1927 489 1950 cum
505 1918 627 1958 aliquid
646 1918 763 1949 habeat
776 1928 817 1950 ex
834 1921 922 1959 parte

144 1972 334 2004 intellectuS.
359 1971 448 2004 Unde
475 1972 617 2003 charitas
640 1981 706 2003 non
728 1973 830 2012 potest
854 1981 922 2003 esse

144 2026 306 2065 informis,
331 2026 603 2066 quemadmodum
629 2025 708 2056 fides
732 2027 834 2065 potest
853 2034 922 2057 esse

144 2080 308 2112 informis:
325 2089 405 2120 ergo
428 2080 454 2110 si
479 2088 549 2119 spes
571 2089 603 2111 se
625 2079 763 2110 totaliter
779 2081 865 2111 tenet
881 2088 922 2111 ex

144 2136 234 2174 parte
249 2134 391 2172 affectus,
403 2134 484 2165 sicut
500 2135 530 2165 et
543 2133 691 2170 charitas,
706 2133 845 2171 videtur,
859 2135 919 2165 etc.

184 2190 215 2219 4.
245 2187 326 2219 Item
349 2188 454 2219 virtus
482 2188 556 2219 fidei
584 2190 660 2218 tunc
687 2189 734 2218 est
764 2187 898 2218 formata
910 2211 920 2227 ,

144 2242 272 2282 quando
288 2251 354 2273 non
378 2243 505 2272 tantum
527 2241 626 2272 credit
646 2240 725 2279 Deo,
747 2241 801 2272 sed
824 2241 920 2272 etiam

144 2295 178 2326 in
200 2295 318 2333 Deum;
345 2294 476 2335 quando
500 2294 587 2325 enim
614 2293 784 2325 credulitas
809 2295 921 2334 Juncta

144 2351 191 2380 est
204 2358 279 2380 cum
293 2348 455 2380 tendentIa
465 2372 473 2386 ,
487 2350 565 2379 tunc
585 2347 664 2379 fides
681 2350 728 2378 est
743 2348 845 2379 virtus
860 2348 921 2379 for-

145 2404 230 2434 mata
246 2411 254 2434 t
270 2402 325 2434 sed
338 2401 533 2442 impossibile
552 2403 599 2432 est
611 2400 699 2441 quod
721 2400 839 2441 aliquis
853 2410 920 2442 spe-

146 2458 210 2494 ret,
228 2456 310 2496 quin
323 2456 431 2488 tendat
453 2456 486 2487 in
500 2464 570 2486 rem
584 2457 761 2495 speratam3
778 2463 854 2486 nam
874 2455 920 2496 ip-

146 2518 220 2540 sum
232 2518 360 2549 sperare
371 2509 500 2541 tendere
515 2510 561 2540 est
575 2519 582 2540 :
596 2518 675 2549 ergo
692 2508 819 2540 videtur
833 2508 920 2549 quod

147 2571 218 2603 spes
229 2571 356 2603 semper
369 2563 409 2594 sit
421 2563 525 2596 virtus
537 2563 684 2595 formata.

181 2627 188 2642 ¹
200 2627 240 2656 Cf.
257 2626 328 2650 Alex.
339 2626 447 2656 Mensis,
457 2633 482 2657 p.
496 2627 542 2657 ΗΠ
554 2634 579 2658 q.
590 2632 649 2657 LXV,
659 2626 755 2651 memb.
767 2629 776 2650 ¹
786 2634 792 2655 ς
803 2628 827 2650 et
837 2626 919 2656 Cont-¹

1699 153 1757 183 575

1026 214 1086 246 Sed
1111 217 1222 247 contra
1248 226 1256 247 ι
1282 225 1338 256 per
1358 216 1596 255 Augustinum,
1621 218 1653 248 in
1678 217 1758 250 libro
1775 233 1880 258 fundam,

988 267 1030 299 De
1049 267 1132 300 Vera
1143 269 1333 302 lnmcentia
1344 279 1355 299 :
1370 281 1385 299 a
1397 269 1476 301 Cum
1491 271 1616 301 caeterae
1626 271 1761 302 virtutes

986 320 1049 351 sint
1063 321 1155 352 bonis
1175 325 1206 353 et
1231 323 1322 354 malis
1343 332 1545 360 commune5‚
1565 323 1690 355 dilectio
1706 324 1760 355 Dei

986 375 1017 404 et
1034 375 1172 413 proximi
1187 377 1314 416 proprie
1328 377 1489 408 bonorum
1511 378 1558 408 est
1576 379 1671 417 atque
1690 377 1758 417 pio-

986 433 1070 455 rum.
1087 436 1101 453 »
1121 425 1206 465 Ergo
1221 427 1323 458 virtus
1336 428 1403 468 spei
1422 430 1604 468 potestesse
1618 436 1761 459 commu-

985 477 1036 508 nis
1049 478 1141 509 bonis
1154 481 1186 510 et
1198 480 1303 511 malis.
1321 481 1383 512 Sed
1398 481 1473 512 mali
1488 490 1554 513 non
1566 481 1684 512 habent
1698 482 1761 512 vir-

986 532 1087 561 tutem
1108 540 1182 562 cum
1204 533 1326 572 gratia,
1349 534 1403 565 sed
1419 535 1487 566 sine
1511 537 1566 566 :et
1588 534 1664 565 tales
1686 537 1761 566 sunt

985 583 1120 615 virtutes
1134 584 1286 616 informes
1302 597 1310 617 z
1325 596 1416 626 ergo,
1432 589 1492 618 etc.

1026 635 1104 667 Item
1114 661 1123 675 ,
1135 637 1214 668 sicut
1228 647 1260 668 se
1275 638 1370 670 habet
1381 639 1459 670 fides
1471 640 1607 671 formata
1620 641 1659 672 ad
1669 650 1759 681 spem

985 689 1154 721 formatam
1168 714 1178 729 ,
1204 691 1247 722 ita
1274 701 1308 722 se
1331 691 1426 722 habet
1449 692 1525 723 fides
1551 693 1696 725 informis
1719 694 1759 725 ad

984 752 1074 783 spem
1089 744 1259 776 informem
1277 756 1283 776 :
1302 745 1356 777 sed
1370 746 1448 777 fides
1466 746 1602 777 formata
1627 750 1760 786 generat

984 805 1073 836 spem
1088 797 1257 829 formatam
1274 810 1281 829 ;
1297 808 1376 838 ergo
1393 799 1472 830 fides
1491 799 1636 831 informis
1658 809 1757 839 gene-

984 852 1033 881 rat
1046 859 1135 891 spem
1150 851 1333 883 informem.

1025 900 1105 932 ltem
1121 926 1129 940 ‚
1151 902 1232 933 sicut
1254 911 1325 943 spes
1345 903 1512 943 consurgit
1533 912 1574 934 ex
1595 903 1659 935 fide
1674 912 1758 944 prae-

985 953 1145 993 miorum‚
1164 955 1208 986 sic
1231 955 1329 987 timor
1351 956 1517 996 consurgit
1538 965 1579 988 ex
1601 957 1663 988 fide
1685 966 1758 998 sup-

983 1007 1152 1048 pliciorum
1167 1020 1174 1040 :
1192 1009 1247 1040 sed
1262 1009 1358 1040 timor
1379 1012 1480 1049 potest
1502 1019 1570 1042 esse
1592 1010 1756 1049 informis,

984 1064 1015 1093 et
1027 1062 1182 1094 formatus
1197 1073 1204 1093 :
1218 1072 1296 1102 ergo
1309 1066 1340 1094 et
1354 1072 1436 1104 spes.

1023 1115 1102 1147 Item
1118 1116 1210 1146 multi
1224 1118 1299 1147 sunt
1313 1118 1493 1156 peccatores
1512 1117 1568 1156 qui
1583 1119 1712 1157 sperant
1726 1126 1759 1148 se

982 1169 1087 1200 adhuc
1102 1172 1228 1200 acturos
1250 1170 1489 1210 poenitentiam,
1506 1172 1538 1201 et
1559 1173 1759 1202 assecuturos

983 1222 1111 1253 veniam
1122 1246 1129 1259 ,
1145 1225 1177 1253 et
1189 1225 1400 1262 perventuros
1409 1223 1448 1254 ad
1462 1223 1619 1262 gloriam:
1637 1226 1759 1255 constat

983 1275 1067 1315 quod
1082 1275 1160 1307 illud
1181 1285 1247 1307 non
1261 1278 1308 1307 est
1322 1276 1445 1307 malum
1454 1300 1463 1314 ,
1479 1276 1544 1308 imo
1558 1277 1664 1317 potius
1678 1277 1760 1308 ordi-

983 1332 1037 1360 nat
1051 1329 1090 1360 ad
1105 1329 1228 1360 bonum
1239 1352 1246 1366 ,
1263 1331 1294 1360 et
1308 1329 1450 1360 excludit
1464 1330 1598 1367 malum,
1614 1330 1759 1361 videlicet

982 1382 1246 1422 desperationem.
1263 1382 1324 1414 Sed
1341 1383 1368 1413 si
1384 1383 1443 1413 hoc
1458 1385 1540 1414 esset
1553 1392 1627 1414 cum
1641 1384 1758 1423 gratia,

983 1438 1063 1467 esset
1077 1438 1166 1467 actus
1178 1437 1307 1468 virtutis
1320 1437 1463 1468 formatae
1481 1447 1488 1468 :
1507 1446 1586 1476 ergo
1600 1446 1675 1468 cum
1690 1438 1758 1468 sine

981 1490 1086 1529 gratia
1106 1490 1205 1531 possit
1219 1490 1296 1521 illud
1318 1498 1503 1528 remanere,
1521 1492 1558 1521 ut
1571 1490 1686 1530 aliquis
1702 1500 1758 1531 per

983 1545 1096 1577 merita
1116 1547 1220 1586 speret
1234 1555 1266 1577 se
1283 1548 1517 1585 perventurum
1537 1546 1578 1577 ad
1599 1546 1758 1586 gloriam,

982 1598 1109 1629 videtur
1123 1598 1209 1639 quod
1229 1598 1298 1639 ipsa
1312 1599 1415 1631 virtus
1435 1599 1503 1640 spei
1518 1599 1616 1640 possit
1629 1609 1697 1632 esse
1713 1601 1760 1631 in-

981 1650 1104 1682 formis.

1254 1730 1481 1763 CONCLUSIO.

980 1798 1045 1833 Spei
1058 1800 1145 1826 virtus
1163 1799 1311 1834 aliquando
1333 1802 1459 1834 informis
1473 1803 1562 1836 potest
1581 1809 1651 1834 esse,
1668 1810 1725 1829 cum
1742 1811 1759 1829 α

1183 1845 1317 1872 charitate
1330 1845 1436 1879 sejunqz·
1449 1846 1550 1873 valeat.

1020 1917 1114 1958 Resp.
1129 1918 1170 1949 ad
1181 1927 1251 1957 arg.
1269 1917 1445 1949 Dicendum
1459 1919 1545 1959 quod
1559 1907 1680 1959 abscrue
1694 1919 1756 1951 du-

979 1970 1032 2002 bio
1049 1971 1152 2003 virtus
1171 1971 1239 2012 spei
1262 1973 1364 2012 potest
1385 1981 1452 2004 esse
1475 1971 1632 2005 informis.
1650 1972 1756 2004 Potest

979 2025 1067 2055 enim
1088 2025 1204 2065 aliquis
1226 2034 1355 2066 sperare
1383 2026 1484 2057 vitam
1510 2028 1665 2057 aeternam
1687 2027 1757 2058 sine

979 2078 1084 2118 gratia
1096 2081 1228 2118 gratum
1248 2078 1397 2117 faciente,
1413 2079 1495 2110 sicut
1515 2080 1680 2111 manifeste
1705 2089 1758 2120 ap—

978 2134 1078 2173 paret.
1095 2131 1134 2163 Et
1153 2132 1288 2169 iterum,
1304 2132 1364 2163 iste
1380 2134 1470 2164 actus
1483 2133 1631 2173 sperandi
1646 2133 1685 2164 ab
1700 2133 1756 2164 ali-

978 2194 1042 2226 quo
1067 2185 1181 2216 habitu
1204 2185 1364 2226 procedit,
1390 2185 1448 2226 qui
1473 2186 1603 2226 quidem
1626 2185 1754 2217 habitus

978 2239 1082 2270 bonus
1096 2241 1160 2278 est,
1176 2242 1207 2270 et
1221 2241 1307 2270 tenet
1321 2239 1417 2271 etiam
1435 2239 1576 2279 quodam
1596 2239 1692 2270 modo
1706 2248 1755 2271 ra-

977 2293 1098 2324 tionem
1121 2293 1250 2325 virtutis
1265 2317 1273 2331 ‚
1298 2302 1356 2334 pro
1383 2303 1421 2324 eo
1444 2294 1530 2334 quod
1553 2293 1727 2333 potentiam
1741 2316 1751 2331 ,

977 2356 1075 2387 quam
1097 2347 1243 2387 perficit,
1268 2347 1408 2387 quodam
1431 2347 1526 2378 modo
1547 2347 1698 2378 rectificat
1722 2348 1755 2377 et

976 2401 1114 2440 vigorat.
1130 2399 1307 2439 Rectificat,
1327 2400 1480 2440 inquam,
1504 2400 1583 2431 dum
1611 2400 1754 2440 aliquam

976 2454 1210 2486 ordinationem
1219 2456 1249 2485 et
1258 2454 1498 2486 inclinationem
1508 2453 1619 2484 tribuit
1632 2454 1672 2485 ad
1682 2455 1753 2493 glo-

976 2507 1059 2539 riam
1072 2509 1225 2548 tanquam
1238 2507 1276 2540 ad
1293 2508 1392 2538 finem
1413 2507 1582 2546 ultimum,
1598 2507 1654 2539 ubi
1669 2510 1754 2539 stan-

976 2595 1002 2619 p.
1016 2588 1059 2616 111,
1070 2588 1127 2612 coll.
1140 2593 1194 2619 tvl,
1206 2590 1253 2612 art.
1271 2591 1294 2618 1;
1307 2587 1425 2618 Stephan.
1438 2587 1542 2617 Brulef„
1558 2588 1589 2611 111
1602 2588 1680 2618 Seni„
1690 2588 1751 2613 dist.

976 2630 1047 2655 xxvi,
1060 2631 1084 2655 q.
1102 2630 1176 2649 iv.—
1187 2625 1218 2654 (a)
1237 2623 1278 2648 Al.
1295 2623 1430 2652 Quoniam.
