2017 2960
12 2466 45 2487 ΑΔ
55 2472 106 2493 opp.

637 190 733 223 DIST.
758 190 795 222 ΙΙ.
819 190 912 223 Aizi:
936 190 987 222 ili.
1008 190 1158 228 QUAEST.
1185 191 1221 222 ΙΙ.
1698 195 1736 223 49

126 269 200 301 quae
210 269 283 292 cum
294 268 353 291 sua
365 259 507 299 imagine
521 259 616 290 habet
625 258 900 299 compositionem.

166 316 197 346 2.
214 314 262 345 Ad
276 313 354 345 illud
370 313 454 354 quod
467 313 633 354 objicitur,
648 313 733 354 quod
749 321 814 344 non
830 322 900 343 ma-

127 368 177 409 gis
197 369 308 400 unitur
331 367 413 399 Deus
435 367 572 404 animae,
591 376 690 407 quam
713 366 820 404 carni,
837 366 903 397 imo

127 430 219 463 aeque
241 421 423 453 immediate
439 423 565 461 utrique
581 421 710 458 unitur·,
733 419 903 451 dicendum

127 475 212 515 quod
225 485 340 507 verum
351 478 398 506 est
411 475 449 506 de
464 474 712 510 immediatione,
725 473 902 504 secuudum

127 538 226 570 quam
252 529 356 570 privat
379 529 520 560 medium
546 527 661 558 faciens
684 527 824 558 distare:
850 526 904 557 sed

128 591 194 614 non
206 584 253 613 est
265 592 378 614 verum
393 582 432 613 de
448 580 696 618 immediafione,
713 588 787 620 quae
801 579 905 620 privat

129 636 270 668 medium
289 637 405 667 faciens
425 643 603 675 congruere
614 645 622 672 ;
640 634 716 674 quia
736 634 807 674 plus
826 642 904 664 con-

128 690 218 728 gruit
236 690 346 721 unioni
362 689 538 720 substantia
558 687 719 719 rationalis
732 711 739 724 ‚
764 695 838 727 quae
859 690 906 718 est

127 742 167 774 ad
183 743 252 782 ejus
267 742 462 781 imaginem,
486 750 585 782 quam
601 740 778 772 substantia
792 748 903 780 corpo-

127 795 213 827 ralis.

169 852 198 881 3.
219 849 267 881 Ad
282 849 359 880 illud
380 849 466 889 quod
487 848 677 889 opponitur,
700 847 786 888 quod
803 846 905 878 soluto

129 903 233 934 medio
254 902 424 933 solvuntur
443 904 605 940 extrema,
627 901 798 932 dicendum
819 900 905 941 quod

128 955 209 987 illud
232 964 298 987 non
319 955 415 986 habet
437 955 606 987 veritatem
632 955 671 986 de
701 955 805 985 medio
829 963 906 985 con-

129 1009 287 1049 gruentiae
302 1019 309 1040 ι
326 1009 407 1040 sicut
421 1010 516 1049 patet,
533 1018 608 1040 cum
622 1008 737 1048 aliquis
745 1008 859 1048 accipit
873 1007 906 1038 iu

129 1071 265 1094 uxorem
276 1062 418 1103 aliquam
432 1063 554 1093 ratione
566 1062 823 1102 pulchritudinis,
842 1070 906 1092 non

129 1118 236 1147 tamen
259 1116 299 1147 ab
317 1125 356 1147 ea
377 1118 542 1156 separatur
565 1115 801 1155 pulchritudine
819 1123 906 1145 rece-

127 1169 241 1200 dente:
258 1169 304 1200 sic
320 1171 351 1200 et
366 1169 400 1199 in
415 1169 575 1209 proposito
589 1168 837 1208 intelligendum
847 1170 904 1198 est.

129 1222 305 1260 Praeterea,
329 1223 438 1254 anima
461 1231 526 1253 non
548 1222 714 1253 recedebat
734 1231 753 1252 a
774 1230 907 1262 corpore

127 1275 325 1316 simpliciter,
341 1276 395 1307 sed
409 1276 514 1307 solum
528 1276 567 1307 ad
582 1279 730 1316 tempus:
746 1277 777 1306 et
789 1284 905 1316 corpus

127 1329 205 1361 iliud
224 1338 264 1361 ex
281 1330 386 1371 prima
399 1330 625 1370 conjunctione
638 1330 688 1361 sui
708 1329 747 1360 ad
762 1330 904 1360 animam

127 1382 366 1424 dispositionem
389 1383 429 1415 ad
447 1384 721 1424 incorruptionem
742 1383 878 1414 habebat
897 1394 904 1415 ε

127 1439 160 1468 et
176 1437 246 1469 ideo
267 1440 396 1478 propter
409 1438 643 1478 separationem
665 1437 765 1478 ipsius
786 1438 904 1469 animae

128 1491 362 1531 congruitatem
376 1491 416 1523 ad
429 1492 583 1523 unionem
597 1499 662 1522 non
675 1491 859 1522 amittebat:
877 1493 908 1522 et

132 1544 214 1582 ideo,
229 1545 381 1585 quamvis
403 1545 511 1576 anima
535 1547 736 1585 separaretur
759 1553 778 1575 a
797 1553 903 1583 carne,

128 1606 195 1629 non
206 1601 314 1630 tamen
326 1599 491 1639 oportebat
506 1598 706 1630 divinitatem
722 1606 741 1629 a
755 1606 850 1629 carne
861 1606 908 1628 se-

129 1652 246 1692 parari.

167 1707 199 1737 4.
221 1705 270 1738 Ad
290 1705 368 1738 illud
387 1706 474 1747 quod
495 1706 687 1747 opponitur,
709 1705 796 1746 quod
820 1705 906 1736 Deus

127 1767 193 1790 non
203 1759 354 1791 formavit
367 1768 496 1790 carnem
510 1759 598 1790 illam
612 1758 772 1790 mediante
784 1760 904 1796 anima,

128 1811 299 1844 dicendum
313 1812 400 1853 quod
415 1813 473 1844 etsi
487 1815 591 1843 teneat
603 1812 664 1844 hoc
677 1812 716 1844 de
731 1812 836 1844 medio
852 1821 909 1853 per

129 1866 262 1898 modum
276 1875 400 1904 causae,
425 1875 491 1898 non
512 1869 598 1898 tenet
618 1869 727 1897 tamen
746 1866 784 1898 de
803 1866 909 1898 medio

129 1928 187 1960 per
212 1920 344 1952 modum
374 1920 608 1960 congruentiae.
643 1919 797 1957 Quamvis
821 1919 908 1951 enim

129 1973 239 2005 anima
260 1983 328 2006 non
346 1974 443 2006 fuerit
465 1984 561 2006 causa
580 1975 721 2015 corporis
742 1974 907 2012 effectiva;

130 2030 237 2059 tamen
272 2037 312 2060 ex
340 2029 629 2060 communicatione
659 2029 800 2069 corporis
833 2038 908 2059 cum

127 2082 256 2121 anima,
287 2082 388 2122 potuit
410 2091 479 2114 esse
502 2083 609 2123 aliqua
630 2082 843 2122 congruentia
867 2083 907 2114 ad

128 2135 281 2167 unionem
295 2145 371 2168 cum
385 2135 496 2168 divina
511 2139 638 2168 natura.

369 2250 588 2291 [QUAESTIO.
612 2251 655 2283 ΙΙ.

128 2331 175 2359 An
188 2333 283 2360 αιιὶιηα
297 2332 399 2360 Christi
413 2335 551 2368 assumpta
562 2333 647 2367 suerit
663 2340 680 2359 α
704 2330 805 2367 Verbo,
824 2331 909 2359 medi-

285 2380 349 2406 ante
363 2377 456 2412 aIi'quo
471 2378 568 2406 habitu
587 2378 709 2414 gratuito
725 2375 743 2408 ¹,

170 2455 284 2490 Utrum
306 2458 418 2490 anima
444 2459 560 2491 Christi
583 2460 679 2492 fuerit
701 2463 865 2502 assumpta
891 2472 910 2493 a

163 2537 172 2555 ¹
182 2538 223 2568 Cl.
237 2539 307 2564 Alex.
320 2539 416 2571 Ateus„
427 2548 452 2572 p.
473 2541 515 2572 ΙΙΙ,
525 2549 551 2573 q.
565 2547 603 2572 ιιι,
613 2542 712 2568 memb.
722 2544 751 2574 63
764 2544 790 2568 S.
802 2542 908 2574 Thoan„

131 2579 157 2603 p.
168 2572 212 2604 ΙΙΙ,
223 2581 248 2605 q.
264 2581 300 2606 νι,
311 2579 358 2600 art.
373 2578 403 2606 63
420 2578 445 2600 et
461 2577 492 2601 ΙΙΙ
508 2579 587 2608 Sene„
600 2578 658 2602 dist.
674 2584 704 2607 ιι,
721 2585 747 2610 q.
762 2584 793 2610 ιι,
811 2581 862 2603 art.
879 2579 906 2609 2;

131 2607 194 2632 etde
211 2608 298 2640 Verte„
313 2618 339 2643 q.
354 2617 427 2643 uix,
438 2615 485 2637 art.
497 2615 528 2642 2;
544 2614 646 2644 scotus,
664 2614 695 2638 ΙΙΙ
709 2615 779 2638 sent.
799 2613 861 2638 dist.
878 2619 908 2644 ιι,

131 2649 157 2682 (ι.Ι
173 2645 295 2675 1;.l·:gid.
315 2647 400 2677 Rom„
424 2649 454 2672 ill
478 2649 559 2679 Seni„
579 2649 637 2674 diet.
663 2656 693 2681 ιι,
718 2657 743 2681 p.
769 2655 797 2678 ιι,
814 2656 838 2680 q.
864 2655 906 2679 ιιι;

132 2678 260 2710 lucium..
281 2681 313 2706 ΙΙΙ
332 2683 412 2713 ὅριοι,
432 2683 490 2708 dist.
504 2690 534 2714 ιι,
555 2687 603 2709 art.
619 2691 651 2716 ιι,
665 2692 692 2716 q.
709 2691 755 2715 lii;
781 2686 906 2714 nui-and„

291 2735 367 2759 ἸῸΙ-
390 2735 436 2759 tv.

959 257 1074 296 Verbo,
1083 258 1239 289 mediante
1247 258 1354 298 aliquo
1363 257 1474 288 habitu
1483 258 1636 297 gratuito.
1646 259 1735 294 Quod

960 312 1022 351 sic,
1040 313 1166 343 videtur
1188 321 1243 352 per
1259 311 1480 351 Augustinum
1492 335 1500 348 ,
1524 311 1556 341 in
1573 310 1652 341 libro
1668 310 1735 342 xiil

964 368 1006 398 Dc
1028 364 1223 398 Trinitale':
1245 377 1258 394 α
1278 364 1312 396 in
1328 364 1423 395 rebus
1444 372 1499 404 per
1515 366 1642 404 tempus
1661 364 1738 394 ortis

961 428 1088 450 summa
1100 419 1205 459 gratia
1219 421 1276 456 est,
1293 418 1379 458 quod
1390 417 1472 448 Deus
1488 417 1521 448 in
1535 417 1655 448 unitate
1671 425 1739 457 per-

960 482 1062 510 sonae,
1081 473 1178 503 nullis
1193 471 1446 512 praecedentibus
1459 471 1597 509 meritis,
1614 470 1738 501 homini

961 526 1128 566 copulatur
1145 526 1184 565 (a)
1199 537 1205 556 z
1232 538 1246 553 n
1264 534 1342 564 ergo
1370 524 1496 557 videtur
1515 524 1600 564 quod
1616 523 1671 555 Dei
1687 523 1739 555 Fi-

961 579 1023 610 lius
1037 580 1170 611 uniatur
1189 579 1307 610 anima:
1323 578 1481 610 mediante
1495 578 1602 619 aliqua
1617 577 1738 618 gratia,

961 633 1028 664 sive
1044 633 1128 664 dono
1142 632 1296 672 gratuito.

1002 688 1032 716 2.
1051 685 1128 717 Item
1144 685 1350 726 Augustinus
1365 695 1371 716 :
1392 697 1406 715 ιι
1418 684 1578 725 Quidquid
1592 685 1741 716 convenit

963 739 1041 771 Filio
1057 739 1109 771 Dei
1127 749 1182 780 per
1205 742 1373 778 naturam,
1391 739 1542 771 convenit
1557 739 1621 770 filio
1637 739 1742 770 homi-

963 793 1013 824 nis
1028 803 1084 834 per
1103 793 1242 833 gratiam
1261 804 1268 825 2
1285 804 1298 821 n
1319 802 1398 833 ergo
1414 793 1542 824 videtur
1563 793 1647 833 quod
1665 793 1743 825 unio

962 846 1056 878 Verbi
1079 851 1110 879 et
1129 847 1247 879 animae
1268 847 1324 878 [iat
1345 846 1505 878 mediante
1529 846 1637 887 aliquo
1660 846 1744 878 dono

964 901 1090 941 gratiae.

1004 957 1034 986 3.
1056 955 1135 986 item
1155 954 1324 996 perfectius
1346 957 1393 986 est
1409 963 1483 986 cum
1506 953 1588 985 Deus
1609 956 1655 985 est
1670 963 1744 985 cum

965 1008 1071 1048 aliquo
1093 1018 1148 1049 per
1176 1008 1349 1046 unionem,
1374 1017 1473 1048 quam
1501 1017 1556 1048 per
1583 1007 1744 1039 inhabita-

964 1061 1085 1093 tionem
1105 1073 1111 1093 :
1134 1063 1187 1093 sed
1209 1062 1236 1092 si
1262 1062 1343 1092 Deus
1367 1061 1400 1092 in
1423 1061 1512 1092 nullo
1537 1061 1661 1092 habitat
1683 1062 1745 1092 nisi

965 1115 1124 1145 mediante
1139 1114 1246 1154 aliquo
1261 1114 1346 1145 dono
1360 1114 1513 1153 gratuito,
1528 1123 1608 1153 ergo
1622 1123 1688 1145 non
1701 1116 1747 1145 vi-

965 1167 1058 1198 detur
1074 1168 1160 1208 quod
1174 1168 1317 1199 animam
1331 1169 1488 1206 assumat,
1509 1167 1569 1197 nisi
1589 1167 1748 1199 mediante

965 1220 1073 1260 aliquo
1090 1221 1213 1259 habitu,
1229 1221 1281 1252 vel
1296 1221 1400 1261 gratia
1414 1220 1613 1261 disponente.

1005 1276 1035 1306 4.
1063 1274 1142 1306 ltem
1165 1276 1239 1316 plus
1265 1277 1312 1307 est
1337 1275 1479 1306 animam
1510 1275 1596 1306 uniri
1626 1274 1746 1314 Verbo,

965 1337 1065 1368 quam
1082 1329 1146 1360 t'rui
1162 1328 1245 1361 Deo:
1262 1329 1316 1360 sed
1329 1329 1438 1360 anima
1452 1328 1567 1360 Christi
1584 1337 1650 1359 non
1665 1329 1747 1360 frui-

964 1385 1017 1414 tur
1030 1383 1104 1422 Deo,
1120 1383 1181 1414 nisi
1197 1383 1356 1415 mediante
1368 1383 1476 1423 aliquo
1491 1382 1606 1414 habitu
1620 1383 1746 1423 gloriae,

967 1446 1023 1477 per
1043 1446 1142 1477 quam
1161 1437 1201 1468 sit
1219 1437 1401 1469 deiformis:
1424 1446 1502 1477 ergo
1518 1437 1645 1468 videtur
1661 1437 1747 1477 quod

966 1499 1024 1522 nec
1040 1491 1172 1522 uniatur
1188 1491 1248 1531 ipsi
1268 1490 1373 1523 Verbo
1388 1491 1451 1522 nisi
1468 1491 1627 1523 mediante
1640 1491 1748 1531 aliquo

967 1544 1079 1576 habitu
1102 1544 1236 1584 gratiae,
1257 1545 1352 1584 cujus
1375 1544 1571 1576 deiformitas
1593 1553 1749 1586 superex-

966 1598 1049 1629 cellit
1062 1598 1308 1629 deiformitatem
1323 1597 1449 1637 gloriae.

1007 1653 1036 1682 5.
1054 1651 1132 1682 item
1148 1651 1226 1683 unio
1245 1653 1291 1682 est
1310 1651 1440 1682 relatio:
1459 1650 1513 1682 sed
1530 1651 1619 1682 nulla
1637 1650 1748 1683 relatio

966 1705 1181 1736 introducitur
1205 1705 1238 1735 in
1260 1713 1348 1742 esse,
1375 1705 1436 1735 uisi
1461 1713 1517 1745 per
1539 1705 1750 1736 introductio-

967 1767 1055 1797 nem,
1068 1758 1119 1790 vel
1134 1758 1346 1789 mutationem
1359 1758 1497 1798 alicujus
1511 1758 1658 1797 absoluti,
1675 1758 1751 1799 quia

967 1812 1006 1844 ad
1028 1812 1150 1852 aliquid
1170 1821 1236 1843 non
1260 1814 1307 1843 est
1327 1814 1434 1843 motus
1453 1821 1509 1853 per
1528 1821 1561 1843 se
1577 1812 1600 1842 ³.
1618 1811 1651 1843 Si
1671 1820 1750 1852 ergo

967 1866 1050 1897 Deus
1064 1866 1200 1897 assumit
1213 1866 1356 1906 aliquam
1370 1866 1528 1905 animam,
1546 1875 1644 1906 quam
1660 1866 1751 1906 prius

967 1929 1033 1952 non
1046 1920 1235 1961 assumpsit,
1258 1929 1333 1951 cum
1357 1919 1418 1951 hoc
1433 1928 1499 1951 non
1513 1919 1554 1950 sit
1572 1919 1750 1951 secundum

969 1974 1180 2005 mutationem
1198 1973 1248 2004 sui
1259 1996 1268 2011 ,
1291 1973 1369 2013 quia
1384 1976 1431 2004 est
1449 1972 1675 2010 immutabilis,
1692 1981 1751 2004 nec

967 2028 1146 2060 secundum
1167 2027 1382 2059 mutationem
1397 2027 1516 2058 animae
1539 2027 1577 2058 de
1597 2035 1663 2058 non
1683 2035 1750 2057 esse

967 2082 1002 2113 in
1017 2091 1084 2114 esse
1094 2106 1102 2121 ‚
1119 2081 1195 2122 quia
1208 2081 1278 2112 haec
1297 2081 1433 2112 mutatio
1445 2083 1493 2112 est
1506 2080 1638 2119 creatio·,
1655 2081 1752 2111 restat

966 2145 1045 2176 ergo
1064 2135 1151 2176 quod
1173 2135 1234 2166 hoc
1256 2134 1316 2166 erit
1337 2135 1496 2166 mediante
1516 2134 1677 2166 infusione
1691 2133 1749 2165 ali-

968 2192 1062 2231 quus
1076 2191 1191 2231 gratiae
1207 2189 1426 2221 nobilissimae.

1008 2246 1038 2276 6.
1064 2244 1143 2276 ltem
1166 2243 1252 2275 uniri
1280 2243 1399 2275 divinae
1419 2245 1545 2275 naturae
1572 2243 1607 2274 in
1629 2242 1750 2274 unitate

969 2306 1127 2338 personae,
1142 2297 1202 2329 hoc
1217 2297 1341 2329 excedit
1353 2306 1483 2328 omnem
1502 2299 1651 2328 naturam
1664 2305 1752 2326 crea-

967 2354 1051 2383 tam:
1072 2352 1126 2384 sed
1142 2360 1218 2382 cum
1240 2353 1388 2383 creatura
1402 2351 1509 2391 aliqua
1528 2350 1694 2382 ordinatur
1708 2349 1748 2380 ad

967 2404 1113 2445 aliquod,
1129 2405 1214 2446 quod
1231 2408 1278 2436 est
1297 2414 1395 2445 supra
1412 2407 1562 2436 naturam
1578 2412 1682 2440 suam,
1699 2403 1748 2434 in-

967 2459 1056 2499 diget
1069 2459 1182 2490 habitu
1199 2459 1375 2500 adjuvante
1386 2460 1417 2491 et
1429 2460 1573 2492 elevante
1588 2469 1595 2490 z
1611 2466 1690 2498 ergo
1706 2457 1751 2488 vi-

969 2540 1000 2565 lll
1011 2540 1090 2569 Senl„
1103 2540 1161 2565 dist.
1171 2546 1201 2571 ιι,
1212 2548 1238 2572 q.
1249 2546 1294 2571 ιιι,
1304 2541 1391 2572 Steph.
1403 2541 1508 2569 mules..
1521 2540 1551 2564 ill
1563 2541 1643 2569 Sem..
1652 2539 1711 2564 dist.
1720 2545 1750 2570 ιι,

967 2583 993 2608 q.
1010 2582 1065 2600 vni.
1078 2589 1104 2593 —
1114 2577 1124 2593 ¹
1134 2578 1209 2607 Aug„
1221 2575 1251 2600 de
1263 2576 1365 2607 Trina„
1381 2577 1425 2600 lib.
1442 2577 1506 2606 xlii,
1524 2583 1581 2606 cap.
1599 2581 1654 2606 xix,
1667 2582 1695 2599 n.
1711 2577 1749 2600 24.

968 2612 1015 2630 —⁸
1028 2612 1116 2641 Arist.,
1128 2613 1214 2643 Phys„
1228 2612 1272 2636 lib.
1287 2613 1318 2643 V,
1334 2615 1404 2637 cont.
1421 2614 1462 2642 ¹⁰5
1479 2612 1523 2635 lib.
1536 2612 1592 2642 vii,
1609 2613 1679 2636 cont.
1694 2612 1733 2636 21.

999 2649 1034 2680 (a)
1050 2648 1107 2672 Edi.
1125 2648 1224 2679 aenea„
1235 2648 1305 2680 quod
1316 2649 1395 2672 Ιιοιιιυ
1408 2655 1434 2671 ιιι
1453 2650 1549 2672 unitate
1564 2655 1680 2679 persouae
1692 2654 1751 2671 ron-

964 2683 1068 2715 junctus
1083 2686 1122 2708 est
1134 2684 1200 2708 Deo.

1557 2732 1577 2760 4
