2017 2960
683 136 777 167 DIST.
800 135 864 167 XX.
888 135 978 168 ART.
1004 136 1027 168 Ι.
1052 136 1201 174 QUAEST.
1228 137 1265 168 ll.

177 202 229 233 sed
253 212 326 233 cum
344 205 469 243 peccata
483 205 673 242 reparantur
691 212 747 243 per
761 203 950 234 satisfactio-

178 265 261 294 nem,
279 256 400 286 malum
416 256 568 296 punitur;
586 257 653 288 sine
668 257 888 294 satisfactione,
905 266 952 287 re-

176 309 334 349 linquitur
349 310 543 349 impunitum
563 322 569 341 z
585 320 663 350 ergo
687 310 790 349 magis
805 311 952 340 servatur

175 362 252 393 ordo
271 362 406 401 justitiae
420 363 451 392 in
468 364 667 403 reparatione
687 372 742 403 per
764 363 948 393 satisfactio-

174 424 263 453 nem,
281 425 378 456 quarn
394 416 462 447 sine
477 417 685 447 satisfactione
702 426 709 447 :
727 426 805 456 ergo
820 426 875 456 per
889 417 950 456 pri-

174 477 260 499 mam
275 470 525 510 suppositionem
541 471 594 501 via
609 470 667 501 ista
681 471 785 509 magis
801 469 951 500 convenit

174 523 350 562 reparando
365 524 476 563 generi
490 524 644 555 humano.

215 574 292 606 Item
330 577 467 607 secundo
501 578 650 617 arguitur
677 577 721 607 sic
750 588 755 607 :
786 576 950 607 Ordinatio

174 629 373 668 peccantium
405 630 439 660 in
469 630 650 670 suppliciis,
682 630 748 661 sive
771 630 888 669 peccati
916 630 949 660 in

173 692 277 722 poena,
289 683 467 714 manifestat
481 684 626 714 decorem
642 683 759 714 divinae
773 683 947 723 sapientiae,

173 746 245 777 quae
267 746 333 767 non
356 737 474 777 patitur
498 738 686 769 universum
708 747 747 767 ex
769 738 876 777 aliqua
900 738 949 768 sui

173 792 260 829 parte
285 791 406 830 turpari
426 801 432 821 :
449 791 502 821 sed
524 800 598 821 cum
623 794 768 831 peccator
789 791 949 823 relevatur

173 852 228 883 per
263 843 506 874 satisfactionem
520 868 527 879 ,
565 844 604 874 ad
640 844 765 884 culpam
802 845 949 885 sequitur

172 905 267 936 poena
277 908 283 934 3
296 906 372 927 cum
382 906 458 928 vero
470 897 538 927 siue
548 897 770 935 satisfactione,
783 899 876 938 culpa
885 908 949 929 non

171 951 338 981 ordinatur
361 951 399 991 (a)
424 960 480 991 per
509 960 654 991 poenam:
682 961 759 990 ergo
792 953 948 992 reparatio

171 1004 297 1042 generis
311 1004 446 1035 humani
464 1015 519 1045 per
534 1006 780 1036 satisfactionem
796 1007 867 1046 plus
878 1016 950 1038 con-

170 1058 258 1089 venit
279 1059 398 1090 divinae
421 1060 600 1099 sapientiae,
625 1070 722 1100 quam
746 1061 814 1091 sine
838 1071 843 1091 :
870 1070 948 1100 ergo

170 1121 226 1151 per
239 1112 411 1143 secundam
430 1113 679 1153 suppositionem
703 1114 756 1144 via
777 1114 835 1144 ista
857 1123 948 1154 repa—

170 1165 259 1196 randi
275 1168 321 1196 est
336 1166 439 1205 magis
454 1175 597 1202 congrua
611 1169 641 1197 et.
655 1167 768 1197 idonea
783 1167 816 1197 in
830 1177 874 1197 se.

212 1218 288 1249 Item
307 1219 399 1249 tertio
418 1219 568 1258 arguitur
591 1219 634 1249 sic
659 1230 665 1250 ε
689 1220 721 1250 Si
744 1220 865 1250 malum
884 1230 947 1251 non

169 1272 352 1312 puniretur,
369 1274 400 1302 et
424 1272 659 1312 relinqueretur
680 1273 748 1303 sine
763 1273 870 1313 aliqua
893 1283 947 1304 sa-

168 1325 354 1364 tisfactione,
382 1326 538 1366 injustitia
557 1326 635 1357 nulli
656 1327 720 1366 legi
742 1327 919 1366 subjaceret
937 1336 943 1356 :

168 1381 199 1409 et
211 1379 237 1409 si
252 1379 322 1418 hoc,
337 1380 445 1410 divina
460 1381 595 1419 potestas
610 1380 761 1410 omnibus
778 1389 842 1410 non
860 1389 943 1419 prae-

168 1432 282 1463 sideret
313 1444 318 1463 :
348 1433 400 1463 sed
430 1442 504 1463 cum
532 1442 591 1472 pro
622 1436 748 1473 peccato
777 1434 946 1465 satisfactio

167 1486 333 1526 exigatur,
352 1488 496 1526 peccator
516 1486 662 1516 subditur
681 1496 785 1526 poenae
804 1488 946 1518 auctori—

167 1542 231 1571 tate
251 1540 369 1571 divinae
393 1539 523 1579 justitiae
550 1551 556 1570 τ
578 1549 656 1579 ergo
678 1540 712 1570 in
736 1540 830 1571 modo
852 1550 944 1581 repa-

168 1593 258 1623 randi
282 1602 386 1632 genus
407 1593 587 1623 humanum
608 1602 664 1633 per
687 1594 944 1632 satisfactionem,

168 1647 270 1687 magis
286 1647 439 1687 praelucet
454 1646 655 1686 praesidentia
670 1647 788 1677 divinae
806 1650 944 1687 potesta-

166 1701 215 1738 tis,
241 1710 338 1741 quam
364 1710 418 1740 per
439 1700 533 1730 aliam
556 1700 645 1730 viam
667 1711 673 1730 :
698 1710 777 1740 ergo
799 1710 855 1741 per
881 1704 947 1731 ter-

166 1756 243 1786 tiam
258 1755 511 1796 suppositionem
532 1754 586 1785 via
601 1755 659 1786 ista
673 1758 720 1786 est
739 1756 844 1795 magis
865 1765 944 1787 con-

165 1819 259 1849 grua.

206 1863 284 1893 Item
303 1864 417 1902 quarto
431 1863 581 1902 arguitur
601 1862 644 1893 sic
661 1871 668 1893 :
688 1862 851 1901 Peccator,
868 1873 942 1895 cum

166 1918 272 1956 peccat
287 1925 343 1956 per
358 1916 670 1956 praevaricationem,
687 1916 787 1946 Deum
806 1917 944 1948 inhono-

166 1972 214 2000 rat
231 1981 237 2000 :
255 1970 280 2000 si
299 1979 378 2009 ergo
400 1972 564 2009 peccatum
579 1969 793 2000 dimitteretur
808 1971 876 2001 sine
892 1980 941 2002 sa-

166 2023 351 2060 tisfactione,
377 2024 541 2063 peccatum
564 2022 799 2062 relinqueretur
824 2024 943 2064 absque

165 2076 294 2107 honoris
308 2076 403 2107 ablati
418 2076 728 2116 recompensatione3
746 2085 819 2106 cum
835 2079 942 2108 autern

164 2130 332 2161 satisfactio
352 2130 505 2168 redditur,
525 2130 630 2160 honor
655 2133 916 2170 recompensatur
933 2143 939 2162 :

164 2193 243 2223 ergo
257 2184 290 2214 in
306 2184 400 2215 modo
414 2184 582 2224 reparandi
598 2184 763 2214 hominem
779 2194 835 2224 per
851 2185 943 2215 satis-

163 2237 332 2268 factionem
349 2238 454 2277 magis
473 2240 621 2268 servatur
636 2237 879 2269 honoriticentia
893 2239 943 2269 di-

164 2290 248 2321 vinae
263 2290 451 2331 MaJest-atis,
468 2300 565 2330 quam
582 2300 639 2331 per
660 2291 761 2321 alium
781 2291 915 2322 modum
933 2302 939 2322 :

164 2352 242 2382 ergo
272 2353 328 2383 per
351 2346 499 2384 quartam
525 2344 775 2384 suppositionem
802 2345 861 2375 hac
889 2346 942 2376 via

166 2397 369 2435 reparationis
393 2398 497 2437 magis
522 2398 673 2437 congruit
696 2407 800 2437 genus
824 2398 941 2429 huma-

165 2458 243 2479 num
262 2449 406 2481 relevari.
425 2451 473 2482 Ex
490 2451 560 2490 his,
580 2451 787 2491 ejusdemque
803 2452 888 2482 modi
902 2452 937 2492 (b)

164 2502 342 2533 rationibus
364 2512 427 2534 non
441 2504 545 2535 solum
567 2506 670 2544 potest
688 2504 836 2535 concludi
855 2507 940 2546 quod

164 2555 234 2586 haec
249 2555 300 2586 via
314 2555 354 2587 sit
369 2557 472 2596 magis
491 2567 651 2598 congrua,
677 2558 731 2590 sed
746 2558 841 2589 etiam
855 2560 940 2599 quod

198 2624 227 2647 ἠ)
247 2618 285 2641 ΔΙΙ.
301 2619 441 2642 ordinetur.
457 2632 485 2635 —-
500 2619 533 2649 (h)
552 2620 611 2643 Coet.
625 2620 684 2643 edit.
700 2620 765 2643 dees!
780 2621 857 2645 modi.

1728 144 1784 173 427

1007 203 1069 234 alia
1091 213 1153 235 non
1168 207 1269 244 potest
1284 214 1351 235 esse
1366 214 1514 244 congrua
1536 216 1543 236 ε
1561 209 1785 240 verumtamen

1008 266 1072 288 non
1088 260 1162 288 sunt
1181 258 1225 288 ita
1243 259 1385 289 efficaces
1401 259 1440 289 ad
1457 259 1657 299 probandum
1673 270 1786 292 secun-

1007 310 1100 349 dum,
1117 312 1199 342 sicut
1213 312 1252 342 ad
1275 312 1477 352 probandum
1495 313 1648 353 primum.
1666 313 1786 345 Praeter

1006 363 1064 393 has
1079 364 1175 394 etiam
1198 366 1426 405 congruentias
1447 369 1579 406 possunt
1601 369 1631 397 et
1645 367 1715 398 aliae
1734 377 1783 398 re-

1007 417 1115 456 periri,
1130 417 1202 448 licet
1216 418 1278 449 illae
1294 419 1357 449 sint
1372 420 1477 458 magis
1491 420 1691 451 excellentes.

1047 469 1106 500 Sed
1126 473 1235 501 contra
1253 483 1259 502 ε
1278 475 1305 502 1.
1324 472 1425 511 Magis
1449 473 1536 504 decet
1558 473 1659 504 Deum
1683 475 1785 505 facere

1005 523 1091 562 quod
1114 524 1221 563 magis
1243 525 1316 555 facit
1339 526 1378 555 ad
1402 526 1616 557 ostensionem
1640 536 1708 558 suae
1734 528 1786 558 be-

1006 577 1171 616 nignitatis
1200 580 1228 608 et
1255 578 1479 609 misericordiae
1510 590 1515 610 :
1544 581 1597 610 sed
1626 581 1786 612 dimittere

1006 632 1132 670 peccata
1161 631 1269 661 omnia
1293 631 1412 671 absque
1443 632 1550 672 aliqua
1575 634 1786 665 satisfactione

1006 693 1125 724 pcenae,
1142 684 1202 714 hoc
1218 688 1264 715 est
1283 685 1414 725 maj0ris
1429 685 1670 723 misericordiae,
1688 697 1785 727 quam

1005 738 1136 776 exigere
1163 746 1221 777 pro
1244 737 1307 768 illis
1326 747 1456 777 poenam
1475 748 1482 768 t
1499 738 1526 768 si
1543 748 1621 778 ergo
1644 739 1725 771 Deus
1740 743 1787 771 est

1007 790 1320 821 misericordissimus
1350 793 1380 822 et
1406 791 1677 830 benigniSsimus‚
1707 795 1786 825 adeo

1006 844 1041 873 ut
1065 843 1237 882 benignior
1265 844 1401 883 cogitari
1429 854 1493 875 non
1518 845 1634 885 possit,
1658 847 1785 878 videtur

1005 906 1084 936 ergo
1106 897 1190 936 quod
1215 897 1330 928 modus
1356 897 1407 928 ille
1436 898 1627 938 reparandi,
1656 900 1711 939 qui
1739 902 1786 930 est

1005 952 1120 990 praeter
1143 951 1399 988 satisfactionem,
1422 952 1526 991 magis
1549 953 1718 984 conveniat
1738 954 1786 984 di-

1005 1005 1089 1035 vinae
1105 1005 1313 1035 excellentiae.

1045 1061 1074 1089 2.
1092 1058 1169 1089 Item
1192 1059 1307 1089 modus
1326 1059 1378 1089 ille
1398 1059 1502 1099 magis
1522 1060 1669 1091 convenit
1692 1070 1784 1100 repa-

1004 1112 1119 1142 rationi
1144 1113 1271 1151 generis
1289 1113 1440 1151 humani,
1457 1113 1514 1153 qui
1538 1114 1643 1153 magis
1661 1117 1707 1145 est
1731 1123 1785 1145 os·—

1004 1165 1146 1195 tensivus
1161 1165 1280 1196 divinae
1295 1166 1495 1196 sufficientiae
1510 1175 1518 1196 :
1535 1166 1589 1197 sed
1604 1166 1628 1197 si
1643 1167 1686 1196 sic
1703 1166 1785 1198 Deus

1004 1226 1107 1256 genus
1136 1218 1319 1248 humanum
1342 1222 1522 1258 repararet,
1550 1219 1636 1258 quod
1662 1220 1784 1251 nullam

1003 1271 1179 1310 requireret
1203 1271 1465 1310 satisfactionem,
1490 1273 1594 1312 magis
1617 1276 1784 1313 appareret

1003 1324 1111 1355 divina
1127 1324 1315 1355 sufficientia
1330 1335 1336 1363 ;
1354 1326 1574 1356 ostenderetur
1588 1326 1674 1356 enim
1690 1328 1782 1365 tunc,

1003 1379 1088 1419 quod
1115 1379 1325 1409 emendarum
1356 1382 1537 1410 nostrarum
1564 1382 1594 1410 et
1624 1380 1783 1411 bonorum

1003 1435 1186 1463 nostrorum
1205 1442 1271 1463 non
1295 1433 1453 1472 indigeret
1471 1445 1477 1464 ε
1496 1442 1575 1473 ergo
1598 1434 1712 1465 modus
1733 1443 1782 1465 re-

1003 1487 1136 1527 parandi
1167 1487 1287 1526 absque
1318 1486 1407 1517 omni
1439 1487 1648 1518 satisfactione
1679 1488 1783 1527 magis

1002 1543 1083 1571 esset
1097 1549 1263 1579 congruus
1276 1540 1419 1570 humano
1436 1540 1558 1579 generi.

1044 1596 1071 1624 3.
1092 1594 1169 1624 Item
1188 1593 1239 1623 ille
1256 1594 1370 1624 modus
1393 1594 1497 1633 magis
1520 1594 1669 1625 convenit
1687 1603 1781 1635 repa-

1002 1647 1117 1678 rationi
1138 1647 1301 1683 humanae,
1327 1647 1383 1686 qui
1408 1647 1513 1686 magis
1539 1649 1586 1677 est
1604 1648 1783 1679 ostensivus

1001 1701 1120 1731 divinae
1136 1701 1284 1740 potentiae
1295 1724 1302 1737 ,
1319 1710 1377 1740 pro
1399 1710 1436 1731 eo
1452 1701 1536 1740 quod
1557 1701 1715 1741 reparatio
1737 1704 1783 1732 est

1001 1753 1150 1794 quaedam
1166 1754 1317 1784 recreatio
1334 1764 1340 1782 ;
1353 1753 1405 1784 sed
1419 1754 1444 1784 si
1461 1753 1544 1784 Deus
1560 1754 1679 1794 absque
1694 1755 1781 1785 omni

1001 1807 1213 1838 satisfactione
1242 1806 1308 1837 solo
1340 1807 1436 1838 verbo
1468 1810 1646 1847 reparasset
1679 1817 1783 1847 genus

1000 1859 1194 1897 humanum,
1213 1860 1293 1890 sicut
1307 1860 1476 1890 fabricavit
1491 1860 1661 1898 mundum,
1679 1862 1783 1901 major

1000 1915 1081 1943 esset
1095 1913 1138 1943 ibi
1154 1913 1273 1944 divinae
1289 1913 1416 1944 virtutis
1431 1914 1568 1944 ostensio
1585 1924 1592 1944 ε
1611 1923 1690 1954 ergo
1712 1923 1780 1945 ma-

1001 1969 1052 2008 gis
1067 1969 1215 2000 convenit
1229 1968 1288 1999 iste
1303 1969 1418 2000 modus
1439 1969 1583 2001 humano
1602 1970 1713 2009 generi
1728 1980 1781 2001 re-

1000 2023 1152 2064 parando.

1040 2080 1068 2108 4.
1087 2077 1164 2108 Item
1181 2077 1239 2108 iste
1260 2077 1375 2108 modus
1394 2077 1498 2117 magis
1517 2078 1666 2109 convenit
1689 2087 1781 2119 repa-

999 2131 1114 2162 rationi
1130 2131 1257 2170 gencris
1270 2131 1416 2169 humani,
1434 2131 1467 2161 in
1482 2140 1547 2171 quo
1563 2132 1661 2163 bomo
1675 2133 1780 2172 magis

999 2185 1188 2225 astringitur
1223 2184 1262 2215 ad
1301 2184 1475 2215 amandum
1512 2187 1543 2215 et
1582 2185 1779 2217 laudandum

999 2240 1099 2271 Deum
1117 2251 1123 2269 :
1142 2239 1196 2269 sed
1211 2239 1237 2269 si
1251 2238 1333 2276 Deus
1349 2238 1477 2277 culpam
1489 2239 1613 2269 homini
1628 2239 1777 2279 reliquis-

998 2296 1046 2324 set
1060 2294 1181 2333 absque
1195 2293 1284 2323 omni
1299 2292 1509 2323 satisfactione
1524 2295 1555 2323 et
1574 2302 1679 2332 poena,
1697 2295 1779 2323 esset

999 2347 1103 2386 magis
1125 2346 1304 2377 laudandus
1328 2347 1359 2376 et
1381 2345 1538 2376 amandus
1561 2346 1599 2376 ab
1623 2345 1775 2383 homine;

997 2399 1096 2431 horno
1116 2399 1202 2430 enim
1226 2399 1319 2439 plura
1340 2409 1359 2429 a
1382 2399 1443 2430 Deo
1465 2399 1654 2438 percepisset
1675 2407 1777 2438 :ergo

998 2454 1068 2484 talis
1083 2453 1198 2484 modus
1212 2452 1405 2492 reparationi
1420 2452 1572 2482 humanae
1586 2451 1690 2490 magis
1706 2460 1778 2483 con-

998 2509 1139 2548 grueret.

1038 2562 1067 2591 5.
1085 2559 1162 2591 Item
1185 2559 1300 2590 modus
1321 2558 1372 2589 ille
1394 2557 1498 2597 magis
1515 2558 1666 2598 congruit
1681 2567 1777 2599 repa-

997 2613 1111 2645 rationi
1129 2612 1259 2652 generis
1274 2610 1428 2649 humani,
1445 2610 1480 2641 in
1500 2620 1566 2652 quo
1582 2612 1685 2652 magis
1698 2621 1773 2643 eru-

1801 481 1834 500 Ad
1844 487 1895 507 opp.
