2017 2960
650 142 747 174 DlST.
771 142 849 174 xix.
873 141 964 173 ΛΒΤ.
988 141 1012 172 1.
1036 140 1186 179 QUAEST.
1212 142 1264 173 111.

165 215 362 256 praeberetur
375 213 404 244 ei
418 211 566 242 voluntas
579 213 610 241 et
624 219 795 241 consensus
808 220 816 248 ;
833 212 864 240 et
878 210 939 240 hoc

164 267 270 309 ipsum
295 268 398 308 potest
419 265 514 296 modo
530 274 537 295 ε
553 265 580 295 51
594 273 673 304 ergo
688 265 727 295 ab
747 264 838 294 initio
858 263 937 294 1111111

164 322 267 361 potuit
282 320 430 361 amplius,
446 318 574 349 videtur
586 318 670 348 idem
685 317 772 358 quod
787 317 884 356 prius.

439 449 665 483 CONCLUSIO.

163 535 214 561 Per
239 536 389 570 passionem
419 535 522 561 Christi
551 541 638 561 omnes
665 541 754 560 sumus
785 533 898 559 liberati
921 540 937 558 a

196 583 329 615 potestate
344 580 449 607 diaboli
460 579 548 614 quoad
556 580 761 613 sufficientiam,
775 578 835 604 licet
848 576 938 611 quoad

198 626 347 659 efficaciam
365 625 416 651 soli
434 626 470 657 ii,
488 626 536 658 qut·
549 626 612 651 sunt
626 623 656 650 cle
671 630 778 657 corpore
793 623 864 657 ejus,
880 622 936 647 sint

199 670 320 696 liberati.

201 748 294 788 Rcsp.
312 749 351 779 ad
364 757 435 787 arg.
453 747 624 778 Dicendum
639 746 740 786 quod,
762 746 843 776 sicut
862 745 937 776 dicit

161 801 312 841 Magister
335 802 369 832 111
393 802 507 837 littera,
537 810 594 840 per
621 800 799 840 passionem
823 799 935 830 Christi

159 864 272 886 sumus
291 865 310 886 a
333 857 485 895 potestate
509 854 624 884 diaboli
650 853 795 889 liberati,
824 862 936 883 omnes

158 908 288 948 quidem
312 911 469 948 quantum
494 908 534 938 ad
558 907 795 943 sufficientiam,
813 906 866 936 5οι1
890 906 935 935 1111

159 961 216 992 5011
231 962 288 1001 qni
301 964 376 993 sunt
392 962 430 993 de
446 963 515 1001 ejus
529 970 671 1001 corpore,
687 962 748 991 1100
762 962 810 991 051
825 960 933 990 Eccle-

159 1015 215 1053 sia,
237 1018 394 1055 quantum
420 1016 459 1046 ad
485 1015 668 1046 efficaciam.
704 1014 741 1044 Et
765 1014 825 1044 hoc
850 1015 935 1053 patet

159 1069 202 1099 sic
220 1079 226 1099 :
245 1069 393 1099 Diabolus
419 1069 504 1099 enim
530 1071 602 1099 ante
622 1067 800 1107 passionem
817 1066 932 1097 Christi

158 1121 295 1153 habebat
320 1122 478 1162 duplicem
502 1131 654 1158 manum,
671 1121 817 1151 videlicet
836 1123 932 1151 attra-

157 1174 287 1206 hentem
318 1177 350 1205 et
374 1175 601 1214 impellentem.
627 1173 740 1204 Manus
770 1174 934 1203 attrahens

156 1231 224 1258 erat
252 1231 388 1268 potestas
419 1229 567 1259 trahendi
600 1227 639 1258 ad
665 1227 803 1257 limbum
836 1227 931 1256 etiam

152 1281 256 1321 justos
271 1284 303 1312 et
317 1284 451 1312 sanctos.
473 1281 586 1312 Manus
601 1280 767 1320 impellens
787 1282 854 1310 erat
875 1289 932 1319 po-

155 1337 251 1366 testas
274 1335 494 1375 praecipitandi
508 1335 542 1364 111
557 1334 678 1364 1110111111
700 1333 752 1364 vel
767 1342 822 1373 per
841 1333 932 1363 falla-

155 1389 249 1426 ciam,
266 1389 318 1420 vel
332 1398 388 1429 per
403 1389 588 1419 violentiam
603 1398 610 1425 ;
635 1388 712 1428 quia
733 1388 874 1417 tentabat
895 1389 932 1417 ut

155 1442 266 1479 draco,
294 1442 434 1473 tentabat
454 1444 491 1472 ut
514 1442 574 1472 leo.
601 1441 639 1472 Et
662 1438 766 1480 prima
795 1450 929 1478 manus,

153 1495 271 1526 scilicet
291 1496 457 1526 attractiva
472 1519 479 1532 ‚
500 1497 567 1525 erat
595 1496 690 1524 tantae
717 1494 878 1533 potentiae,
894 1496 931 1524 ut

153 1549 264 1580 nullus
290 1551 396 1589 posset
417 1549 445 1580 ei
468 1549 612 1579 resistere
639 1560 645 1577 ι
671 1550 701 1578 01
723 1548 793 1578 haec
817 1548 876 1578 suit
901 1549 930 1578 01

152 1602 284 1633 omnino
299 1605 463 1642 amputata
478 1611 533 1642 per
549 1601 744 1641 passionem3
758 1602 825 1641 ι1001
842 1601 930 1632 enim

151 1657 279 1687 nullum
294 1658 418 1696 justum
442 1658 543 1696 potest
562 1655 602 1686 ad
626 1655 763 1686 limbum
790 1655 927 1693 trahere,

151 1709 227 1750 quia
241 1719 298 1750 per
311 1710 492 1750 passionem
514 1709 629 1740 Christi
643 1709 784 1739 deletum
800 1711 847 1739 est
863 1709 929 1739 chi-

150 1764 351 1804 rographum
378 1763 498 1804 peccati
533 1763 622 1793 Adae.
653 1762 786 1793 Manum
819 1765 928 1793 autem

150 1817 366 1857 impellentem
394 1817 530 1848 habebat
557 1817 601 1846 ita
627 1816 761 1853 fortem,
788 1818 824 1847 ut
853 1825 928 1847 cum

150 1879 271 1910 magna
293 1871 477 1902 difficultate
494 1872 598 1910 posset
619 1870 691 1909 quis
712 1870 742 1900 ei
757 1870 901 1901 resistere
919 1879 926 1900 t

151 1927 183 1955 01
196 1924 267 1955 ideo
281 1924 314 1954 in
328 1924 439 1955 multis
454 1924 621 1963 regnabat,
639 1923 703 1954 imo
718 1924 782 1954 fere
801 1924 835 1954 in
853 1933 928 1955 om-

151 1977 247 2008 nibus
264 1988 270 2007 :
290 1977 406 2008 Omnes
421 1977 508 2008 enim
523 1977 573 2008 vel
590 1976 759 2016 superabat
771 1985 828 2016 per
841 1977 928 2008 frau-

151 2031 327 2063 dulentiam
339 2055 348 2069 ,
363 2031 415 2062 vel
440 2040 495 2071 per
510 2030 693 2061 violentiam
713 2042 719 2061 1
736 2032 766 2061 et
786 2030 855 2061 haen
870 2040 929 2070 po-

151 2087 246 2116 testas
271 2085 432 2116 debilitata
469 2086 514 2115 est
547 2093 603 2124 per
631 2084 810 2124 passionem
833 2108 841 2122 ,
871 2093 927 2124 per

151 2147 251 2178 quam
264 2137 374 2168 lumen
390 2137 530 2167 veritatis
543 2137 684 2176 aperitur
699 2139 809 2168 contra
822 2137 929 2168 diabo-

151 2192 245 2223 licam
260 2191 508 2223 fraudulentiam
521 2215 528 2226 ,
545 2194 575 2222 01
590 2191 788 2230 adjutorium
800 2192 928 2222 virtutis

152 2246 337 2278 attribuitur
369 2248 479 2277 contra
510 2245 695 2276 diabolicam
726 2245 924 2276 violentiam.

151 2299 309 2340 Apparuit
321 2301 429 2330 autem
443 2299 555 2329 lumen
574 2298 728 2336 veritatis,
745 2300 776 2329 et
791 2299 927 2330 interius

151 2361 208 2392 per
229 2353 368 2384 divinam
391 2352 632 2392 inspirationem
645 2376 652 2390 ,
669 2354 700 2383 et
714 2352 856 2383 exterius
871 2362 928 2392 per

151 2406 328 2437 humanam
360 2407 614 2437 instructionem.
647 2406 717 2437 Jam
748 2406 835 2437 enim
862 2407 927 2438 sere

152 2460 301 2491 omnibus
323 2463 369 2492 est
387 2461 504 2492 veritas
525 2460 708 2501 propalata3
735 2462 766 2491 01
785 2460 856 2491 ideo
881 2461 927 2491 est

151 2514 310 2545 destructa
333 2514 509 2545 idololatria
522 2538 530 2552 ‚
559 2523 634 2554 quae
653 2514 742 2554 prius
755 2514 923 2554 regnabat.

150 2567 356 2607 Adjutorium
391 2567 487 2598 etiam
519 2567 645 2598 virtutis
683 2567 837 2599 tribuitur
869 2576 926 2608 per

183 2630 211 2654 ¹1
227 2629 297 2660 Corn,
309 2635 335 2660 x,
349 2629 387 2653 ⁴3.

1713 150 1771 178 4¹3

997 210 1110 248 gratiae
1130 210 1341 247 infusionem,
1358 219 1432 251 quae
1456 211 1601 251 reprimit
1622 214 1772 254 concupi-

996 263 1170 301 scentiam,
1187 265 1218 294 et
1241 273 1297 304 per
1322 263 1504 303 angelicam
1528 265 1770 304 protectionem,

995 325 1068 355 quae
1094 316 1276 356 comprimit
1302 319 1334 347 et
1356 317 1500 357 reprimit
1525 320 1693 357 potestates
1716 319 1771 349 ad-

995 377 1123 400 versas:
1141 372 1171 399 et
1192 370 1252 400 hoc
1277 371 1360 401 idem
1382 371 1502 402 virtute
1521 371 1687 411 passionis,
1704 381 1771 403 me-

996 422 1055 452 rito
1076 424 1171 461 cujus
1192 424 1330 455 mittitur
1352 425 1445 455 nobis
1467 425 1605 464 Spiritus
1629 428 1770 463 sanctus,

995 475 1166 506 mittuntur
1181 476 1276 506 etiam
1292 479 1321 507 et
1340 478 1399 517 ipsi
1414 478 1551 517 angelici
1566 479 1710 518 spirituS,
1736 482 1773 510 ut

995 531 1163 568 superetur
1179 530 1392 561 adversarius.
1410 531 1497 562 Unde
1514 532 1660 562 diabolus
1675 541 1772 572 super

995 582 1104 612 onmia
1130 583 1282 614 abhorret
1318 585 1508 615 memoriam
1534 585 1711 624 passionis,
1741 589 1772 616 et

994 635 1135 674 figuram
1146 637 1260 674 crucis,
1277 646 1333 676 per
1346 646 1445 676 quani
1460 647 1572 668 51111105
1585 648 1603 668 0
1618 641 1771 678 potestate

994 689 1064 728 ejus
1084 689 1216 720 liberati.
1240 690 1386 721 Rationes
1402 700 1479 729 ergo
1494 691 1553 722 hoc
1573 692 1772 723 ostendentes

995 743 1204 774 concedendae
1223 748 1309 776 sunt.

1039 799 1062 826 Ι.
1074 797 1119 827 Ad
1130 797 1207 828 illud
1218 807 1296 837 ergo
1305 799 1387 838 quod
1401 799 1504 838 primo
1512 798 1672 838 objicitur,
1685 798 1772 838 quod

994 850 1097 880 adhuc
1112 854 1209 881 restat
1230 852 1321 882 nobis
1336 852 1490 882 adversus
1506 852 1617 883 mnndi
1635 855 1771 882 rectores

994 903 1184 942 colluctatio,
1209 905 1378 936 dicendum
1394 906 1490 945 quod,
1507 906 1656 945 quamvis
1680 906 1771 935 nobis

993 957 1158 988 incumbat
1181 968 1302 998 pugna,
1329 968 1394 989 non
1417 962 1522 989 tamen
1545 960 1736 998 elongamur
1752 968 1771 989 a

992 1011 1133 1050 victoria,
1154 1012 1216 1042 nisi
1236 1013 1427 1043 interveniat
1442 1016 1550 1043 nostra
1561 1013 1769 1052 negligentia,

992 1065 1168 1096 secundum
1183 1066 1267 1105 quod
1283 1066 1419 1096 dicitur¹
1440 1077 1446 1097 :
1466 1066 1587 1098 Fidelis
1602 1067 1696 1104 Deus,
1713 1067 1771 1105 qui

991 1126 1056 1149 non
1081 1121 1225 1157 patietur
1252 1128 1306 1151 ros
1336 1121 1466 1157 tentari,
1495 1122 1566 1157 etc„
1596 1120 1650 1151 secl
1676 1120 1772 1159 factet

991 1179 1062 1202 cum
1077 1174 1252 1204 tentatione
1266 1177 1457 1212 proventum
1480 1184 1492 1204 .·
1515 1176 1546 1204 01
1569 1173 1639 1204 ideo
1654 1183 1695 1203 ex
1718 1173 1771 1204 illa

991 1225 1176 1256 auctoritate
1199 1235 1265 1256 non
1287 1228 1388 1266 potest
1408 1227 1535 1265 haberi,
1569 1227 1654 1266 quod
1680 1227 1771 1257 nobis

990 1278 1159 1316 praesideat
1182 1282 1318 1319 potestas
1342 1280 1515 1319 diabolica,
1541 1281 1689 1320 quamvis
1712 1289 1770 1311 nos

990 1340 1138 1362 exercere
1153 1342 1217 1363 non
1233 1334 1373 1364 desistat.

1030 1388 1059 1415 2.
1077 1386 1124 1416 Ad
1141 1386 1220 1417 illud
1236 1387 1320 1426 qnod
1339 1387 1499 1426 objicitur,
1512 1387 1597 1427 quod
1612 1389 1648 1419 in
1664 1389 1769 1420 novis-

988 1439 1082 1470 simis
1098 1438 1209 1470 diebus
1232 1440 1398 1472 instabunt
1420 1444 1561 1479 tempora
1580 1441 1766 1480 periculosa,

989 1492 1160 1524 dicendum
1181 1494 1268 1533 quod
1290 1494 1438 1533 quamvis
1459 1503 1515 1534 per
1535 1495 1715 1534 passionem
1729 1495 1769 1525 sit

988 1547 1125 1585 potestas
1146 1546 1302 1577 diabolica
1327 1548 1487 1587 superata,
1504 1550 1612 1578 tamen
1627 1548 1660 1578 in
1676 1548 1768 1578 nobis

989 1601 1034 1629 est
1048 1599 1132 1630 vires
1149 1600 1223 1631 dare
1237 1600 1332 1638 hosti,
1354 1603 1385 1630 et
1399 1610 1458 1631 nos
1473 1601 1649 1640 subjugare
1664 1604 1767 1641 potes-

988 1653 1042 1682 tati
1065 1652 1191 1683 diaboli.
1220 1653 1256 1683 Et
1285 1653 1361 1693 quia
1388 1653 1421 1683 in
1452 1654 1634 1685 novissimis
1658 1655 1769 1685 diebus

987 1705 1162 1736 abundabit
1180 1706 1358 1737 multorum
1385 1708 1593 1746 perversitas,
1620 1710 1651 1738 et
1673 1708 1767 1739 refri-

987 1761 1094 1798 gescet
1107 1759 1254 1797 charitas,
1270 1760 1355 1791 vires
1371 1763 1476 1791 sumet
1491 1761 1646 1792 diabolica
1662 1764 1767 1801 potes-

986 1815 1045 1849 tas,
1063 1816 1094 1843 et
1105 1814 1193 1851 justo
1209 1813 1262 1844 Dei
1273 1814 1397 1853 jndicio
1413 1814 1615 1854 permittetur
1629 1815 1767 1855 amplius

986 1866 1025 1897 ad
1041 1867 1162 1897 malum
1177 1867 1350 1906 impellere,
1363 1877 1462 1908 quam
1474 1868 1650 1908 permissus
1664 1870 1766 1900 fuerat

985 1919 1019 1950 in
1034 1921 1177 1960 tempore
1190 1921 1394 1960 praecedenti.

1026 1975 1055 2005 3.
1080 1974 1129 2005 Ad
1153 1974 1231 2005 illud
1254 1975 1341 2014 quod
1362 1975 1523 2015 objicitur,
1548 1975 1634 2016 quod
1661 1976 1765 2008 adhue

984 2029 1086 2067 potest
1100 2027 1134 2058 in
1145 2028 1351 2059 vexationem
1367 2038 1551 2069 corporum,
1574 2032 1605 2060 et
1625 2039 1765 2061 01100000-

984 2081 1104 2112 110110111
1127 2081 1285 2112 mentium
1297 2106 1306 2120 ,
1322 2082 1491 2114 dicendum
1515 2083 1600 2124 quod
1624 2084 1686 2115 1100
1699 2093 1764 2115 1100

984 2137 1086 2175 potest
1101 2135 1208 2173 modo,
1223 2135 1368 2176 nisiquis
1383 2137 1409 2167 ei
1426 2147 1466 2167 ex
1489 2138 1583 2178 culpa
1603 2148 1662 2169 sua
1680 2138 1765 2169 vires

983 2189 1113 2227 tribnat,
1131 2189 1210 2220 sicut
1219 2191 1295 2220 sunt
1309 2190 1354 2220 illi
1369 2191 1424 2230 qui
1438 2194 1637 2222 sacramenta
1650 2191 1763 2223 Christi

984 2244 1196 2273 contemnunt
1216 2252 1224 2273 ;
1248 2243 1304 2283 qni
1324 2253 1400 2274 vero
1418 2244 1583 2276 humiliter
1598 2248 1628 2276 et
1650 2245 1763 2275 devote

984 2296 1190 2327 sacramentis
1199 2298 1228 2327 et
1239 2297 1522 2328 sacramentalibus
1532 2308 1564 2328 se
1574 2298 1760 2337 subjiciunt,

982 2360 1057 2391 (1οω
1072 2361 1090 2382 a
1102 2351 1248 2392 passione
1263 2352 1375 2383 Christi
1390 2353 1509 2384 habent
1522 2354 1686 2390 virtutem,
1696 2363 1762 2384 non

982 2406 1156 2438 formidant
1176 2407 1363 2438 diabolicam
1383 2410 1580 2448 potestatem.
1597 2408 1696 2439 Tanta
1716 2410 1762 2440 est

982 2460 1068 2491 enim
1100 2461 1204 2492 virtus
1230 2464 1504 2493 sacramentorum
1530 2462 1700 2498 Ecclesiae,
1724 2464 1762 2494 ut

983 2515 1081 2546 etiam
1101 2515 1250 2546 extendat
1265 2525 1298 2546 se
1320 2525 1423 2556 usque
1444 2516 1484 2547 ad
1500 2516 1653 2547 infideles
1674 2515 1766 2558 Unde·

982 2577 1048 2599 11011
1060 2569 1106 2599 tot
1120 2568 1215 2600 hodie
1229 2569 1374 2600 diabolus
1384 2569 1518 2608 obsidet,
1530 2571 1608 2609 quot
1617 2569 1762 2601 diabolus

982 2624 1193 2653 consueverat
1214 2622 1370 2653 obsidere.
1395 2622 1509 2653 Scribit
1529 2623 1617 2654 enim
1637 2622 1760 2663 Grego-
