2017 2960
76 396 171 423 Explica-

73 460 130 486 upiu.
144 464 150 480 1

62 1023 156 1049 improb.

56 1737 154 1764 Explica-

64 1800 123 1826 opin.
135 1802 154 1822 2.

663 124 756 155 DIST.
780 124 888 155 XXIII.
913 123 1002 155 ART.
1030 123 1066 154 ll.
1090 122 1239 160 QUAEST.
1265 124 1301 154 V.

186 191 454 231 dixerunt,·quod
478 190 544 230 ipse
565 190 693 221 habitus
719 191 792 222 fidei
815 191 959 221 informis

186 245 341 276 formatur
356 245 395 275 ab
415 244 482 283 ipsa
498 243 611 283 gratia.
629 243 719 275 Ratio
734 246 843 275 autern
860 244 959 284 hujus

186 298 319 330 diversae
334 296 497 338 positionis
511 299 558 327 est
573 299 700 336 propter
716 297 878 328 diversum
894 306 960 328 mo-

186 351 263 382 dum
278 350 476 390 intelligendi
492 350 685 381 infusionem
706 351 819 390 gratiae
841 354 872 381 et
894 351 960 381 vir-

185 406 302 435 tutum.
337 404 472 441 Quidam
508 404 594 434 enim
624 404 797 434 voluerunt
832 404 936 434 dicere
949 427 958 442 ,

185 457 271 497 quod
287 457 369 488 sicut
383 458 490 488 anima
506 459 552 488 est
576 460 677 488 totuin
703 458 872 498 potentiale
896 467 960 488 res-

185 513 276 551 pectu
304 520 437 542 suarum
460 511 583 543 virium
597 535 604 548 ,
631 513 661 541 et
686 521 759 542 cum
781 511 961 542 infunditur

185 565 303 602 anima,
327 564 422 595 simul
439 566 542 604 portat
562 573 671 595 secum
696 574 769 595 suas
791 565 957 604 potentias,

182 621 214 648 et
235 627 310 649 0001
332 618 506 658 egreditur,
534 618 632 648 simul
655 619 750 649 trahit
776 619 844 649 :sic
867 620 897 649 et
922 618 960 648 de

183 671 286 710 gratia
300 671 403 702 dicere
418 671 609 709 voluerunt,
626 672 711 711 quod
734 672 838 711 gratia
864 671 960 701 simul

182 734 289 755 secum
306 726 366 756 fert
384 725 520 756 virtutes
534 725 632 765 ipsas,
649 726 766 765 quibus
782 726 959 756 inforinair·

181 781 235 810 tur
265 780 414 819 potentiae
428 803 435 815 ,
466 779 562 810 simul
588 780 683 810 etiam
713 789 822 810 secum
848 780 955 810 trahit.

181 829 270 861 Unde
281 830 369 861 nulla
385 831 488 862 virtus
503 831 637 861 formata
651 831 786 862 efficitur
801 832 957 868 informis,

181 893 240 914 nec
263 884 369 924 aliqua
395 884 541 915 informis
564 884 700 915 efficitur
725 885 861 915 formata
882 896 888 915 z
913 885 960 915 in-

180 937 327 968 funditur
342 938 428 968 enim
445 938 596 978 quaelibet
612 938 715 969 virtus
730 939 820 978 plene
837 941 866 969 et
882 939 955 969 inte·

183 1001 240 1030 gre
254 1000 327 1022 cum
342 991 409 1031 ipsa
424 992 539 1031 gratia,
556 992 599 1022 ita
612 992 698 1032 quod
714 992 794 1023 nihil
808 993 960 1023 extrinse-

182 1054 237 1076 cus
259 1045 356 1076 intrat
380 1047 450 1085 eJus
474 1046 642 1076 essenfiam
664 1056 721 1077 nec
746 1048 904 1086 quantum
921 1047 958 1077 ad

182 1099 364 1137 materiale,
392 1108 450 1130 nec
475 1102 633 1139 quantum
659 1099 698 1130 ad
722 1100 863 1130 formale.
899 1099 958 1130 Sed

180 1153 334 1192 quoniam
349 1153 568 1193 experimento
583 1154 730 1184 videmus
746 1154 886 1194 aliquam
899 1154 960 1185 vir-

180 1206 281 1235 tutem
296 1207 455 1244 quantum
472 1205 511 1235 ad
526 1205 556 1235 id
568 1229 575 1243 ,
593 1205 677 1245 quod
694 1207 740 1236 est
754 1206 789 1235 in
806 1215 842 1236 ea
858 1207 958 1235 mate-

178 1258 270 1297 riale,
288 1259 422 1289 minime
447 1258 590 1297 infundi,
615 1262 649 1290 ut
673 1259 834 1299 contingit
850 1259 958 1290 videre

178 1312 212 1342 in
226 1312 360 1352 parvulo
375 1312 545 1352 baptizato,
562 1313 616 1352 qui
640 1315 711 1352 post
735 1313 848 1352 gratiae
873 1313 959 1343 infu-

178 1365 302 1396 sionem
319 1365 441 1405 indiget
456 1365 561 1396 adhuc
576 1366 718 1396 articulis
734 1366 808 1397 fidei
825 1366 955 1404 erudiri,

177 1418 216 1449 ad
232 1418 292 1449 1100
315 1419 400 1458 quod
417 1419 451 1449 in
474 1421 580 1449 actum
596 1419 670 1449 fidei
687 1422 780 1450 exeat
797 1430 803 1450 :
824 1429 888 1450 non
912 1419 958 1450 vi-

176 1473 270 1504 detur
305 1473 362 1503 iste
395 1473 509 1504 modus
540 1473 738 1513 intelligendi
765 1474 957 1504 infusionem

178 1527 291 1566 gratiae
306 1530 336 1558 et
350 1527 508 1558 virtutum
524 1527 655 1558 omnino
669 1537 736 1559 esse
750 1529 954 1566 conveniens,

176 1581 322 1612 videlicet
337 1581 424 1621 quod
439 1590 513 1612 cum
529 1581 598 1620 ipsa
616 1582 720 1620 gratia
743 1582 879 1613 virtutes
903 1582 957 1612 in-

177 1634 352 1665 fundantur
367 1637 527 1674 quantum
546 1634 585 1665 ad
609 1635 752 1674 ipsarum
768 1635 956 1666 totalitatem

177 1690 208 1718 et
232 1688 464 1727 integritatem,
490 1688 551 1718 1100
574 1689 639 1725 est,
665 1690 823 1728 quantum
851 1689 889 1719 ad
912 1688 953 1726 id,

178 1741 263 1781 quod
292 1743 337 1772 est
362 1741 395 1771 in
424 1741 468 1772 eis
494 1741 656 1772 materiale
688 1743 719 1772 et
744 1742 887 1773 formale.
918 1741 956 1772 Et

178 1796 345 1834 propterea
359 1794 441 1825 alius
456 1794 571 1825 modus
586 1796 632 1825 est
647 1795 845 1834 intelligendi
866 1795 954 1825 infu-

177 1846 299 1876 sionem
311 1846 435 1885 gratiae,
452 1846 536 1885 quod
552 1855 627 1877 cum
641 1846 709 1886 ipsa
726 1847 831 1886 gratia
846 1847 956 1877 infun-

176 1899 262 1930 ditur
280 1900 412 1930 formale
435 1900 583 1930 omnium
605 1900 761 1931 virtutum
787 1900 821 1930 in
836 1909 954 1939 genere

176 1953 327 1992 gratuiti,
357 1953 441 1993 quod
463 1953 593 1993 quidem
618 1953 826 1984 essentialiter
850 1954 955 1984 differt

175 2007 215 2037 ab
231 2006 300 2046 ipsa
322 2008 440 2045 gratia,
457 2008 537 2037 sicut
559 2007 699 2047 potentia
714 2007 831 2038 animae
847 2016 953 2037 essen-

175 2060 290 2091 tialiter
313 2060 419 2091 differt
442 2061 482 2091 ab
505 2062 576 2100 ejus
601 2061 788 2091 substantia.
818 2061 856 2091 Et
877 2061 955 2091 illud

175 2114 306 2154 quidem
326 2114 457 2145 formale
479 2114 605 2145 vIrtutis
621 2115 790 2155 quuslibet
811 2115 954 2146 infusum

176 2177 250 2198 cum
265 2168 380 2207 gratia,
398 2170 509 2208 potens
523 2170 570 2199 est
584 2178 680 2199 suum
696 2168 858 2199 materiale
873 2169 954 2200 edu-

176 2231 246 2252 cere
261 2222 298 2252 de
321 2222 459 2261 potentia
476 2221 511 2252 in
525 2224 630 2253 actum
644 2246 652 2260 ,
671 2222 696 2252 si
713 2231 777 2253 non
793 2222 832 2253 sit
850 2222 955 2253 adhuc

177 2276 326 2307 eductum
341 2275 376 2306 in
389 2278 507 2306 actum.
521 2275 553 2306 Si
565 2285 641 2307 vero
654 2276 723 2315 jam
739 2278 785 2306 est
799 2276 833 2306 iu
847 2278 953 2307 actum

177 2328 343 2367 eductum,
362 2331 463 2369 potest
485 2329 592 2368 ipsum
610 2329 712 2359 facere
729 2328 908 2368 gratuitum
924 2331 955 2359 et

177 2382 302 2413 vivum.
319 2382 357 2413 Et
371 2383 421 2413 isti
436 2383 546 2414 dicunt
559 2385 590 2413 et
605 2383 746 2413 sentiunt
762 2383 847 2423 quod
863 2383 954 2413 habi-

178 2437 229 2466 tus
243 2435 316 2466 fidei
331 2435 475 2466 informis
489 2436 644 2467 formetur
660 2446 716 2476 per
729 2436 833 2476 ipsam
849 2437 953 2467 virtu-

179 2490 242 2519 tem
264 2489 349 2527 fidei,
371 2498 444 2529 quae
468 2490 561 2521 simul
587 2500 661 2521 cum
686 2490 790 2530 gratia
810 2490 952 2521 infundi-

210 2571 219 2587 ¹
234 2571 261 2595 S.
280 2570 406 2601 Thomas,
427 2571 456 2594 de
475 2571 561 2603 Verit„
574 2579 598 2603 q.
614 2578 672 2602 xw,
689 2574 735 2596 art.
757 2574 782 2603 5,
800 2573 869 2597 tenet
886 2574 952 2604 quod

178 2608 302 2633 formatur
316 2613 332 2631 a
344 2607 425 2637 gratia
437 2606 567 2632 mediante
582 2607 712 2634 charitate.

1738 131 1795 159 509

1013 192 1067 220 tur
1080 201 1087 228 ;
1112 192 1143 221 et
1166 190 1313 222 similiter
1337 191 1473 222 efficitur
1497 192 1645 232 informe,
1667 196 1796 234 quando

1014 243 1090 273 illud
1101 268 1108 281 ,
1126 244 1212 283 quod
1229 244 1361 275 formale
1376 244 1435 275 fuit
1451 245 1482 275 in
1499 245 1560 276 fide
1573 269 1581 283 ,
1605 245 1700 277 simul
1723 257 1797 278 curu

1015 297 1118 333 gratia
1142 298 1261 328 recedit
1291 301 1321 329 et
1344 299 1524 339 expellitur.
1553 299 1589 330 Et
1617 302 1795 332 secundum

1015 349 1097 379 lianc
1118 351 1325 390 positionem,
1344 353 1449 392 gratia
1473 362 1538 393 qua
1560 353 1662 384 virtus
1683 354 1798 385 dicitnr

1015 404 1176 442 gratuita,
1206 405 1311 435 differt
1335 406 1374 436 ab
1401 415 1438 436 ea
1464 416 1528 446 qna
1551 407 1660 438 anima
1682 407 1797 438 dicitur

1016 455 1078 486 Deo
1101 459 1203 495 grata.
1221 457 1281 488 Sed
1296 458 1448 497 quoniam
1471 459 1505 489 111
1521 468 1587 489 una
1607 459 1716 490 anima
1732 469 1797 490 una

1015 509 1081 539 sola
1104 511 1148 539 est
1177 511 1280 548 gratia
1302 514 1432 550 gratnm
1456 513 1590 550 faciens,
1616 513 1792 544 secundum

1016 562 1101 601 quod
1125 562 1157 592 in
1187 564 1326 594 secundo
1349 564 1427 594 libro
1454 567 1616 595 ostensum
1638 566 1714 605 fuit,
1742 577 1797 607 per

1015 625 1113 655 quam
1129 618 1256 656 accepta
1271 619 1316 647 est
1332 617 1395 647 Deo
1417 618 1524 648 anima
1546 622 1576 648 et
1603 621 1672 658 eJus
1688 622 1797 660 poten-

1015 670 1077 707 tia3
1094 669 1164 700 ideo
1187 672 1233 700 est
1259 670 1363 700 adhuc
1389 671 1501 701 tertius
1520 672 1633 702 modus
1658 673 1793 710 dicendi,

1016 725 1046 753 et
1070 723 1269 762 intelligendi
1289 723 1482 754 infusionem
1504 725 1617 763 gratiae
1642 728 1672 755 et
1696 726 1795 756 virtu-

1016 778 1098 813 tum,
1116 776 1174 816 qni
1198 776 1324 807 videtur
1339 787 1405 807 esse
1420 778 1613 817 probabilior
1632 781 1662 809 et
1676 779 1797 810 facilior

1016 839 1112 869 quam
1139 830 1280 869 praedicti
1297 842 1303 861 t
1322 831 1467 862 videlicet
1488 832 1574 871 quod
1597 832 1666 872 ipsa
1691 834 1798 872 gratia

1015 886 1145 922 gratum
1157 884 1273 914 faciens
1288 887 1491 924 comparatur
1506 885 1545 915 ad
1555 885 1682 916 habitus
1699 887 1798 917 virtu-

1015 939 1085 967 tum
1104 937 1291 975 substratos,
1308 938 1389 968 sicut
1404 941 1606 978 comparatur
1622 939 1679 970 lux
1694 940 1731 970 ad
1749 949 1798 971 co-

1015 990 1108 1020 lores.
1127 990 1161 1020 In
1176 990 1236 1021 hoc
1252 993 1359 1021 tamen
1376 994 1422 1022 est
1436 991 1624 1029 differentia,
1639 993 1724 1032 quod
1740 993 1797 1024 lux

1015 1044 1073 1074 ista
1088 1044 1259 1084 corporalis
1278 1054 1342 1075 non
1357 1045 1400 1075 ita
1414 1045 1582 1076 efficaciter
1598 1049 1698 1086 potest
1711 1047 1793 1077 edu-

1016 1107 1086 1128 cere
1102 1099 1223 1128 colores
1239 1098 1276 1128 de
1299 1099 1439 1138 potentia
1463 1100 1495 1129 in
1516 1102 1623 1130 actum
1638 1103 1795 1140 quantuni

1015 1151 1054 1181 ad
1068 1160 1135 1181 esse
1151 1151 1236 1191 quod
1252 1151 1347 1182 habet
1366 1152 1451 1182 color
1475 1152 1508 1182 in
1528 1162 1645 1192 genere
1661 1154 1794 1193 coloris;

1015 1206 1067 1236 sed
1087 1206 1153 1245 ipsa
1170 1207 1274 1245 gratia
1292 1206 1431 1237 existens
1446 1207 1479 1237 111
1494 1207 1560 1247 ipsa
1575 1208 1681 1239 anima
1695 1212 1796 1249 potest

1014 1260 1116 1290 facere
1151 1260 1334 1299 germinare
1368 1261 1495 1291 habitus
1523 1262 1695 1293 virtutum.
1727 1263 1797 1304 Ipsa

1014 1313 1101 1343 enim
1118 1314 1223 1353 gratia
1238 1314 1411 1345 adveniens
1425 1314 1458 1344 in
1474 1315 1617 1346 animam
1633 1321 1794 1349 carentem

1014 1367 1176 1398 habitibus
1193 1368 1364 1406 virtutum,
1379 1378 1411 1399 se
1423 1368 1520 1400 habet
1533 1370 1626 1409 quasi
1638 1370 1794 1410 originale

1014 1420 1209 1460 principium
1236 1421 1365 1452 illorum
1390 1425 1547 1462 quantum
1575 1424 1614 1454 ad
1642 1434 1709 1455 esse
1732 1426 1794 1466 pri-

1014 1482 1118 1504 mum.
1142 1474 1230 1506 Unde
1255 1475 1337 1506 sicut
1361 1476 1470 1515 pluvia
1494 1477 1599 1508 infusa
1623 1481 1716 1510 terrae
1740 1480 1795 1511 ha·

1014 1527 1098 1558 henti
1121 1528 1153 1558 in
1179 1538 1211 1559 se
1235 1529 1456 1568 seminarIum,
1482 1531 1555 1561 facit
1579 1541 1650 1562 eam
1673 1534 1796 1572 germi-

1014 1590 1108 1619 nare,
1125 1582 1225 1613 donec
1242 1583 1348 1614 veniat
1363 1583 1401 1614 ad
1417 1585 1556 1615 fructum
1578 1587 1771 1627 completum
1785 1599 1792 1628 ;

1013 1635 1057 1665 sic
1078 1635 1327 1675 intelligendum
1347 1640 1394 1668 est
1408 1638 1445 1668 de
1460 1639 1564 1678 gratia
1578 1643 1723 1680 respectu
1738 1642 1796 1673 ha-

1012 1688 1141 1719 bituum
1163 1690 1305 1729 ipsarum
1330 1691 1488 1722 virtutum
1510 1696 1668 1733 quantum
1685 1695 1723 1726 ad
1744 1696 1794 1736 ip-

1013 1751 1122 1773 sorum
1147 1752 1213 1773 esse
1234 1744 1386 1783 primum.
1405 1744 1476 1776 Non
1501 1746 1545 1777 sic
1565 1750 1673 1779 autem
1693 1752 1795 1789 potest

1012 1796 1114 1826 facere
1149 1797 1207 1827 lux
1246 1798 1448 1837 superinfusa
1481 1801 1621 1832 exterius
1648 1806 1793 1843 respectu

1012 1850 1166 1882 colorum.
1185 1852 1245 1882 Sed
1261 1852 1287 1882 si
1307 1861 1530 1893 comparemus
1553 1856 1672 1887 colores
1688 1858 1726 1888 ad
1742 1858 1793 1889 lu-

1012 1914 1080 1935 cem
1096 1928 1103 1942 ,
1121 1908 1149 1935 et
1173 1905 1302 1936 habitus
1318 1906 1479 1938 virtutum
1496 1908 1534 1939 ad
1555 1910 1694 1948 gratiam
1717 1921 1792 1951 gra—

1011 1960 1083 1988 tum
1099 1958 1265 1990 facientem
1285 1963 1443 2000 quantum
1459 1962 1497 1992 ad
1512 1971 1579 1994 esse
1597 1965 1790 2005 secundum,

1012 2013 1123 2051 utpote
1136 2015 1295 2052 quantum
1312 2014 1351 2044 ad
1367 2024 1433 2045 esse
1448 2015 1590 2047 colorum
1615 2018 1650 2048 in
1671 2028 1791 2058 genere

1011 2066 1120 2104 lucidi,
1136 2068 1166 2097 et
1181 2067 1352 2099 habituum
1368 2069 1401 2099 in
1416 2078 1535 2108 genere
1550 2073 1696 2110 gratuiti,
1716 2076 1792 2105 tunc

1012 2122 1057 2150 est
1071 2119 1246 2151 similitudo
1262 2131 1427 2162 expressa,
1446 2125 1481 2154 ut
1495 2124 1576 2155 sicut
1596 2126 1689 2156 multi
1706 2127 1791 2158 colo-

1012 2183 1062 2204 res
1082 2174 1116 2204 in
1139 2183 1206 2205 una
1222 2175 1317 2206 domo
1339 2177 1505 2208 tenebrosa
1529 2179 1699 2211 existentes
1721 2182 1788 2212 effi-

1012 2227 1140 2258 ciuntur
1161 2228 1313 2260 luminosi
1333 2239 1390 2270 per
1414 2241 1515 2262 unam
1538 2233 1789 2267 luminositatem

1011 2282 1308 2321 supervenientem,
1332 2286 1362 2314 et
1381 2284 1420 2314 ab
1443 2285 1497 2315 illa
1516 2285 1742 2327 informantur,
1758 2293 1791 2321 et

1011 2334 1211 2374 decorantur,
1228 2338 1259 2366 et
1273 2339 1487 2369 venustantur
1501 2350 1508 2370 :
1525 2339 1569 2370 sic
1584 2341 1711 2373 habitus
1726 2344 1789 2374 vir-

1011 2389 1117 2418 tutum
1132 2388 1284 2420 informes
1305 2391 1477 2422 existentes
1492 2392 1525 2422 in
1549 2394 1656 2424 anima
1674 2405 1789 2428 venus-

1011 2442 1119 2471 tantur
1132 2444 1162 2472 et
1176 2442 1367 2475 decorantur
1381 2445 1420 2475 ab
1437 2455 1502 2476 una
1516 2447 1619 2485 gratia
1634 2458 1786 2489 superve-

1010 2494 1147 2526 niente¹.
1166 2495 1204 2526 Et
1218 2498 1395 2529 secundum
1410 2498 1497 2529 110110
1520 2501 1651 2532 modum
1671 2502 1788 2536 intelli-

1010 2549 1107 2587 gendi
1122 2549 1314 2582 infusionem
1329 2552 1442 2591 gratiae
1462 2555 1494 2583 et
1507 2553 1681 2593 virtutum,
1697 2557 1787 2590 facile

1011 2604 1058 2632 est
1070 2602 1247 2643 intelligere
1262 2604 1397 2644 qualiter
1410 2605 1535 2637 habitus
1552 2608 1625 2639 fidei
1643 2609 1788 2643 informis

1814 452 1909 478 1111111011,

1824 657 1918 684 Explica-

1821 736 1871 762 upin
1891 737 1910 755 3-
