2017 2960
88 1409 173 1429 Adtres

75 1440 169 1492 figitur-⁵⁵
190 1455 302 1487 ficilior
317 1458 348 1486 et
361 1457 473 1496 purior
487 1458 518 1486 et
532 1456 638 1495 magis
654 1464 752 1495 supra
771 1455 857 1485 vires
874 1457 967 1486 natu-

71 1502 176 1554 ιξιυειιιιῖἒΙ-οε

638 153 827 187 DlSTINCT.
851 152 941 185 XXX.
964 151 1055 183 ART.
1079 152 1102 183 Ι.
1127 151 1280 190 QUAEST.
1302 151 1353 184 VI.

185 224 270 255 tione
285 225 540 265 propinquorum
553 249 561 262 ‚
582 226 613 256 et
631 224 755 255 ratione
768 221 962 254 extensionis

186 277 258 316 plus
271 277 305 308 in
321 278 522 309 calefactione
537 277 802 317 longinquorum.
821 275 872 306 Sic
885 277 916 305 et
928 274 961 304 in

186 331 346 370 proposito
371 331 618 370 intelligendum
641 333 685 361 est
699 354 707 366 ,
733 329 818 369 quod
840 327 963 359 dilectio

185 383 376 421 amicorum,
393 386 423 415 et
438 384 562 415 dilectio
578 384 796 418 inimicorum,
813 382 909 421 prout
924 380 963 411 ab

185 439 294 469 eadem
316 440 421 470 radice
442 440 634 480 procedunt,
660 437 836 468 secundum
858 436 964 466 diver-

184 501 234 522 sas
248 493 443 523 conditiones
466 495 496 523 et
515 494 676 532 respectus
691 492 804 521 mutuo
822 498 855 520 se
874 497 964 519 exce-

185 544 266 574 dunt
280 555 287 575 :
305 547 335 575 et
350 545 528 576 secundum
543 545 604 575 hoc
620 543 750 574 dissolvi
765 544 897 582 possunt
909 550 964 571 ra-

185 597 304 636 tiones,
321 608 395 638 quae
416 599 456 629 ad
470 599 613 630 diversas
626 599 731 637 partes
745 596 960 627 adducuntur.

186 651 325 682 Diversis
355 652 444 683 enim
470 652 531 683 viis
560 651 756 691 procedunt,
787 649 964 680 secundum

186 713 265 744 quas
279 707 426 745 utraeque
442 714 557 736 verum
572 704 641 734 sine
659 703 875 743 repugnantia
888 712 964 733 con·

186 758 312 789 cludere
334 761 477 799 possunt.
498 758 558 789 Sed
579 758 605 788 si
624 757 758 789 ulterius
787 759 963 797 quaeratur,

187 812 260 852 quis
287 813 422 843 istorum
445 812 585 843 duorum
613 813 761 842 motuum
775 834 785 849 ‚
816 810 965 841 omnibus

186 865 336 904 pensatis,
350 865 481 896 excedat
492 865 664 904 reliquum,
676 863 728 894 hic
743 865 819 894 sunt
830 863 965 893 diversae

186 918 364 958 opiniones.
380 918 460 949 Nam
480 918 611 958 quidam
624 917 738 948 volunt
750 917 863 954 dicere,
880 916 965 956 quod

187 975 294 1003 motus
316 973 368 1003 ille
379 996 387 1010 ,
404 972 460 1012 qui
483 974 529 1002 est
550 972 583 1002 in
601 971 742 1002 amicum
754 995 763 1009 ,
778 970 892 1001 melior
907 972 964 1008 est,

187 1025 264 1066 quia
280 1026 433 1056 intensior
448 1027 515 1063 est,
532 1027 563 1056 et
583 1025 655 1065 plus
671 1024 767 1055 habet
784 1024 823 1055 de
845 1024 967 1055 ratione

186 1079 274 1109 boni.
288 1079 327 1110 Et
341 1079 440 1109 istum
457 1079 589 1109 modum
605 1078 728 1108 dicendi
748 1077 876 1107 videtur
899 1076 965 1107 Ma-

187 1133 286 1172 gister
310 1133 486 1173 approbare
510 1133 543 1163 iu
568 1133 681 1163 littera.
708 1132 746 1162 Et
760 1131 786 1162 si
799 1132 886 1162 hunc
903 1141 968 1162 mo-

187 1187 277 1224 dum,
294 1187 350 1226 qui
365 1187 440 1217 satis
455 1187 582 1217 videtur
596 1185 768 1226 probabilis
778 1209 787 1224 ,
809 1185 967 1216 sustinere

187 1240 335 1277 velimus,
349 1240 534 1279 responderi
549 1241 651 1279 potest
670 1239 708 1269 ad
728 1239 877 1276 rationes,
893 1247 967 1278 quae

187 1292 290 1333 primo
304 1293 512 1330 inducuntur,
529 1292 615 1333 quod
628 1292 668 1323 ab
682 1291 887 1322 insufficienti
899 1301 969 1331 pro-

188 1348 316 1379 cedunt.

230 1402 310 1433 Cum
324 1402 410 1433 enim
426 1402 542 1433 dicitur
556 1402 641 1442 quod
659 1403 764 1432 motus
777 1402 898 1441 quanto
914 1401 970 1432 dif-

190 1518 254 1547 rae,
280 1512 367 1540 tanto
385 1512 431 1541 est
450 1510 615 1550 perfectior
637 1511 668 1540 et
682 1509 902 1547 excellentior,
921 1509 970 1540 di-

192 1563 328 1594 cendum
339 1564 424 1604 quod
438 1564 499 1594 hoc
507 1572 621 1594 verum
633 1565 679 1594 est
689 1563 810 1593 eaeteris
826 1563 968 1602 paribus.

193 1617 253 1648 Sed
269 1626 344 1648 cum
359 1617 493 1648 assumit
514 1617 553 1647 de
567 1618 657 1647 motu
671 1616 847 1647 dilectionis
862 1616 970 1647 inimi-

191 1685 316 1714 corum,
333 1675 389 1716 qui
404 1678 450 1706 est
463 1675 661 1715 hujusmodi,
673 1674 856 1715 responderi
870 1677 971 1715 potest

188 1730 274 1770 quod
287 1739 352 1760 non
364 1731 439 1760 sunt
453 1732 557 1760 cetera
570 1729 668 1769 paria,
690 1729 767 1769 quia
786 1728 888 1759 multo
905 1738 970 1759 ma-

183 1784 237 1823 jor
260 1785 289 1814 et
311 1783 487 1814 ferventior
508 1785 555 1813 est
577 1785 682 1813 motus
697 1782 873 1814 dilectionis
891 1792 971 1822 erga

187 1837 318 1875 amicos,
335 1846 434 1876 quam
448 1837 488 1867 sit
500 1837 563 1868 ille.
583 1836 673 1867 Alius
686 1845 763 1867 vero
775 1839 822 1867 est
836 1836 889 1867 hic
904 1846 970 1868 mo-

187 1890 247 1920 dus
269 1890 415 1928 dicendi,
432 1890 518 1930 quod
540 1890 664 1921 dilectio
690 1890 895 1921 inimicorum
923 1893 970 1921 est

187 1943 403 1982 excellentior,
426 1944 611 1981 simpliciter
632 1943 802 1984 loquendo,
819 1946 850 1975 et
864 1945 970 1984 magis

187 1997 222 2027 in
247 2006 285 2027 ea
308 1997 501 2028 exercitatur
523 1997 674 2037 perfectio
698 1996 870 2027 eharitatis.
888 1997 927 2027 Et
941 1997 968 2027 si

191 2051 280 2082 hunc
307 2051 440 2082 modum
469 2051 593 2082 dicendi
626 2051 784 2082 sustinere
817 2051 966 2089 velimus,

186 2104 340 2144 quoniam
353 2103 480 2134 videtur
494 2104 665 2135 auctoritas
677 2104 852 2143 Augustini
862 2104 968 2144 ipsum

186 2158 261 2189 satis
274 2157 470 2198 probabilem
485 2157 598 2196 facere,
614 2160 716 2198 potest
728 2158 912 2198 responderi
927 2157 967 2189 ad

185 2221 233 2249 ea,
251 2211 369 2252 quaein
384 2211 579 2242 contrarium
596 2212 811 2243 adducuntur.

226 2268 255 2296 1.
286 2265 336 2297 Ad
359 2265 501 2305 primum
521 2265 606 2305 quod
631 2266 781 2306 objicitur
803 2267 842 2297 de
857 2265 968 2297 ordine

186 2319 424 2359 diligendorum
435 2342 443 2357 ,
462 2318 522 2349 dici
538 2321 658 2359 potest,
676 2319 762 2359 quod
776 2319 967 2350 Ambrosius

186 2377 219 2408 in
236 2374 391 2414 gradibus
404 2373 464 2403 illis
479 2381 543 2403 non
558 2373 692 2404 intendit
704 2383 833 2414 ponere,
855 2374 906 2405 vel
919 2383 968 2405 as-

186 2432 315 2471 signare
343 2429 464 2469 gradus
494 2428 694 2470 perfectionis
721 2428 756 2458 in
786 2428 965 2467 dilectione,

185 2487 238 2518 sed
250 2486 370 2526 gradus
380 2485 585 2517 exhibitionis
599 2484 778 2515 secundum
796 2485 966 2524 maiorem,

184 2544 216 2572 et
226 2540 386 2572 minorem
401 2539 643 2579 obligationem.

224 2597 254 2626 2.
278 2593 326 2625 Ad
341 2593 420 2624 illud
440 2593 526 2633 quod
542 2592 710 2633 objicitur,
733 2591 819 2633 quod
841 2591 967 2623 dilectio

217 2657 317 2688 ¹Rom.‚
328 2661 352 2688 v,
368 2656 390 2680 8.
404 2668 435 2673 —
447 2655 457 2672 ἵ
467 2655 568 2686 ΕρΙιρε.,
585 2661 616 2686 11,
629 2656 651 2680 4.

1737 155 1792 185 681

1018 220 1195 251 amicorum
1231 222 1279 251 est
1300 219 1458 251 dilectioni
1489 218 1542 249 Dei
1569 219 1719 259 similior,
1750 229 1797 252 re-

1018 274 1166 313 sponderi
1191 276 1294 314 potest
1319 283 1375 314 per
1402 273 1691 312 interemptionem,
1722 275 1797 314 quia

1018 328 1166 366 perfectio
1178 327 1353 358 dilectionis
1367 327 1485 358 divinae
1509 326 1613 366 magis
1634 328 1797 358 manifesta

1019 384 1066 413 est
1087 383 1120 413 in
1142 383 1220 421 hoc,
1245 383 1330 423 quod
1356 383 1465 413 dilexit
1489 392 1545 413 nos
1568 392 1641 413 cuni
1657 392 1798 414 essemus

1019 436 1149 474 inimici,
1166 447 1263 477 quam
1279 437 1304 467 si
1324 446 1465 467 essemus
1489 436 1593 472 amici,
1607 437 1701 476 juxta
1721 437 1798 467 illud

1020 490 1184 529 Apostoli¹
1204 502 1210 522 z
1230 490 1432 522 Commendat
1450 494 1556 522 aulem
1580 491 1665 521 Deus
1688 491 1797 523 cliarz'-

1020 550 1116 579 tatem
1134 554 1226 578 suam
1249 547 1285 577 τη
1305 545 1407 582 nobis,
1432 546 1510 584 quia
1524 553 1594 575 cum
1609 544 1714 576 adhuc
1729 553 1800 585 pec-

1019 603 1140 632 catores
1159 607 1309 637 essemus,
1328 598 1500 630 secundum
1517 601 1638 637 tempus
1655 598 1801 630 Christus

1018 663 1076 695 pro
1097 655 1186 686 nobis
1208 656 1350 684 mortuus
1373 655 1428 683 esc.
1453 651 1542 683 Unde
1565 652 1622 682 etsi
1653 652 1686 682 in
1709 653 1801 683 dilec-

1019 710 1105 740 tione
1120 709 1297 739 amicorum
1312 706 1449 738 charitas
1467 706 1519 736 Dei
1537 706 1721 736 ostendatur
1734 716 1802 737 esse

1021 772 1151 802 magna,
1174 762 1206 792 in
1221 761 1387 792 dilectione
1403 759 1607 789 inimicorum
1623 759 1802 789 ostenditur

1021 826 1088 848 esse
1109 815 1220 853 nimia,
1239 816 1333 854 juxta
1357 814 1435 844 illud
1457 816 1489 843 *ι
1506 813 1642 852 Propter
1664 813 1802 844 nimiam

1020 870 1210 902 charitatem
1226 877 1329 907 suam,
1347 876 1412 908 qua
1426 867 1546 898 ditexit
1560 874 1628 903 nos,
1641 869 1699 897 etc.

1062 926 1091 954 3.
1118 923 1166 953 Ad
1187 922 1266 953 illud
1294 922 1380 962 quod
1410 921 1571 960 objicitur,
1602 920 1687 959 quod
1715 921 1801 950 lanto

1021 979 1128 1007 motus
1141 976 1315 1007 dilectionis
1332 978 1378 1006 cst
1396 975 1520 1011 melior,
1536 976 1657 1014 quanto
1672 973 1802 1003 serven-

1022 1032 1094 1069 tior,
1124 1030 1295 1062 dicendum
1319 1029 1404 1069 quod
1425 1029 1504 1059 illud
1524 1037 1638 1059 verum
1661 1029 1719 1065 est,
1747 1027 1803 1057 ubi

1023 1088 1069 1116 est
1088 1095 1144 1126 par
1157 1084 1326 1115 difficultas
1345 1086 1375 1114 et
1394 1082 1589 1119 resistentia·,
1613 1081 1668 1112 ubi
1694 1084 1802 1111 antem

1023 1148 1088 1170 non
1105 1141 1151 1169 est
1165 1148 1222 1178 par
1236 1137 1406 1168 difficultas
1422 1136 1501 1166 sicut
1513 1135 1547 1165 in
1564 1135 1723 1174 proposito
1739 1143 1803 1165 non

1024 1193 1120 1223 habet
1139 1192 1307 1223 veritatem
1325 1201 1331 1221 :
1349 1190 1434 1230 quod
1454 1191 1553 1229 patet,
1569 1188 1646 1228 quia
1661 1188 1804 1218 modicus

1023 1246 1110 1285 ignis
1137 1246 1231 1275 citius
1257 1244 1363 1275 adurit
1385 1244 1524 1280 soenum,
1542 1251 1639 1282 quam
1666 1249 1806 1280 magnus

1024 1300 1110 1339 ignis
1124 1299 1238 1330 adurat
1249 1298 1329 1329 forte
1343 1298 1482 1336 lignum.

1065 1355 1095 1383 4.
1115 1352 1163 1383 Ad
1183 1352 1262 1382 illud
1286 1350 1370 1391 quod
1396 1350 1563 1389 objicitur,
1579 1347 1663 1388 quod
1683 1349 1805 1387 quanto

1027 1409 1133 1437 motus
1143 1405 1320 1437 dilectionis
1333 1406 1380 1435 est
1389 1403 1513 1441 rectior,
1527 1405 1614 1433 tanto
1626 1401 1804 1441 perfectior,

1025 1460 1196 1491 dicendum
1221 1458 1305 1499 quod
1329 1459 1377 1489 est
1394 1466 1521 1488 verum.
1545 1455 1606 1486 Sed
1625 1464 1699 1485 cuni
1715 1463 1806 1484 assu-

1026 1514 1095 1551 mit,
1116 1513 1202 1553 quod
1229 1515 1335 1543 motus
1365 1510 1538 1542 dilectionis
1561 1518 1639 1548 erga
1665 1508 1805 1539 amicum

1026 1568 1131 1607 magis
1152 1569 1198 1598 est
1218 1575 1331 1606 aequus
1355 1567 1386 1595 et
1407 1566 1524 1601 rectus,
1550 1562 1805 1602 respondendum

1027 1624 1073 1653 est
1088 1631 1142 1662 per
1156 1620 1390 1652 distinctionem
1401 1642 1411 1657 ,
1431 1618 1518 1658 quod
1542 1618 1644 1656 major
1670 1616 1804 1655 aequitas

1026 1678 1128 1716 potest
1150 1684 1217 1705 esse
1240 1673 1429 1713 dupliciter:
1447 1674 1501 1702 aut
1528 1673 1656 1711 propter
1677 1669 1806 1709 exigen-

1025 1729 1104 1759 tiam
1126 1727 1315 1758 meritorum
1330 1728 1360 1756 et
1374 1724 1539 1764 dignitatis
1554 1733 1572 1753 a
1586 1724 1675 1763 parte
1689 1722 1804 1760 dilecti,

1026 1786 1056 1814 et
1076 1783 1120 1813 sic
1145 1781 1252 1820 magis
1272 1782 1319 1811 est
1342 1787 1474 1818 aequum
1497 1777 1632 1817 diligere
1653 1776 1804 1813 amicum,

1027 1847 1124 1878 quam
1134 1836 1299 1867 inimicum
1309 1846 1317 1872 ;
1333 1836 1388 1864 aut
1398 1835 1526 1873 propter
1539 1831 1805 1862 abundantiorem

1026 1891 1248 1922 rectitudinem
1264 1899 1283 1920 a
1295 1889 1384 1929 parte
1396 1886 1568 1925 diligentis,
1584 1887 1615 1915 et
1629 1885 1673 1914 sic
1684 1893 1748 1914 non
1760 1886 1806 1914 est

1026 1945 1131 1985 magis
1152 1952 1283 1984 aequum
1307 1942 1440 1981 diligere
1463 1939 1619 1976 amicum,
1636 1947 1732 1977 quam
1748 1937 1806 1967 ini-

1026 1999 1159 2036 micum,
1177 1998 1242 2028 imo
1262 1995 1366 2034 magis
1380 2004 1396 2025 e
1411 2001 1576 2029 converso,
1591 1991 1666 2031 quia
1682 1991 1743 2022 hoc
1759 1993 1806 2021 est

1026 2052 1156 2092 maj0ris
1189 2053 1220 2082 et
1255 2046 1496 2080 abundantioris
1528 2045 1678 2085 justitiae,
1704 2054 1804 2084 quam

1024 2107 1114 2138 illud.

1066 2163 1094 2191 5.
1112 2160 1160 2191 Ad
1174 2158 1252 2190 illud
1267 2157 1352 2198 quod
1361 2156 1521 2196 objicitur,
1534 2154 1620 2194 quod
1635 2153 1740 2192 magis
1753 2153 1805 2183 de-

1025 2215 1078 2246 het
1092 2215 1190 2245 homo
1211 2221 1244 2243 se
1271 2219 1419 2242 exercere
1446 2209 1479 2239 in
1496 2217 1534 2239 eo
1546 2232 1553 2246 ‚
1570 2207 1655 2247 quod
1676 2209 1722 2237 est
1741 2215 1805 2236 ma-

1021 2268 1102 2308 j0ris
1112 2264 1312 2307 perfectionis
1323 2288 1332 2302 ‚
1349 2261 1534 2302 responderi
1550 2263 1650 2301 potest
1665 2259 1750 2300 quod
1770 2259 1803 2290 in

1025 2321 1221 2353 exhibitione
1241 2318 1378 2357 alicujus
1398 2315 1554 2353 beneficii,
1572 2316 1603 2345 et
1617 2313 1804 2344 executione

1024 2376 1116 2415 alicuj
1123 2383 1160 2405 us
1166 2376 1265 2409 actua
1276 2370 1395 2411 duplici
1406 2369 1581 2400 intentione
1593 2369 1694 2407 potest
1705 2367 1803 2398 homo

1024 2440 1057 2461 se
1072 2436 1220 2460 exercere
1236 2437 1243 2457 z
1261 2427 1318 2456 aut
1331 2426 1458 2465 propter
1482 2423 1639 2454 desectum
1660 2421 1802 2459 alterius,

1025 2485 1082 2514 aut
1120 2482 1250 2521 propter
1279 2479 1431 2509 meritum
1462 2486 1558 2507 suum
1588 2484 1595 2505 :
1626 2483 1685 2505 nec
1713 2474 1805 2505 debet

1024 2537 1121 2567 homo
1156 2535 1189 2565 in
1223 2532 1371 2573 operibus
1407 2530 1475 2561 suis
1500 2531 1625 2560 tantum
1654 2527 1805 2559 meritum

1025 2600 1123 2622 suum
1142 2588 1275 2626 intueri,
1293 2587 1347 2618 sed
1367 2587 1463 2617 etiam
1485 2585 1662 2625 profectum
1691 2582 1805 2623 proxi-

1026 2645 1082 2676 mi.
1102 2643 1187 2675 Licet
1206 2651 1285 2682 ergo
1300 2642 1334 2672 in
1353 2639 1579 2672 exercitatione
1600 2638 1682 2669 circa
1710 2636 1805 2668 dilec-
