2017 2960
74 508 178 529 Fundam.

72 1635 106 1655 Ad
117 1641 169 1661 opp.

709 217 806 249 DIST.
829 216 880 248 IX.
905 214 998 247 ΛΒΤ.
1021 215 1060 246 II.
1082 214 1232 253 QUAEST.
1257 214 1280 244 Ι.

467 332 646 371 QUAESTIO
669 333 693 365 l.

320 416 367 443 An
382 417 468 443 latria
481 417 519 443 sit
533 418 563 443 in
578 424 670 451 qenere
683 417 795 443 virtutis
811 416 828 442 ¹.

233 497 347 528 Utrum
371 497 463 528 latria
487 497 526 527 sit
552 497 585 527 in
618 505 735 535 genere
762 496 910 534 virtutis;
939 499 970 527 et

192 551 277 591 quod
304 550 368 588 sic,
398 550 535 581 videtur.
565 548 706 580 Reddere
731 549 855 579 homini
884 549 969 588 quod

192 613 287 634 suum
300 606 357 641 est,
374 606 420 634 est
430 606 518 634 actus
532 602 677 634 virtutis:
688 611 767 641 ergo
783 602 809 632 si
825 602 967 642 majoris,

191 656 242 687 vel
257 656 388 696 aequalis
407 655 571 696 dignitatis
588 658 634 686 est
654 655 717 685 Deo
738 655 869 686 reddere
884 654 969 694 quod

191 718 288 740 suum
306 711 363 747 est,
384 709 442 739 erit
457 718 534 747 ergo
560 710 649 739 actus
673 707 800 739 virtutis
820 718 826 738 :
843 707 896 738 sed
914 716 970 747 per

190 762 316 792 latriam
333 762 496 793 reddimus
522 761 582 792 Deo
599 761 685 801 quod
705 770 802 792 suum
824 764 885 799 est,
908 761 969 791 sci-

191 816 262 847 licet
288 815 501 846 reverentiam
525 817 555 846 et
578 815 736 845 honorem
754 825 760 845 :
778 824 856 854 ergo
878 814 970 845 latria

192 871 294 902 virtus
307 871 364 900 est.

233 926 311 955 Item
338 923 422 954 circa
450 932 547 962 opera
573 922 749 953 laudabilia
774 925 804 953 et
830 921 969 953 difficilia

192 978 332 1008 maxime
346 976 488 1008 consistit
501 976 605 1007 virtus
620 976 630 992 ²
649 986 655 1005 :
673 975 727 1006 sed
745 975 846 1007 colere
868 975 969 1007 Deum

192 1033 239 1062 est
263 1033 352 1061 actus
368 1029 554 1069 hujusmodi
578 1040 584 1060 :
606 1031 637 1060 et
659 1029 720 1059 hoc
738 1032 784 1060 est
800 1029 900 1068 ipsius
920 1029 970 1059 la-

192 1085 262 1116 triae
280 1095 286 1115 ε
303 1093 381 1123 ergo
399 1083 491 1114 latria
505 1085 552 1113 est
562 1082 675 1113 virtus.

234 1138 311 1169 Item
327 1138 430 1169 virtus
451 1138 591 1168 maxime
614 1138 790 1168 necessaria
813 1139 859 1168 est
888 1137 970 1167 circa

193 1201 289 1232 opera
318 1191 479 1222 meritoria
502 1191 578 1221 vitae
605 1193 734 1222 aeternae
754 1201 760 1221 :
785 1190 838 1221 sed
869 1190 969 1221 Deum

192 1246 294 1277 colere
328 1247 359 1276 et
391 1245 523 1275 adorare
561 1247 607 1275 est
649 1244 850 1275 meritorium
894 1244 969 1275 vitze

192 1302 319 1330 aeternae
337 1311 343 1330 ε
362 1300 393 1329 et
410 1298 471 1329 hoe
485 1301 531 1329 est
547 1298 646 1338 ipsius
658 1299 758 1329 latriae
774 1310 780 1329 :
801 1307 891 1337 ergo,
909 1300 967 1329 etc.

232 1353 311 1383 Item
325 1352 408 1383 circa
425 1362 521 1392 opera
544 1352 694 1392 praecepti
714 1353 854 1383 maxime
875 1352 971 1383 habet

191 1415 258 1451 esse
274 1406 377 1437 virtus
394 1414 400 1434 :
418 1406 471 1436 sed
486 1405 587 1436 Deum
601 1406 703 1436 colere
717 1408 748 1436 et
768 1406 900 1436 adorare
924 1408 971 1436 est

191 1460 224 1490 in
240 1461 397 1499 praecepto
414 1469 421 1489 t
439 1468 517 1498 ergo
536 1459 618 1489 circa
636 1459 697 1490 hoc
720 1459 860 1490 maxime
875 1459 970 1490 habet

192 1522 259 1544 esse
280 1513 383 1544 virtus
408 1524 415 1543 :
441 1515 472 1543 et
493 1513 553 1543 hoc
575 1515 622 1544 est
643 1513 742 1553 ipsius
764 1513 864 1544 latriae
888 1525 894 1544 2
919 1522 969 1544 er-

192 1576 247 1607 go,
263 1569 322 1598 etc.

234 1620 295 1652 Sed
319 1622 428 1651 contra
450 1631 456 1651 ε
476 1624 502 1651 1.
524 1620 746 1659 Augustinus,
771 1622 813 1652 De
834 1621 969 1653 civitate

195 1674 255 1705 Dei
269 1674 300 1703 ³:
325 1685 339 1703 «
358 1673 464 1704 Latria
476 1682 602 1713 semper
617 1676 673 1704 aut
687 1674 869 1713 frequenter
890 1674 970 1704 dici-

193 1729 246 1757 tur
279 1727 417 1758 servitus
451 1736 523 1766 quae
560 1727 695 1766 pertinet
729 1727 768 1757 ad
800 1727 970 1758 colendum

192 1779 304 1810 Deum.
325 1790 340 1808 1)
368 1779 429 1810 Sed
450 1779 555 1810 omnis
580 1779 695 1816 virtus,
720 1782 757 1810 ut
779 1780 882 1811 virtus
903 1783 967 1819 est,

192 1833 332 1863 consistit
344 1833 376 1863 in
391 1833 489 1863 libera
503 1832 667 1862 voluntate
683 1843 689 1862 :
707 1841 786 1872 ergo
801 1833 891 1864 nulla
905 1835 971 1864 vir-

192 1889 243 1917 tus
267 1889 314 1917 est
341 1886 478 1917 servitus
501 1895 509 1916 2
536 1886 590 1916 sed
612 1886 706 1917 latria
730 1889 777 1917 est
798 1888 937 1918 servitus
960 1899 967 1919 :

191 1949 270 1979 ergo
282 1940 375 1970 latria
390 1949 456 1970 non
471 1941 517 1970 est
532 1940 644 1970 virtus.

232 1995 261 2023 2.
299 1993 376 2023 Item
410 1993 502 2023 latria
534 1993 748 2024 communiter
779 1994 934 2025 diffinitur
959 2005 967 2026 t

196 2058 210 2075 (ι
223 2046 328 2077 Latria
343 2049 389 2077 est
401 2046 504 2077 cultus
518 2047 576 2077 soli
595 2046 658 2077 Deo
678 2047 814 2084 debitus,
831 2051 861 2078 et
876 2049 969 2079 exhi—

189 2100 289 2138 bitus,
315 2111 329 2128 υ
348 2103 384 2131 111
407 2100 560 2140 accipitur
582 2110 623 2131 ex
647 2101 752 2132 verbis
775 2102 966 2142 Augustini,

189 2153 307 2184 ibidem
334 2165 340 2185 :
364 2154 418 2184 sed
446 2154 550 2185 cultus
579 2163 643 2185 non
672 2156 718 2185 est
743 2155 889 2193 habitus,
915 2156 968 2187 sed

190 2217 267 2238 usus
282 2217 289 2238 ε
312 2207 338 2238 εἰ
353 2217 432 2247 ergo
446 2208 538 2238 latria
552 2210 599 2238 est
613 2208 717 2239 cultus
728 2233 736 2247 ,
751 2218 817 2240 non
836 2212 883 2241 est
902 2211 969 2241 vir-

190 2262 252 2299 tus,
268 2260 334 2291 sive
345 2260 484 2299 habitus,
499 2261 553 2292 sed
569 2264 684 2292 motus.

230 2316 259 2344 3.
283 2313 361 2344 Item
385 2314 486 2346 latria
508 2317 555 2345 est
577 2315 662 2345 idem
686 2316 772 2355 quod
790 2317 912 2356 pietas,
934 2319 970 2347 ut

190 2367 265 2397 dicit
281 2368 498 2407 Augustinus,
518 2369 559 2400 De
585 2369 723 2401 Civitate
740 2370 800 2401 Dei
810 2370 820 2386 Β
837 2381 848 2401 .·
867 2381 881 2400 <1
896 2369 969 2401 Pie-

190 2422 238 2450 tas
250 2421 377 2461 proprie
389 2421 450 2452 diei
463 2422 541 2452 solet
556 2422 660 2453 cultus
674 2422 739 2462 Dei,
754 2432 854 2463 quam
869 2423 969 2455 Graeci

191 2472 384 2504 theosebiam
402 2474 439 2513 (a)
456 2477 581 2505 vocant.
598 2487 612 2503 n
633 2475 694 2506 Sed
710 2477 807 2515 pietas
822 2478 968 2508 contine-

192 2527 244 2556 tur
268 2535 298 2555 11
302 2528 349 2556 ter
371 2527 499 2558 habitus
525 2528 682 2559 donorum
706 2539 713 2560 ε
741 2539 819 2569 ergo
842 2531 969 2562 videtur

226 2582 286 2613 ¹Cs.
298 2585 325 2607 5.
338 2584 438 2614 Τ110111.,
451 2585 575 2616 lllSent„
588 2586 645 2610 dist.
661 2592 696 2617 ix,
708 2594 733 2619 q.
747 2594 767 2619 1,
782 2590 828 2612 art.
844 2590 869 2618 1;
882 2589 967 2620 AEgid.

195 2620 278 2649 Rom,
295 2619 416 2648 nisena,
431 2621 489 2645 dist.
505 2627 544 2652 1¹,
560 2629 584 2653 q.
597 2628 618 2653 1;
632 2622 761 2653 Richasd„
775 2624 807 2648 111
817 2624 886 2649 Sent
890 2625 966 2655 ‚dis.t

192 2660 237 2683 u,
249 2661 274 2686 q.
286 2660 308 2684 1‚·
320 2654 408 2685 Steph.
431 2656 534 2688 Brulef„
555 2657 588 2682 111
607 2658 686 2689 Sent„
706 2658 763 2684 dist
782 2665 968 2710 ix,q.v¹1.·-

227 2695 258 2725 (ιι)
251 2694 345 2724 >Eam
361 2695 473 2726 Gaume,
486 2698 543 2722 εὺσε
538 2698 621 2723 ’.ῧειαν

1743 219 1802 249 213

1025 282 1111 322 quod
1125 282 1217 313 latria
1230 281 1337 322 potius
1351 281 1391 312 sit
1405 282 1527 312 donum
1538 306 1546 320 ,
1562 291 1660 322 quam
1674 285 1802 316 virtutis

1025 336 1164 367 habitus.

1066 393 1096 420 4.
1114 390 1192 420 Item
1206 389 1307 420 latriae
1322 391 1368 420 est
1380 389 1482 420 Deum
1497 390 1637 421 revereri
1653 402 1659 422 :
1677 392 1731 423 sed
1745 392 1802 423 doa

1026 453 1106 474 num
1130 443 1253 474 timoris
1277 443 1350 473 facit
1371 452 1429 474 nos
1452 444 1591 474 revereri
1611 444 1730 484 Deum,
1756 447 1803 476 est

1027 497 1112 526 enim
1132 497 1227 526 timor
1245 496 1433 527 reverentiae
1451 506 1457 527 :
1473 505 1551 535 ergo
1573 497 1700 528 videtur
1718 499 1803 538 quod

1026 550 1117 580 latria
1132 549 1323 589 superfluat,
1340 551 1396 579 aut
1410 552 1456 580 est
1474 550 1559 581 idem
1574 550 1660 590 quod
1680 550 1777 582 timor
1793 560 1801 582 :

1027 611 1105 641 ergo
1119 602 1210 632 latria
1226 610 1290 632 non
1305 603 1351 632 est
1367 602 1482 633 virtus.

1299 690 1528 723 CONCLUSIO.

1026 763 1122 788 Latria
1133 769 1183 796 pro
1199 761 1304 793 habitu,
1316 762 1382 795 quia
1395 763 1518 788 versatur
1529 762 1601 788 circa
1620 762 1715 788 bonum
1732 762 1804 796 (11·ᾑῖ-

1062 807 1122 839 cile,
1139 807 1316 836 meritorium,
1334 808 1359 832 et
1375 806 1411 832 ad
1431 806 1545 833 salutem
1564 807 1752 841 necessarium,
1769 810 1806 834 est

1062 853 1092 878 in
1111 859 1204 886 genere
1217 853 1344 883 vz'rtutz's;
1364 859 1415 878 non
1432 853 1520 879 tamen
1533 860 1584 887 pro
1602 854 1674 880 actu.

1067 925 1159 965 Resp.
1183 925 1222 955 ad
1241 934 1311 964 arg.
1332 924 1508 955 Dicendum
1531 927 1616 966 quod
1636 928 1751 967 latria,
1770 932 1807 960 ut

1026 978 1096 1009 vult
1110 978 1328 1017 Augustinus,
1345 978 1489 1009 nominat
1511 979 1590 1010 illud
1612 990 1676 1020 quo
1691 982 1807 1013 colitur

1026 1031 1109 1063 Deus
1127 1042 1133 1062 :
1151 1040 1215 1071 quo
1235 1034 1343 1062 autem
1365 1032 1479 1063 colitur
1498 1032 1600 1072 Deus,
1620 1034 1681 1065 hoc
1704 1037 1807 1075 potest

1026 1085 1161 1124 intelligi
1182 1085 1365 1124 dupliciter,
1382 1087 1438 1115 aut
1453 1086 1534 1116 sicut
1548 1089 1621 1118 actu
1632 1112 1639 1126 ,
1656 1091 1712 1119 aut
1727 1089 1807 1120 sicut

1026 1139 1149 1169 habitu.
1176 1139 1248 1170 Ideo
1272 1148 1391 1170 nomen
1411 1140 1513 1170 latriae
1538 1141 1703 1180 aequivoce
1727 1142 1807 1173 dici-

1026 1195 1096 1230 tur;
1112 1195 1142 1222 et
1155 1192 1326 1232 aliquando
1343 1194 1403 1222 stat
1416 1201 1473 1232 pro
1489 1193 1616 1232 habitu,
1634 1195 1807 1234 aliquando

1026 1255 1084 1285 pro
1110 1248 1192 1276 actu.
1217 1245 1400 1276 Secundum
1422 1249 1530 1276 autem
1554 1248 1640 1287 quod
1664 1250 1724 1279 stat
1747 1258 1806 1289 pro

1026 1300 1135 1330 habitu
1166 1299 1265 1339 ipsius
1288 1299 1405 1329 animae
1431 1300 1615 1331 habilitante
1639 1302 1741 1342 ipsam
1767 1303 1806 1333 ad

1026 1354 1148 1384 cultum
1163 1353 1229 1391 Dei,
1242 1353 1286 1383 sic
1298 1354 1344 1383 est
1358 1353 1487 1383 habitus
1503 1354 1643 1393 virtutis,
1660 1356 1692 1386 in
1706 1365 1806 1395 quan-

1027 1409 1096 1437 tum
1113 1409 1160 1437 est
1173 1407 1256 1437 circa
1270 1407 1408 1443 bonum,
1425 1409 1456 1437 et
1472 1407 1613 1446 difficile,
1631 1410 1661 1439 et
1681 1409 1807 1440 merito-

1026 1462 1124 1498 rium,
1146 1463 1177 1491 et
1195 1461 1233 1491 ad
1256 1461 1392 1491 salutem
1415 1462 1630 1492 necessarium
1648 1465 1701 1493 :et
1724 1463 1807 1494 circa

1026 1515 1214 1554 hujusmodi
1229 1523 1325 1553 opera
1342 1514 1504 1554 praecipue
1518 1515 1660 1545 consistit
1678 1515 1806 1547 virtutis

1026 1569 1163 1599 habitus
1183 1567 1221 1597 Et
1235 1567 1305 1598 ideo
1320 1570 1396 1598 sunt
1418 1568 1626 1599 concedendae
1647 1569 1803 1608 rationes,

1026 1630 1099 1661 quae
1116 1621 1175 1651 hoe
1189 1621 1369 1651 ostendunt.

1068 1678 1094 1705 1.
1122 1674 1171 1705 Ad
1187 1674 1265 1705 illud
1288 1674 1374 1714 quod
1397 1675 1585 1714 opponitur,
1610 1675 1696 1715 quod
1712 1675 1805 1706 latria

1025 1731 1071 1759 est
1086 1728 1234 1765 servitus,
1244 1728 1415 1758 dicendum
1429 1728 1514 1767 quod
1529 1730 1576 1758 est
1590 1729 1727 1760 servitus
1741 1738 1805 1769 qua

1025 1781 1164 1812 servitur
1177 1781 1312 1819 homini,
1330 1783 1360 1812 et
1375 1783 1421 1812 est
1435 1781 1572 1812 servitus
1588 1791 1652 1821 qua
1667 1782 1805 1813 servitur

1025 1835 1107 1873 Deo3
1124 1837 1154 1865 et
1173 1835 1291 1865 iterum
1311 1836 1357 1865 est
1380 1835 1517 1865 servitus
1540 1835 1752 1873 necessitatis,
1774 1837 1805 1865 et

1024 1890 1071 1919 est
1085 1888 1224 1919 servitus
1238 1897 1311 1927 quae
1327 1890 1374 1918 est
1391 1897 1430 1918 ex
1452 1897 1540 1918 mera
1556 1888 1731 1919 voluntate.
1749 1888 1804 1919 Di-

1025 1941 1162 1972 cendum
1177 1950 1255 1980 ergo
1270 1941 1355 1981 quod
1371 1941 1508 1972 servitus
1523 1941 1587 1978 illa,
1604 1950 1678 1981 quae
1691 1942 1727 1972 fit
1741 1942 1802 1972 ho-

1024 1995 1105 2025 mini
1128 2004 1167 2025 ex
1191 1995 1393 2033 necessitate,
1420 1994 1528 2034 aliquo
1552 1995 1648 2025 modo
1671 1995 1804 2035 derogat

1024 2049 1164 2079 hominis
1186 2048 1323 2079 libertati
1341 2058 1347 2078 :
1369 2049 1399 2078 et
1421 2047 1492 2078 ideo
1512 2057 1579 2078 non
1602 2048 1697 2078 habet
1715 2048 1749 2079 in
1770 2058 1803 2079 se

1024 2101 1243 2132 excellentiam
1258 2101 1398 2132 virtutis.
1412 2100 1557 2132 Servitus
1571 2110 1644 2141 quae
1660 2111 1700 2132 ex
1715 2111 1803 2133 mera

1024 2156 1188 2186 voluntate
1211 2156 1247 2185 fit
1270 2155 1345 2192 Deo,
1364 2154 1453 2194 ponit
1475 2154 1640 2185 homiuem
1662 2155 1695 2185 in
1719 2158 1803 2186 statu

1024 2209 1129 2240 altiori
1152 2219 1157 2239 :
1175 2210 1206 2239 et
1228 2210 1316 2238 tanto
1331 2207 1438 2247 magis
1456 2208 1529 2238 facit
1543 2208 1709 2239 hominem
1723 2209 1802 2239 Iibe-

1024 2273 1109 2300 rum,
1124 2265 1245 2302 quanto
1259 2261 1364 2301 magis
1378 2261 1508 2300 elongat
1519 2261 1684 2292 hominem
1700 2272 1718 2292 a
1733 2271 1803 2302 pec-

1024 2318 1093 2347 cato
1119 2325 1127 2346 :
1155 2318 1187 2346 et
1207 2315 1279 2346 talis
1300 2316 1348 2346 est
1370 2315 1508 2345 servitus
1531 2314 1644 2346 latriae.
1670 2315 1708 2346 Et
1731 2315 1802 2346 ideo

1024 2369 1104 2400 nihil
1128 2369 1262 2409 impedit
1282 2368 1352 2399 talis
1376 2368 1514 2399 servitus
1537 2368 1663 2399 latriam
1684 2368 1803 2400 habere

1024 2423 1180 2454 rationem
1196 2422 1325 2454 virtutis
1339 2422 1516 2462 completae.

1065 2480 1094 2508 2.
1111 2476 1159 2507 Ad
1173 2476 1254 2507 illud
1267 2475 1353 2515 quod
1369 2475 1528 2515 objicitur,
1544 2474 1631 2514 quod
1650 2474 1744 2505 latria
1756 2477 1804 2506 est

1024 2532 1130 2562 cultus
1145 2531 1204 2562 soli
1223 2531 1286 2562 Deo
1302 2530 1443 2568 debitus,
1460 2529 1629 2561 dicendum
1644 2529 1730 2570 quod
1745 2520 1803 2560 ha-

1024 2631 1034 2646 ¹
1049 2630 1134 2658 Arist„
1150 2629 1244 2657 Ethz'c.,
1258 2628 1301 2652 lib.
1318 2628 1353 2655 11.
1370 2635 1392 2651 c.
1408 2633 1445 2651 111.
1456 2627 1504 2644 —³
1518 2627 1592 2658 Aug,
1607 2627 1637 2652 de
1649 2628 1726 2652 Civi't.
1743 2628 1802 2657 Dei,

1023 2665 1066 2689 lib.
1086 2666 1116 2694 V,
1141 2672 1163 2688 c.
1178 2671 1223 2695 xv;
1241 2664 1284 2689 lib.
1298 2664 1340 2693 VI,
1355 2663 1446 2693 P1·oef.;
1463 2662 1505 2686 lib.
1528 2663 1557 2693 X,
1569 2670 1591 2687 c.
1605 2669 1623 2694 1,
1637 2670 1663 2687 n.
1676 2665 1699 2694 2,
1719 2663 1803 2695 quoad

1024 2708 1137 2726 sensum.
1153 2714 1182 2720 -—
1193 2701 1203 2717 ⁴
1213 2700 1288 2729 mid„
1302 2699 1345 2723 lib.
1359 2700 1389 2728 x,
1405 2705 1427 2722 c.
1444 2705 1462 2728 1,
1472 2705 1498 2722 n.
1512 2699 1535 2723 3.
