2017 2960
174 185 232 216 436

172 252 370 292 ceptissimus
383 252 422 283 ad
437 251 626 292 placandum
642 251 752 287 Deum,
767 259 943 288 congruen-

173 305 312 336 tissimus
325 305 363 335 ad
379 305 555 336 cummium
581 304 747 339 morbum,
762 302 941 332 efficacissi-

171 367 243 389 mus
259 358 296 389 ad
310 358 532 388 attrahendum
547 365 650 395 genus
662 356 855 393 humanum,
870 364 944 394 pru-

170 412 373 444 dentissimus
394 412 431 441 ud
457 409 710 449 expugnandum
735 409 862 447 generis
880 409 944 438 hu-

170 466 257 496 mani
274 465 450 495 inimicum.
479 463 585 493 Primo
608 462 737 501 quidem
757 462 817 492 suit
839 471 945 501 accep-

169 519 310 548 tissimus
323 518 360 548 ad
378 517 564 556 placandum
580 515 697 553 Deum3
716 515 943 555 propterquod

171 572 244 602 dicit
267 571 436 601 Ansclmus
465 570 499 600 iu
527 570 607 600 libro
639 570 703 600 Cur
731 571 814 600 Deus
839 569 941 605 homo,

169 625 268 664 capite
284 634 317 654 XI
332 625 338 640 ¹
357 634 363 654 :
387 636 400 652 t(
415 623 500 654 Nihil
510 623 654 663 asperius
665 625 695 653 et
708 623 866 653 difficilius
888 632 944 662 po-

168 680 225 708 test
246 678 343 708 homo
367 678 405 708 ad
431 678 585 708 honorem
602 677 655 707 Dei
675 677 739 716 pati
763 679 892 716 sponte,
913 678 944 706 et

168 740 232 761 non
247 741 288 761 ex
302 731 417 768 debito,
435 741 532 771 quam
547 733 694 761 mortem.
712 730 750 760 Et
762 730 944 760 nullatenus

166 786 268 824 potest
294 784 398 823 magis
423 785 564 824 seipsum
595 785 669 814 dare
692 784 790 814 homo
805 807 813 821 ,
843 791 942 822 quam

167 845 240 866 cum
256 845 288 866 se
303 836 396 866 morti
413 836 505 866 tradit
521 836 559 866 ad
575 836 729 866 honorem
746 835 854 874 ipsius.
876 845 889 862 n
906 834 944 864 Et

167 889 227 920 hoc
250 891 295 920 est
318 889 402 928 quod
431 889 565 919 dicitur²
593 901 599 919 z
628 888 781 919 Tradidit
802 889 943 926 seipsum

167 942 357 974 oblationem
372 945 399 974 et
410 942 548 974 hostiam
564 943 626 974 Deo
644 943 678 973 z‘n
693 941 819 973 odorem
835 941 943 972 suavi-

167 997 257 1028 tatis.
273 996 418 1026 Secundo
433 997 527 1026 etiam
550 997 609 1026 suit
631 995 942 1034 congruentissimus

166 1050 204 1079 ad
219 1049 396 1080 curandum
414 1050 563 1080 morbum
581 1049 723 1088 :primus
743 1048 830 1078 enim
846 1047 943 1077 homo

166 1105 350 1141 peccaverat
366 1112 421 1142 per
437 1102 631 1142 superbiam,
650 1104 680 1131 et
696 1101 820 1140 gulam,
833 1103 862 1130 et
879 1100 947 1130 ino·-

167 1155 373 1192 bedientiam,
390 1155 471 1185 sicut
494 1155 568 1185 dicit
593 1154 777 1193 Gregorius,
796 1155 827 1183 et
848 1153 881 1182 iu
896 1161 945 1182 se-

167 1208 272 1239 cundo
300 1208 403 1239 Ιίὶιιό3
421 1208 480 1238 suit
509 1210 672 1238 ostensum
697 1216 704 1237 ε
728 1206 830 1236 voluit
859 1207 943 1236 enim

169 1261 231 1292 Deo
258 1261 425 1291 assimilari
448 1270 504 1300 per
524 1260 664 1290 scientiae
692 1259 943 1296 sublimitatem,

170 1316 300 1352 gustare
315 1314 395 1353 ligni
412 1314 614 1349 suavitatem,
629 1315 658 1343 et
672 1312 851 1351 transgredi
867 1320 946 1351 prae-

169 1368 249 1407 cepti
261 1367 360 1398 divini
375 1367 518 1397 limitem.
538 1366 736 1405 thuouiam
754 1365 874 1395 curatio
887 1365 946 1394 ha-

169 1420 221 1450 bet
243 1421 311 1451 fieri
327 1430 383 1460 pcr
397 1420 612 1455 contrariu1n3
632 1419 700 1449 ideo
726 1418 837 1448 modus
850 1419 946 1448 satis-

169 1473 301 1504 faciendi
322 1473 629 1511 congruentissimus
645 1472 705 1501 suit
732 1480 787 1510 per
801 1471 945 1502 afflictio-

169 1536 255 1564 nem,
274 1530 304 1557 et
319 1527 587 1563 humiliationem,
615 1527 646 1555 et
661 1525 779 1555 divinae
796 1525 944 1555 volunta-

169 1581 208 1610 tis
224 1581 455 1620 impletionem.
472 1580 507 1611 Et
517 1581 585 1610 beec
593 1579 701 1610 omnia
716 1579 790 1609 satis
805 1578 948 1608 relucent

170 1635 204 1665 in
219 1635 284 1675 ipsa
300 1636 446 1676 passione
460 1646 468 1673 ;
480 1638 510 1666 et
526 1635 563 1666 de
580 1635 629 1664 his
642 1635 716 1665 dicit
731 1633 902 1673 Apostolus
915 1633 944 1664 ⁴:

171 1688 367 1721 Hwnz'lz'cwt‘t
377 1691 590 1729 semetipsum,
610 1690 713 1727 factus
733 1688 881 1720 obediens
896 1696 947 1719 us-

169 1752 228 1783 qne
239 1745 283 1775 ad
295 1749 432 1783 mortem,
446 1748 572 1776 mortem
588 1747 692 1775 aulem
707 1745 824 1774 crucis.
840 1742 946 1773 Tertio

170 1801 277 1829 autem
291 1799 350 1829 fuit
360 1799 594 1829 efficacissimus
609 1798 646 1828 ad
657 1797 882 1828 attrahendum
893 1805 947 1835 ge-

170 1860 232 1882 nus
246 1852 424 1883 humanum
439 1864 446 1883 z
465 1852 515 1882 his
530 1852 615 1883 enim
630 1851 704 1881 solis
719 1850 820 1890 passio
841 1850 880 1880 ad
897 1858 948 1879 sa-

171 1904 271 1935 lutem
285 1906 421 1943 valebat,
439 1906 494 1945 qui
512 1906 674 1935 voluntate
687 1913 775 1933 mera
790 1913 845 1942 per
856 1911 944 1933 amo-

171 1967 239 1988 rem
261 1958 324 1989 Deo
348 1958 565 1989 adhaerebant.
597 1956 666 1987 Non
692 1956 777 1986 enim
809 1955 947 1986 decrevit

172 2010 352 2042 Deusaliter
364 2021 467 2050 genus
482 2011 664 2041 humanum
681 2009 814 2045 salvare,
838 2009 898 2038 nisi
915 2008 947 2038 li-

171 2063 256 2094 berae
271 2064 442 2094 voluntatis
453 2064 582 2094 arbitrio
595 2075 601 2101 ;
619 2066 649 2093 et
661 2063 749 2093 nullo
764 2062 826 2092 alio
839 2062 945 2099 modo,

171 2117 259 2147 salvo
276 2118 447 2148 voluntatis
461 2118 601 2153 arbitrio,
618 2116 947 2147 Deushominemma-

171 2171 222 2209 gis
230 2171 333 2211 potuit
348 2171 507 2201 attrahere
521 2171 559 2201 ad
571 2180 714 2201 amorem
728 2179 835 2206 suum,
848 2178 945 2208 qnam

171 2224 371 2264 suscipiendo
393 2233 449 2264 pro
463 2233 499 2254 eo
515 2224 616 2254 crucis
632 2223 810 2262 patibulum
827 2233 833 2252 τ
850 2231 947 2261 prop-

171 2280 219 2307 ter
234 2278 319 2317 quod
331 2278 447 2308 dicitur
460 2279 469 2294 ⁵
483 2289 489 2308 z
508 2278 576 2317 Esse
596 2279 626 2308 εἰ
642 2277 803 2308 exaltatus
822 2277 910 2314 fuero
926 2285 946 2307 α

173 2334 270 2369 terra,
285 2331 411 2362 trullam
427 2332 534 2362 onmia
546 2331 588 2362 ud
602 2331 771 2370 meipsum.
784 2329 821 2360 Et
836 2329 943 2368 Hugo,

172 2384 210 2415 (le
226 2385 325 2415 arrha
338 2385 466 2424 Sponsa)
480 2396 485 2414 ;
503 2396 516 2412 (ι
533 2384 571 2413 Ut
586 2384 763 2414 ostenderet
775 2383 830 2413 tibi
846 2392 946 2422 quan-

171 2440 239 2468 tum
253 2441 280 2468 tc
297 2438 455 2477 diligeret,
472 2437 598 2467 nonnisi
610 2437 774 2466 moriendo
788 2438 818 2466 te
829 2445 847 2465 a
862 2444 945 2465 mor-

171 2493 200 2521 te
214 2491 371 2529 liberavit,
386 2494 496 2522 utnon
512 2492 634 2520 tantum
652 2489 773 2529 pietatis
784 2488 945 2528 impende-

170 2546 217 2574 ret
232 2545 437 2583 beneficium,
447 2552 560 2575 verum
571 2543 666 2573 etiam
677 2542 837 2573 charitatis
851 2551 942 2572 mon-

203 2625 211 2640 ¹
225 2625 348 2654 Anselm„
361 2624 412 2648 Cur
426 2624 490 2648 Deus
505 2623 584 2652 homo,
597 2622 640 2646 lit».
658 2622 687 2651 ll,
703 2630 724 2645 c.
742 2627 809 2646 XL—
820 2622 829 2637 ²
844 2621 944 2652 Isplms„

171 2667 194 2689 v,
209 2661 297 2685 11.—³
308 2661 368 2685 υἱεῖ.
381 2666 424 2684 xxi
438 2662 462 2684 et
475 2665 539 2683 xxii.
550 2672 579 2677 -
589 2658 713 2688 *Plu‘lz‘p.‚
727 2663 754 2688 11,
767 2659 789 2681 S.
801 2671 826 2674 -
838 2658 848 2673 ⁵
859 2659 942 2687 dorin„

735 182 1046 215 SENTENTIARUM
1067 183 1141 215 LIB.
1166 183 1219 215 111.

1002 251 1114 280 straret
1124 251 1283 281 affectum.
1301 262 1314 278 »
1335 252 1451 287 Quarto
1462 252 1557 282 ctiam
1579 251 1637 281 fuit
1652 251 1691 282 ad
1703 250 1775 281 vin-

1002 303 1138 333 cendum
1163 304 1382 334 adversarium
1410 305 1674 343 prudentissimus
1695 305 1773 335 :de-

1002 356 1089 386 cebat
1111 356 1196 386 euim
1212 359 1248 387 ut
1263 356 1404 388 Christus
1421 366 1478 387 sua
1496 358 1664 397 prudentia
1678 366 1776 397 supe-

1002 412 1085 439 raret
1107 410 1287 447 diabolum,
1305 410 1386 440 sicut
1410 410 1551 440 diabolus
1579 420 1637 441 sua
1662 410 1777 441 astutia

1002 462 1123 502 decepit
1137 463 1299 493 lioniinem
1308 463 1450 503 primum
1467 474 1474 500 3
1488 466 1614 502 propter
1627 463 1712 503 quod
1728 463 1776 494 di-

1002 516 1084 546 citur
1102 517 1112 532 ⁶
1127 526 1134 546 :
1153 516 1331 548 Prudentia
1342 516 1410 555 ejus
1426 516 1584 555 percussit
1603 516 1774 555 superbum.

1002 568 1040 599 Et
1053 569 1148 607 ultra,
1172 570 1272 609 capite
1298 570 1410 600 ultimo
1425 572 1457 599 ⁷:
1481 569 1642 608 Numquid
1658 570 1777 608 poteris

1001 631 1109 661 capere
1122 624 1297 655 Leviallzan
1315 623 1408 654 hamo
1423 624 1438 654 P
1452 622 1583 662 Propter
1597 623 1682 662 quod
1696 622 1777 652 dici-

1002 679 1065 713 tur,
1094 677 1293 708 distinctione
1313 676 1513 716 praecedenti,
1530 686 1557 707 c.
1582 686 1591 706 1
1615 687 1622 707 :
1643 687 1658 704 «
1685 675 1779 706 Venit

1002 729 1203 769 Redemptor,
1224 733 1254 761 et
1267 730 1369 761 victus
1393 732 1439 760 est
1452 730 1619 769 deceptor;
1648 727 1779 759 tetendit

1001 782 1046 812 illi
1076 783 1287 822 muscipulam
1316 792 1444 813 crucem
1477 791 1584 819 suam,
1614 782 1722 822 posuit
1749 790 1779 812 ei

1001 836 1090 874 quasi
1101 845 1205 866 escam
1220 836 1413 875 sanguinem
1426 845 1533 866 suum.
1549 846 1563 863 »
1583 835 1631 866 Ex
1641 835 1691 865 his
1701 844 1779 874 qua-

1001 891 1074 920 tuor
1102 890 1279 920 rationibus
1306 890 1381 920 satis
1397 891 1538 929 apparet,
1558 889 1645 928 quod
1663 888 1778 919 modus

1001 942 1059 972 iste
1071 943 1279 973 satisfaciendi
1304 952 1361 982 pro
1378 943 1470 972 nobis
1485 942 1544 972 fuit
1558 941 1778 980 congruentis-

1002 995 1113 1031 simus,
1131 998 1160 1026 et
1178 995 1240 1026 Deo
1256 996 1398 1026 maxime
1413 995 1635 1034 acceptandus.
1651 994 1690 1025 Et
1699 1003 1778 1024 con-

1002 1049 1150 1080 cedendae
1177 1052 1253 1079 sunt
1265 1049 1415 1087 rationes,
1432 1058 1504 1088 quae
1518 1049 1578 1079 hoc
1592 1048 1776 1079 ostendunt.

1045 1105 1072 1132 1.
1096 1102 1144 1133 Ad
1159 1103 1237 1133 illud
1253 1111 1330 1142 ergo
1354 1103 1437 1142 quod
1455 1102 1557 1142 primo
1581 1101 1730 1141 objicitur
1744 1100 1778 1130 in

1003 1156 1211 1193 contrarium,
1230 1155 1316 1195 quod
1339 1164 1467 1194 magnae
1496 1154 1691 1185 crudelitatis
1718 1153 1779 1184 fuit

1003 1209 1169 1240 hominem
1181 1210 1397 1249 Justissimum
1408 1209 1530 1239 tradere
1547 1208 1652 1246 morti,
1668 1208 1778 1238 dicen-

1003 1262 1081 1292 dum
1096 1263 1181 1301 quod
1197 1262 1278 1293 Deus
1293 1272 1368 1293 eum
1384 1272 1450 1292 non
1458 1261 1586 1292 tradidit
1602 1260 1777 1299 infligendo

1005 1318 1151 1353 mortem,
1181 1316 1232 1346 vel
1260 1315 1472 1355 praecipiendo
1500 1315 1569 1345 aliis
1603 1314 1690 1353 quod
1718 1313 1777 1352 ipsi

1004 1379 1078 1399 eum
1094 1370 1263 1407 traderent,
1280 1369 1333 1399 sed
1350 1368 1571 1408 permittendo,
1582 1369 1613 1398 et
1629 1367 1777 1398 volunta-

1004 1425 1068 1453 tem
1083 1423 1182 1462 ipsius
1206 1421 1396 1461 acceptando
1413 1432 1420 1452 ι
1437 1423 1467 1451 et
1482 1421 1551 1451 ideo
1566 1419 1654 1450 nulla
1667 1419 1728 1449 fuit
1744 1419 1778 1448 in

1004 1475 1066 1506 Deo
1082 1475 1261 1512 crudelitas,
1278 1475 1354 1514 qnia
1366 1483 1431 1504 non
1455 1473 1646 1513 sanguinem
1662 1471 1779 1502 Christi

1005 1529 1092 1565 sitiit,
1106 1529 1158 1559 sed
1169 1529 1368 1559 voluntatem
1380 1528 1450 1567 ejus
1465 1527 1619 1566 optimam
1637 1527 1778 1564 accepta-

1005 1583 1061 1612 vit.
1080 1581 1153 1613 Ilaec
1180 1585 1226 1612 est
1248 1591 1376 1612 summa
1399 1580 1612 1620 responsionis
1637 1578 1779 1609 Anselmi

1005 1635 1038 1664 in
1059 1635 1151 1670 libro,
1169 1635 1231 1666 Cur
1256 1635 1337 1666 Deus
1353 1635 1442 1665 homo
1457 1634 1478 1663 ⁸.
1497 1633 1596 1670 Unde,
1613 1632 1640 1662 si
1655 1632 1779 1662 dicatur

1007 1687 1098 1718 Pater
1118 1688 1288 1728 aliquando
1311 1697 1386 1718 eum
1413 1686 1575 1717 tradidisse
1603 1685 1712 1721 morti,
1729 1684 1779 1716 vel

1005 1742 1169 1771 voluntate
1178 1740 1279 1771 Patris
1293 1749 1404 1780 passus
1420 1749 1498 1776 esse,
1516 1742 1547 1769 et
1558 1738 1685 1778 aliquod
1703 1746 1779 1768 con·
1794 1752 1799 1757 ·

1005 1794 1121 1832 simile,
1145 1794 1239 1824 modo
1254 1794 1419 1833 praemisso
1434 1792 1677 1830 intelligendum
1697 1793 1744 1821 est
1768 1800 1776 1820 :

1006 1856 1071 1877 non
1095 1847 1170 1886 quia
1186 1846 1277 1876 Pater
1299 1846 1438 1885 coegerit
1459 1854 1534 1875 eum
1556 1844 1707 1882 invitum,
1723 1843 1778 1874 sed

1005 1901 1080 1940 quia
1095 1901 1233 1939 suscepit
1247 1899 1466 1930 voluntarium
1482 1901 1512 1929 et
1533 1898 1695 1928 devotum.

1045 1955 1074 1983 2.
1089 1954 1136 1984 Ad
1152 1953 1228 1985 illud
1255 1952 1339 1992 quod
1363 1951 1513 1991 objicitur
1527 1951 1676 1989 secundo,
1694 1950 1779 1990 quod

1005 2007 1141 2046 implum
1155 2009 1202 2036 est
1215 2006 1367 2036 damnare
1381 2006 1594 2042 innocentem,
1610 2005 1642 2035 et
1662 2013 1777 2035 nocen-

1004 2063 1069 2091 tem
1085 2060 1260 2095 absolvere,
1277 2058 1448 2089 dicendum
1471 2058 1556 2098 quod
1571 2058 1648 2088 illud
1664 2067 1778 2088 verum

1006 2116 1062 2151 est,
1091 2113 1117 2143 si
1132 2113 1283 2143 innocens
1305 2112 1477 2142 damnatur
1505 2111 1644 2148 invitus;
1669 2110 1723 2141 sed
1751 2110 1778 2140 si

1005 2167 1158 2197 innocens
1168 2166 1244 2196 velit
1258 2174 1291 2195 se
1306 2165 1430 2202 osserre,
1445 2167 1476 2195 et
1490 2172 1648 2204 exponere
1658 2172 1715 2203 pro
1727 2172 1779 2193 sa-

1004 2219 1070 2250 lute
1094 2219 1247 2256 nocentis,
1263 2218 1345 2248 nibil
1373 2218 1530 2258 prohibet,
1555 2218 1636 2256 quin
1660 2216 1778 2247 oblatio

1005 2275 1074 2313 ejus
1088 2273 1199 2303 debeat
1212 2271 1377 2310 acceptari.
1395 2270 1433 2301 Et
1447 2271 1505 2300 isto
1516 2270 1610 2300 modo
1623 2269 1655 2300 in
1665 2277 1777 2308 propo-

1005 2327 1064 2357 sito
1083 2324 1326 2364 intelligendum
1342 2327 1388 2354 est
1400 2323 1506 2360 fuisse,
1530 2323 1607 2362 quia
1636 2321 1777 2352 Christus

1003 2389 1070 2410 non
1083 2381 1198 2416 coacte,
1212 2378 1265 2408 sed
1281 2377 1460 2407 voluntarie
1476 2385 1532 2416 pro
1555 2375 1655 2406 salute
1669 2375 1777 2405 nostra

1004 2433 1183 2473 passionem
1199 2431 1360 2461 sustinuit.

1044 2488 1072 2516 3.
1090 2485 1137 2516 Ad
1151 2484 1230 2515 illud
1240 2484 1322 2523 quod
1339 2483 1498 2523 objicitur,
1514 2481 1598 2521 quod
1615 2481 1696 2512 Deus
1709 2489 1776 2511 non

1002 2540 1174 2571 delectatur
1186 2538 1221 2568 in
1242 2537 1418 2577 perditione
1434 2536 1569 2575 alicujus
1580 2558 1588 2572 ,
1605 2534 1775 2566 dicendum

1002 2622 1152 2650 x11,:}2.-—
1163 2620 1172 2635 ⁶
1186 2618 1240 2648 λοῦ,
1256 2623 1317 2641 xxvi
1327 2635 1333 2646 ‚
1351 2618 1387 2640 12.
1400 2629 1430 2634 —-
1443 2615 1595 2646 ⁷lb1*cl.‚xL‚
1611 2616 1650 2639 20.
1662 2628 1688 2632 —
1700 2614 1710 2630 ⁸
1725 2615 1775 2638 An-

1002 2657 1109 2685 solinus,
1123 2655 1173 2678 Cu]-
1190 2655 1252 2678 Deus
1267 2653 1352 2682 homo,
1367 2651 1410 2675 lib.
1424 2652 1454 2681 ll,
1465 2658 1487 2676 c.
1504 2657 1528 2682 v,
1545 2657 1559 2675 x
1576 2653 1600 2675 et
1615 2657 1679 2675 xvu.
