2017 2960
581 166 768 200 DlSTlNCT.
792 165 843 196 Vi.
867 162 956 195 ART.
982 162 1020 192 ll.
1044 162 1194 199 QUAEST.
1219 165 1257 196 ΙΙ.

384 297 610 331 CONCLUSIO.

115 385 183 411 Unio
201 382 315 410 duarum
342 383 505 409 naturarum
529 382 559 407 in
578 386 698 415 persona·
719 378 826 404 unitate
840 384 885 403 su-

143 428 302 463 perexcellit
320 435 421 454 onmem
440 427 594 453 matruelem
619 425 771 455 rationem,
793 424 817 449 et
842 430 886 448 su-

142 472 330 507 pernaturalis
343 472 457 499 dieitur.

151 552 243 592 Resp.
259 552 297 582 ad
313 560 384 591 arg.
401 550 574 582 Dicendum
590 547 687 588 quod,
704 547 784 577 sicut
798 546 888 577 nulla

110 608 257 637 creatura
271 605 407 646 perfecte
426 604 487 635 Deo
508 602 716 637 assimilatur,
733 600 787 631 sed
806 608 888 639 quo-

110 659 183 690 dam
198 659 293 690 modo
306 661 353 690 est
366 657 490 694 similis,
502 656 640 696 quodam
651 653 745 685 modo
753 652 887 684 dissimi-

110 713 165 751 lis,
183 716 213 744 et
233 713 289 744 uhi
303 713 336 742 in
351 720 416 742 uno
430 711 574 741 creatura
590 708 686 739 habet
706 706 886 738 similitudi-

111 776 185 798 nem
196 791 203 805 ,
219 767 401 806 frequenter
426 764 460 794 in
474 763 535 794 alio
551 763 646 793 habet
660 759 888 792 dissimilitudi-

109 829 203 857 nem;
221 828 277 859 per
305 819 391 849 hunc
417 818 550 848 modum
572 815 819 854 intelligendum
842 816 889 844 est

109 873 192 904 circa
203 873 287 904 hanc
302 872 545 903 sacratissimam
561 870 726 901 unionem.
746 869 779 899 Si
801 869 888 899 enim

108 925 279 966 loquamur
292 926 330 956 de
343 926 411 965 ipsa
425 926 583 964 quantum
597 923 635 954 ad
651 924 721 962 ejus
737 921 889 962 speciales

109 979 303 1010 conditiones
332 978 496 1018 sigillatim
530 979 694 1017 acceptas,
720 976 765 1006 sic
787 976 889 1015 potest

109 1033 226 1064 habere
240 1033 497 1065 convenientiam
512 1041 587 1063 cum
610 1030 711 1062 modis
725 1029 888 1060 unitatum

108 1085 141 1116 in
165 1086 320 1117 creaturis
342 1086 487 1126 repertis.
511 1086 545 1117 Si
574 1087 682 1116 autem
717 1084 888 1123 loquamur

108 1141 266 1179 quantum
281 1139 320 1170 ad
335 1139 551 1170 collectionem
565 1147 700 1169 suarum
716 1137 889 1177 proprieta-

107 1194 190 1231 tum,
207 1193 251 1224 sic
266 1193 341 1224 dicit
356 1193 489 1223 modum
505 1192 637 1223 unitatis
652 1190 840 1229 singularis,
858 1191 889 1220 et

106 1246 168 1278 hoc
182 1249 266 1287 patet
286 1247 330 1277 sic
347 1257 354 1278 :
377 1246 413 1277 In
434 1246 493 1276 hac
508 1246 595 1276 enim
613 1244 731 1275 unione
747 1246 794 1274 est
809 1252 888 1274 con-

107 1300 245 1332 siderare
258 1300 440 1332 distantiam
453 1299 638 1335 unibilium,
654 1298 784 1329 unionis
803 1296 889 1336 prin-

105 1353 236 1394 cipium,
251 1354 382 1384 unionis
396 1353 585 1391 terminum,
597 1354 629 1383 et
638 1352 805 1383 unitorum
819 1351 888 1380 vin-

106 1407 216 1438 culum
232 1418 240 1438 ·.
256 1409 415 1447 quantum
429 1407 468 1438 ad
488 1406 669 1438 distantiam
692 1404 866 1436 unihilium
877 1429 885 1443 ,

105 1471 169 1500 qua
182 1461 294 1492 unitur
308 1460 436 1491 Creator
450 1461 604 1491 creaturae
614 1483 623 1498 ‚
641 1458 791 1490 convenit
812 1467 886 1489 cum

104 1515 228 1546 unitate
242 1514 370 1551 votiva·,
392 1516 552 1553 quantum
568 1513 607 1543 ad
628 1512 757 1543 unionis
772 1512 887 1552 princi-

104 1568 216 1609 pium,
242 1567 391 1599 convenit
424 1576 500 1597 cum
534 1567 653 1598 unitate
678 1566 886 1606 potestativa,

104 1622 182 1662 quia
203 1621 275 1652 talis
297 1621 403 1652 unitas
427 1622 474 1652 est
497 1629 537 1651 ex
559 1619 669 1652 divina
692 1620 832 1659 virtute,
857 1622 888 1651 et

106 1685 193 1707 mera
224 1676 328 1716 gratia
341 1687 349 1713 3
376 1677 536 1715 quantum
558 1676 666 1705 autern
694 1675 734 1706 ad
757 1674 887 1706 unionis

104 1729 297 1768 terminum,
322 1729 470 1760 convenit
501 1737 576 1759 cum
603 1728 726 1759 unitate
757 1728 865 1758 nativa
877 1751 884 1765 ,

104 1792 177 1824 quae
194 1783 326 1824 quidem
340 1783 533 1814 terminatur
549 1783 588 1814 ad
604 1783 762 1813 unitatem
777 1791 886 1822 perso-

104 1846 172 1875 nae;
192 1839 350 1877 quantum
369 1840 477 1868 autem
493 1837 532 1868 ad
548 1837 676 1868 unionis
698 1837 884 1874 vinculum,

104 1891 255 1922 convenit
276 1901 350 1922 cum
375 1891 497 1922 unitate
519 1891 742 1930 conjugativa,
767 1890 800 1920 in
822 1900 887 1930 qua

104 1946 152 1974 est
175 1944 342 1975 vinculum
365 1947 576 1985 perpetuum,
593 1946 624 1975 et
646 1944 812 1976 individua
832 1953 883 1974 co-

105 1997 201 2037 pula3
222 2001 380 2038 quantum
397 2000 506 2029 autem
527 1998 567 2029 ad
591 2006 703 2029 omnes
728 1998 886 2029 conditio-

105 2059 162 2082 nes
185 2051 281 2081 simul
304 2052 464 2088 collectas,
488 2051 615 2082 nullum
637 2051 770 2082 modum
791 2051 888 2082 habet

105 2104 238 2135 unitatis
254 2104 315 2135 sibi
334 2105 550 2143 consimilem,
566 2105 642 2145 quia
665 2105 887 2145 superexcedit

106 2167 236 2190 omnem
250 2161 416 2197 naturam,
432 2161 464 2190 et
477 2168 608 2190 omnem
627 2159 723 2191 aliam
747 2160 886 2199 gratiam

106 2221 323 2252 communem,
340 2213 487 2244 videlicet
502 2214 587 2253 quod
603 2214 712 2245 divina
726 2215 842 2244 natura
856 2215 887 2245 et

106 2266 251 2298 humana
264 2267 420 2298 uniantur
435 2268 469 2298 in
485 2277 584 2298 unam
601 2277 771 2308 personam
787 2268 886 2299 indis-

107 2320 281 2352 solubiliter
300 2330 357 2361 per
376 2321 431 2352 Dei
450 2322 636 2361 potentiam.
655 2322 694 2353 Et
713 2322 784 2353 ideo
809 2331 886 2353 con-

109 2374 284 2407 cedendum
305 2377 351 2406 est
370 2375 456 2415 quod
476 2375 546 2406 talis
565 2375 645 2406 unio
665 2375 887 2416 superexcellit

110 2435 238 2459 omnem
271 2429 558 2460 considerationem
593 2429 847 2470 philosophicam
877 2439 884 2460 :

111 2489 169 2512 nec
182 2482 313 2522 mirum,
329 2483 405 2524 quia
418 2483 457 2514 ad
471 2483 574 2524 ipsam
589 2484 645 2516 vix
664 2484 818 2524 pertingit
831 2493 887 2515 ra-

111 2534 156 2566 tio
169 2544 226 2575 per
239 2535 335 2567 fidem
354 2537 487 2570 elevata.
505 2537 543 2569 Et
557 2538 628 2569 ideo
642 2537 823 2570 Bernardus
837 2547 886 2569 se-

112 2588 256 2619 cundum
274 2590 368 2621 istam
388 2591 543 2622 unionem
566 2591 745 2632 assignavit
766 2592 888 2633 specia-

112 2642 176 2673 lem
191 2642 321 2674 unitatis
334 2643 558 2684 differentiam,
570 2654 689 2677 vocans
700 2655 771 2677 eam
785 2647 888 2677 unita-

1664 169 1721 197 ¹59

941 233 1007 260 tem
1039 230 1250 269 dignativam.
1288 232 1501 264 Concedendae
1531 236 1607 264 sunt
1643 242 1722 273 ergo

943 283 1096 321 rationeS,
1113 293 1186 323 quae
1201 287 1276 316 sunt
1290 286 1328 315 ad
1344 285 1437 316 istam
1452 288 1586 326 partem.

984 339 1013 368 1.
1029 337 1076 368 Ad
1093 337 1171 369 illud
1189 348 1267 378 ergo
1289 340 1375 379 quod
1399 340 1572 380 opponitur
1591 340 1625 370 in
1647 348 1723 370 con-

943 390 1079 420 trarium
1092 414 1100 427 ,
1117 392 1202 431 quod
1217 392 1329 422 similis
1344 395 1391 424 est
1405 393 1517 425 unioni
1540 393 1725 433 conjugati-

944 452 1009 481 vae,
1030 445 1097 483 jam
1115 447 1199 484 patet
1214 447 1379 486 responsio
1393 471 1401 485 ,
1419 447 1494 487 quia
1509 447 1567 478 etsi
1582 447 1622 477 sit
1636 446 1727 476 simi-

944 497 1043 528 litudo
1068 500 1227 537 quantum
1252 500 1292 530 ad
1317 501 1502 538 vinculum,
1530 510 1595 531 nou
1619 502 1726 530 tamen

945 552 991 581 est
1015 551 1190 581 similitudo
1216 555 1376 591 quantum
1399 553 1439 584 ad
1461 554 1649 590 terminum,
1675 553 1727 584 vel

944 603 1127 634 distantiam
1141 605 1327 636 unibilium.

985 659 1014 687 2.
1033 656 1080 687 Ad
1100 657 1176 688 illud
1200 659 1285 698 quod
1307 660 1496 699 opponitur,
1513 660 1599 699 quod
1615 660 1727 691 similis

945 712 991 740 est
1012 710 1125 741 unitati
1147 712 1266 743 nativae
1282 722 1340 752 pro
1362 722 1399 743 eo
1423 713 1509 753 quod
1530 715 1575 743 est
1592 713 1669 743 unio
1693 714 1727 744 in

945 773 1096 803 persona,
1113 765 1284 796 dicendum
1300 767 1386 806 quod
1408 767 1465 797 etsi
1490 767 1530 797 sit
1552 766 1726 798 similitudo

944 820 1103 857 quantum
1125 819 1165 849 ad
1190 820 1376 859 terminum,
1404 830 1469 851 non
1492 822 1599 851 tamen
1621 830 1726 860 quan-

944 873 1013 901 tum
1031 872 1067 901 ad
1087 872 1263 912 vinculum,
1281 875 1331 904 vel
1346 874 1527 904 distantiam
1538 873 1722 904 unibilium.

986 928 1015 955 3.
1035 925 1081 955 Ad
1098 926 1176 956 illud
1198 927 1283 966 quod
1304 928 1497 967 opponitur,
1515 928 1601 967 quod
1616 930 1662 958 est
1685 928 1725 958 si-

945 978 1029 1009 milis
1054 980 1169 1011 unitati
1193 981 1411 1020 potestativae,
1441 981 1610 1012 dicendum
1638 981 1725 1021 quod

945 1032 1002 1062 etsi
1024 1033 1064 1063 sit
1087 1033 1262 1065 similitudo
1277 1036 1436 1074 quantum
1457 1035 1496 1065 ad
1518 1035 1722 1075 principium,

944 1086 1020 1124 quia
1033 1088 1168 1126 utraque
1181 1090 1228 1118 est
1241 1097 1282 1118 ex
1298 1088 1416 1119 virtute
1432 1088 1551 1125 divina,
1569 1088 1728 1119 dissimili-

944 1140 1020 1170 tudo
1043 1144 1088 1172 est
1111 1143 1217 1172 tamen
1243 1145 1402 1181 quantum
1424 1143 1464 1174 ad
1485 1143 1674 1182 terminum,
1697 1145 1728 1174 et

944 1197 1102 1233 quantum
1120 1195 1159 1226 ad
1175 1196 1355 1226 vinculum.

984 1249 1013 1277 4.
1028 1247 1076 1277 Ad
1090 1248 1167 1279 illud
1181 1249 1267 1288 quod
1282 1249 1431 1289 objicitur
1444 1273 1452 1287 ,
1469 1249 1554 1289 quod
1577 1251 1623 1280 est
1637 1249 1728 1280 simi-

943 1300 980 1330 lis
995 1301 1107 1331 unitati
1123 1303 1258 1341 votivae,
1276 1312 1350 1333 cum
1369 1303 1408 1332 sit
1430 1311 1486 1342 per
1504 1303 1660 1342 gratiam,
1679 1304 1729 1334 di-

944 1355 1081 1385 cendum
1095 1355 1181 1395 quod
1194 1358 1240 1386 est
1253 1356 1316 1386 alia
1330 1356 1444 1395 gratiae
1457 1356 1649 1395 differentia,
1663 1367 1729 1397 qua

943 1408 1052 1439 anima
1065 1409 1177 1439 unitur
1192 1409 1257 1440 Deo
1272 1419 1329 1450 per
1344 1410 1531 1441 charitatem
1542 1411 1726 1450 perfectam,

944 1464 973 1492 et
989 1471 1054 1502 qua
1069 1465 1185 1494 natura
1200 1464 1343 1495 humana
1360 1464 1474 1495 unitur
1494 1464 1594 1496 Verbo
1610 1465 1642 1494 in
1656 1464 1728 1495 uni-

943 1517 1040 1546 tatem
1055 1525 1200 1555 personae
1218 1528 1224 1548 :
1243 1526 1302 1548 nec
1318 1517 1422 1548 solum
1440 1520 1599 1558 quantum
1615 1517 1653 1549 ad
1666 1518 1728 1548 hoc

943 1570 989 1599 est
1003 1568 1200 1608 differentia,
1225 1570 1278 1601 sed
1293 1570 1389 1601 etiam
1412 1573 1572 1611 quantum
1593 1571 1632 1602 ad
1657 1571 1728 1602 vin-

943 1622 1052 1652 culum
1066 1647 1073 1661 ,
1091 1626 1122 1654 et
1142 1626 1302 1663 quantum
1324 1624 1363 1655 ad
1389 1625 1563 1656 terminum
1582 1636 1588 1656 z
1609 1627 1640 1656 et
1656 1625 1726 1656 ideo

942 1676 1002 1706 ista
1017 1678 1094 1707 unio
1108 1678 1182 1708 facit
1197 1679 1397 1718 singularem
1412 1679 1555 1710 modum.
1573 1679 1605 1710 Si
1618 1682 1726 1711 autem

943 1732 1108 1769 quaeratur
1141 1732 1333 1763 sufficientia
1364 1733 1525 1763 unitatum
1555 1734 1725 1764 modorum

944 1785 1198 1823 assignatorum,
1213 1786 1384 1817 dicendum
1406 1787 1492 1827 quod
1512 1787 1571 1818 ista
1590 1787 1725 1827 quaestio

943 1838 1018 1868 alibi
1041 1839 1136 1870 habet
1164 1849 1262 1870 suum
1286 1840 1414 1878 locum,
1441 1843 1472 1871 et
1502 1841 1632 1880 singula
1659 1841 1726 1871 suis

941 1892 1019 1922 locis
1053 1893 1217 1924 tractanda
1251 1896 1337 1924 sunt.
1375 1894 1507 1925 illorum
1530 1897 1637 1925 tamen
1665 1903 1723 1926 no-

942 1954 1016 1976 vem
1038 1947 1209 1977 modorum
1232 1947 1393 1978 unitatum
1407 1971 1414 1985 ,
1438 1957 1518 1988 quos
1544 1947 1725 1979 Bernardus

941 1999 1100 2038 assignat,
1126 2002 1228 2040 potest
1263 2001 1307 2031 sic
1333 2001 1418 2032 sumi
1443 2001 1643 2032 sufficientia.
1672 2001 1725 2032 Est

941 2052 1029 2083 enim
1043 2053 1149 2084 unitas
1165 2054 1337 2093 naturaliS,
1355 2057 1386 2085 et
1399 2055 1540 2094 gratuita
1550 2080 1557 2092 ‚
1573 2057 1604 2086 et
1618 2055 1724 2086 unitas

941 2115 1039 2146 super
1062 2108 1235 2147 utramque
1268 2108 1451 2139 constituta.
1476 2108 1586 2139 Unitas
1615 2110 1721 2140 autem

941 2161 1096 2191 naturalis
1126 2164 1173 2192 est
1204 2162 1237 2192 in
1273 2163 1475 2203 quadruplici
1507 2163 1684 2194 differentia
1714 2175 1719 2180 ·

942 2215 1089 2253 quaedam
1098 2215 1185 2246 enim
1201 2218 1246 2246 est
1260 2225 1317 2256 per
1330 2218 1598 2256 aggregationem
1612 2226 1722 2248 rerum

941 2267 1159 2299 differentium
1174 2269 1417 2308 distinctarum,
1435 2271 1517 2301 sicut
1531 2271 1636 2301 unitas
1656 2270 1722 2301 col-

941 2320 1072 2359 lectiva3
1097 2323 1246 2362 quaedam
1269 2325 1317 2354 est
1347 2333 1404 2363 per
1427 2325 1662 2364 colligation=›m
1677 2323 1720 2363 (a)

942 2384 1052 2406 rerum
1064 2376 1242 2407 formaliter
1253 2376 1482 2416 differentium,
1500 2378 1566 2409 sive
1582 2377 1722 2418 partium

942 2429 1230 2468 heterogenearum
1242 2453 1250 2467 ,
1265 2432 1297 2461 et
1311 2430 1357 2461 sic
1376 2432 1424 2461 est
1443 2431 1550 2461 unitas
1569 2431 1724 2461 constitu-

942 2482 1025 2520 tiva3
1048 2482 1199 2523 quaedam
1218 2492 1275 2523 per
1297 2484 1555 2524 conjunctionem
1575 2483 1722 2515 differen-

943 2536 1024 2567 tium
1036 2545 1127 2576 sexu,
1144 2537 1327 2577 operatione
1342 2537 1616 2575 convenientium,
1632 2537 1722 2569 etsie

943 2592 991 2621 est
1009 2590 1116 2621 unitas
1135 2591 1364 2630 conjugativa3
1388 2590 1538 2631 quaedam
1561 2600 1617 2631 per
1631 2591 1723 2623 unio-

975 2653 1008 2684 (α)
1022 2653 1083 2677 caet.
1099 2652 1159 2677 edit.
1175 2652 1383 2684 collegationem.

1774 2122 1844 2142 Umm-

1737 2153 1843 2173 lunisusss-

1714 2188 1719 2194 ’
1737 2185 1822 2204 cientia.
