2017 2960
182 205 221 234 88
747 196 1055 229 SENTENTIARUM
1077 199 1149 230 LIB.
1174 200 1226 230 Ill.

186 271 328 310 Angelus
343 268 608 301 annuntiabatEt
623 267 774 307 quoniam
788 267 888 295 mater
902 264 957 294 Dei

187 333 250 354 non
262 325 353 360 esset,
368 323 428 353 nisi
446 323 527 353 Deus
542 321 653 352 unitus
667 321 747 350 esset
762 318 847 348 carni
861 326 957 356 quam

186 378 390 415 conceperam
418 378 448 405 et
472 383 543 404 caro
572 382 629 403 nec
654 372 731 408 Deo,
759 380 815 400 nec
843 369 959 399 animae

187 433 393 470 congrueret,
413 430 473 460 nisi
500 429 631 459 haberet
649 426 867 456 membrorum
893 425 953 454 dis-

189 485 370 515 tinctionem
397 483 636 513 convenientem
659 491 665 510 z
687 480 760 509 bine
784 480 848 515 est,
875 478 959 517 quod

188 537 227 567 ab
249 537 376 567 instanti
398 534 609 574 conceptionis
629 542 744 572 corpus
765 531 878 561 Christi
903 531 959 560 de-

188 591 257 621 buit
274 591 305 620 in
325 590 544 620 membrorum
564 587 763 617 distinctione
786 585 960 625 perfectum

189 653 264 674 esse.
284 643 372 673 i‘nde
394 642 601 673 concedendae
616 643 689 671 suut
709 640 845 670 rationes
861 638 899 668 ad
923 637 961 667 is-

190 700 253 727 tam
268 700 389 736 partem
406 697 556 726 inductae.

231 754 258 781 1.
279 750 326 780 Ad
344 750 419 780 illud
441 749 525 789 quod
542 748 730 788 opponitur,
748 746 832 785 quod
848 754 963 775 nnme-

191 814 246 835 rus
269 803 480 844 quadraginta
500 811 556 832 sex
579 801 703 831 dierum
728 799 876 830 convenit
895 807 963 838 per-

191 858 315 888 fectioni
339 857 478 896 corporis
501 854 667 891 dominici„
686 853 853 883 dicendum
878 851 964 891 quod

191 911 222 940 in
237 911 400 950 Scriptura
412 910 593 949 frequenter
605 917 654 938 res
669 913 741 937 tnnc
755 906 870 936 dicitur
883 905 962 943 lieri,

191 975 265 996 cuin
286 965 451 995 innotescit
476 975 481 994 z
507 966 536 994 et
560 972 614 1003 per
636 963 722 992 hunc
744 961 873 1001 quidem
895 970 965 990 mo-

191 1019 267 1049 dum
284 1019 419 1048 verbnm
439 1016 611 1056 Augustini
632 1018 677 1045 est
693 1014 938 1053 intelligendum
956 1022 963 1043 :

192 1073 267 1112 qnia
282 1071 338 1102 etsi
354 1081 469 1111 corpus
484 1070 679 1101 dominicum
695 1069 734 1099 ab
748 1067 875 1098 instanti
893 1076 966 1097 con-

193 1128 345 1168 ceptionis
366 1128 425 1158 fuit
448 1128 635 1161 formatum,
652 1134 717 1155 non
740 1127 846 1154 tamen
869 1132 965 1163 appa-

193 1183 269 1218 ruit,
287 1191 344 1212 nec
360 1180 477 1221 percipi
496 1180 597 1220 potuit
612 1188 677 1218 prae
692 1177 846 1218 parvitate
863 1185 965 1215 quan-

193 1236 289 1266 titatis
306 1235 418 1272 molis;
440 1234 491 1264 sed
517 1236 586 1273 post
599 1231 812 1272 quadraginta
832 1239 887 1260 sex
902 1229 968 1259 dies

193 1290 231 1320 ad
252 1291 373 1319 tantam
398 1287 611 1328 quantitatem
636 1284 833 1325 perfeetionis
854 1283 968 1313 deduc-

195 1345 262 1372 tum
282 1344 345 1379 est,
367 1341 451 1381 quod
477 1340 653 1380 aspectibus
674 1338 843 1369 hominum
862 1338 968 1376 patere

194 1393 306 1433 potuit.
334 1393 422 1423 IJnde
455 1401 568 1431 corpus
599 1390 711 1420 Christi
742 1390 775 1419 in
808 1389 968 1418 cremento

194 1456 267 1476 cum
283 1446 351 1476 aliis
371 1445 556 1485 corporibus
578 1443 817 1474 similitudinem
838 1441 966 1476 habuit,

194 1500 341 1540 quamvis
357 1508 422 1529 non
441 1499 571 1528 haberet
591 1496 832 1527 similitudinem
855 1495 888 1525 in
906 1495 969 1524 soi·-

196 1554 333 1583 matione
358 1552 511 1592 primaria
535 1562 540 1581 z
563 1560 628 1581 non
653 1551 737 1580 enim
764 1548 967 1584 naturaiiter,

195 1607 247 1637 sed
264 1606 450 1636 mirabiliter
465 1606 637 1635 formatum
653 1604 722 1633 fnit.
742 1603 778 1633 Et
793 1603 836 1632 sio
855 1601 968 1631 intelli-

196 1659 300 1698 genda
316 1661 390 1688 sunt
405 1658 502 1688 verba
524 1657 696 1696 Augustini
721 1656 754 1686 in
777 1656 855 1685 libro
871 1663 969 1694 quar-

196 1715 227 1742 to
258 1713 294 1751 (a)
328 1712 365 1743 de
392 1712 569 1748 T'rz'm'tate,
595 1713 626 1740 et
657 1711 687 1739 in
715 1709 794 1739 libro
821 1707 967 1738 LXXXIII

199 1766 431 1801 Quoestionum,
456 1773 530 1803 qnae
556 1763 594 1793 ad
614 1771 754 1802 przesens
776 1761 969 1791 omittuntur

196 1818 235 1848 ad
253 1818 411 1848 vitandam
424 1818 646 1857 prolixitatem.

238 1874 266 1902 ⁶2.
295 1872 343 1902 Ad
369 1871 444 1901 illud
481 1874 587 1901 autem
622 1871 705 1910 quod
729 1870 900 1909 opponitur
932 1869 969 1899 de

198 1925 296 1955 verbo
311 1925 468 1964 Apostoli:
488 1925 570 1959 Quia
587 1933 643 1964 per
655 1925 763 1955 omnia
777 1923 885 1954 debuit
899 1924 971 1961 fra-

199 1979 300 2009 tribus
327 1978 527 2015 asstthrM
549 1978 718 2008 dicendum
747 1978 829 2016 quod
857 1986 971 2007 verum

199 2035 245 2061 est
259 2033 415 2070 quantum
432 2032 470 2061 ad
485 2040 521 2061 ea
536 2039 609 2070 quae
628 2031 782 2060 faciebant
796 2030 834 2060 ad
849 2039 971 2070 repara-

233 2093 262 2122 (a)
280 2093 340 2117 Coet.
353 2092 412 2116 edit.
427 2094 450 2116 3.

1011 265 1129 296 tionem
1151 266 1279 305 generis
1300 266 1452 304 humani,
1469 268 1550 298 sicut
1563 268 1624 299 hoc
1639 268 1723 308 quod
1739 272 1785 300 est

1012 320 1137 358 tentari,
1154 320 1336 350 conversari
1352 329 1425 350 cum
1439 321 1635 360 hominibus,
1652 323 1682 352 et
1696 322 1759 362 pati
1775 334 1780 352 :

1013 372 1109 402 sedin
1127 373 1219 403 modo
1234 374 1461 413 conceptionis,
1480 375 1554 414 quia
1569 376 1601 405 in
1623 375 1714 406 nobis
1728 385 1785 406 an-

1014 434 1130 455 nexam
1155 426 1249 457 habet
1269 427 1499 457 traductiOnem
1525 429 1689 468 originalis
1710 438 1784 469 pec-

1014 480 1091 517 cati,
1109 489 1172 510 non
1189 481 1297 511 debuit
1314 481 1495 519 assimilari,
1520 482 1596 521 quia
1611 492 1675 513 non
1699 492 1786 513 com-

1016 533 1139 571 petebat
1154 534 1213 564 hoc
1230 534 1351 564 homini
1369 534 1533 564 mediatori
1556 537 1586 565 et
1600 536 1785 575 reparatori.

1056 590 1084 616 3.
1101 586 1148 616 Ad
1164 587 1241 617 illud
1258 588 1342 627 quod
1358 588 1526 627 objicitur,
1546 588 1631 627 quod
1645 588 1788 619 similiter

1016 639 1074 669 suit
1095 640 1253 670 nutritum
1280 643 1310 670 et
1331 642 1594 679 augmentatum,
1619 641 1789 672 dicendum

1016 693 1100 731 quod
1118 702 1181 723 non
1198 696 1243 723 est
1257 694 1358 723 simile
1372 718 1380 731 2
1403 694 1480 733 quia
1500 695 1607 724 nostra
1631 703 1789 732 augmen-

1018 745 1093 775 tatio
1106 748 1136 776 et
1148 746 1279 776 nutritio
1294 747 1420 786 culpam
1437 756 1501 777 non
1512 746 1606 776 babet
1617 756 1788 784 annexam,

1017 800 1098 829 sicut
1111 802 1218 830 nostra
1233 801 1414 839 generatio,
1431 802 1461 830 et
1482 800 1523 830 ita
1539 809 1601 830 non
1618 800 1662 829 sic
1684 800 1792 830 debuit

1018 853 1185 883 assimilari
1207 853 1239 882 in
1261 853 1474 892 generationis
1500 853 1689 893 primordio,
1711 853 1792 884 sicut

1018 905 1050 936 in
1065 909 1240 945 aug-:mento
1255 909 1285 937 et
1299 907 1505 937 nutrimento.

1060 965 1088 992 4.
1106 962 1151 992 Ad
1169 962 1243 992 illud
1259 962 1342 1001 quod
1359 962 1518 1000 objicitur,
1535 961 1620 1000 qnod
1636 961 1794 991 formatio-

1020 1024 1093 1044 nem
1111 1014 1177 1044 veri
1199 1015 1339 1053 corporis
1364 1014 1513 1053 praecedit
1534 1013 1747 1049 consolidatio,
1763 1015 1795 1043 et

1020 1068 1301 1099 consolidationem
1325 1067 1501 1104 conversio,
1527 1069 1599 1103 et‹·.;
1624 1066 1794 1096 dicendum

1020 1121 1104 1160 quod
1127 1121 1245 1160 duplex
1269 1123 1315 1151 est
1336 1120 1423 1157 ordo,
1450 1120 1593 1150 videlieet
1620 1119 1795 1149 secundum

1021 1176 1146 1214 teinpus
1161 1176 1191 1204 et
1207 1176 1373 1208 naturam,
1390 1173 1439 1203 vel
1455 1172 1631 1203 secundum
1647 1175 1794 1202 naturam

1021 1230 1157 1258 tantum.
1169 1227 1222 1257 Isti
1232 1229 1337 1257 autem
1350 1229 1411 1256 tres
1421 1229 1509 1256 actus
1519 1226 1663 1256 ordinem
1677 1225 1795 1255 habent

1022 1281 1054 1310 in
1070 1283 1177 1311 nostra
1197 1280 1401 1319 generatione
1424 1282 1560 1318 utroque
1583 1279 1695 1314 modo,
1719 1278 1796 1318 quia

1022 1336 1129 1364 nostra
1153 1333 1316 1372 generatio
1344 1335 1388 1363 est
1412 1342 1430 1362 a
1453 1332 1571 1362 virtute
1592 1331 1699 1368 finita,
1722 1339 1796 1370 quae

1023 1390 1172 1427 operatur
1187 1387 1220 1417 in
1236 1389 1388 1426 tempore.
1412 1386 1448 1416 In
1463 1385 1669 1425 generatione
1690 1386 1797 1415 autem

1024 1441 1136 1472 Christi
1156 1450 1219 1471 non
1234 1440 1353 1470 habent
1376 1439 1520 1470 ordinem
1544 1438 1605 1468 nisi
1621 1438 1797 1468 secundum

1023 1494 1170 1522 naturam
1189 1501 1195 1522 :
1213 1493 1243 1521 et
1257 1490 1408 1530 qnoniam
1423 1489 1572 1520 habentia
1585 1489 1729 1519 ordinem
1745 1498 1798 1518 se-

1024 1546 1167 1576 cundum
1192 1547 1339 1575 naturam
1355 1544 1450 1574 simul
1472 1552 1538 1574 esse
1560 1544 1692 1582 possunt
1717 1544 1798 1572 tem-

1024 1608 1100 1639 pore
1115 1599 1234 1637 absque
1252 1598 1359 1638 aliqna
1373 1596 1705 1636 incompossibilitate;
1722 1595 1798 1626 hinc

1024 1654 1086 1690 est,
1112 1653 1197 1691 quod
1221 1651 1300 1682 nihil
1322 1651 1453 1690 impedit
1474 1650 1543 1679 illos
1566 1651 1654 1679 actus
1677 1658 1743 1679 esse
1764 1649 1798 1678 in

1025 1707 1230 1746 generatione
1260 1706 1434 1742 dominica,
1465 1703 1614 1744 quamvis
1645 1712 1709 1733 non
1736 1702 1798 1732 sint

1025 1760 1121 1790 simul
1137 1760 1169 1790 in
1186 1762 1293 1789 nostra
1308 1758 1522 1797 generatione.
1541 1756 1628 1786 Unde
1647 1756 1726 1786 ratio
1745 1755 1798 1786 illa

1026 1822 1091 1844 non
1106 1813 1207 1851 cogit,
1225 1812 1301 1852 quia
1315 1814 1370 1842 aut
1390 1810 1530 1850 procedit
1553 1810 1591 1839 ab
1614 1809 1723 1839 ordine
1748 1817 1798 1838 se-

1027 1867 1168 1897 cundum
1195 1869 1342 1896 naturam
1377 1865 1415 1894 ad
1452 1863 1596 1894 ordinem
1624 1862 1799 1892 secundum

1028 1923 1172 1960 teinpus,
1189 1922 1243 1949 ant
1261 1918 1398 1958 procedit
1418 1917 1457 1947 ab
1473 1916 1656 1956 operatione
1677 1917 1800 1944 natura).

1029 1975 1067 2004 ad
1092 1974 1308 2013 operationem
1337 1972 1463 2002 virtutis
1487 1970 1604 2001 divinae
1629 1980 1635 1999 :
1659 1971 1689 1999 et
1713 1968 1801 1998 nullo

1029 2028 1161 2057 istorum
1186 2026 1353 2057 modorum
1377 2025 1480 2055 estibi
1502 2022 1670 2054 necessitas
1696 2030 1802 2051 conse-

1030 2082 1180 2121 quentiae.
