<?xml version="1.0" encoding="UTF-8"?>
<!DOCTYPE html PUBLIC "-//W3C//DTD XHTML 1.0 Transitional//EN"
    "http://www.w3.org/TR/xhtml1/DTD/xhtml1-transitional.dtd">
<html xmlns="http://www.w3.org/1999/xhtml" xml:lang="en" lang="en">
 <head>
  <title>
</title>
<meta http-equiv="Content-Type" content="text/html;charset=utf-8" />
  <meta name='ocr-system' content='tesseract 3.04.00' />
  <meta name='ocr-capabilities' content='ocr_page ocr_carea ocr_par ocr_line ocrx_word'/>
</head>
<body>
  <div class='ocr_page' id='page_1' title='image "./operaomniasixtiv04bonauoft/operaomniasixtiv04bonauoft_0619.png"; bbox 0 0 2017 2960; ppageno 0'>
   <div class='ocr_carea' id='block_1_1' title="bbox 811 160 1145 194">
    <p class='ocr_par' dir='ltr' id='par_1_1' title="bbox 811 160 1145 194">
     <span class='ocr_line' id='line_1_1' title="bbox 811 160 1145 194; baseline 0 -1"><span class='ocrx_word' id='word_1_1' title='bbox 811 160 999 194; x_wconf 90' lang='lat' dir='ltr'><strong>DISTINCT.</strong></span> <span class='ocrx_word' id='word_1_2' title='bbox 1023 162 1145 194; x_wconf 82' lang='lat' dir='ltr'>XXVII.</span> 
     </span>
    </p>
   </div>
   <div class='ocr_carea' id='block_1_2' title="bbox 171 229 964 2581">
    <p class='ocr_par' dir='ltr' id='par_1_2' title="bbox 171 229 964 2581">
     <span class='ocr_line' id='line_1_2' title="bbox 171 229 946 273; baseline -0.008 -7"><span class='ocrx_word' id='word_1_3' title='bbox 171 244 343 266; x_wconf 89' lang='lat' dir='ltr'>commune</span> <span class='ocrx_word' id='word_1_4' title='bbox 355 259 363 273; x_wconf 87' lang='lat'>‚</span> <span class='ocrx_word' id='word_1_5' title='bbox 380 236 411 265; x_wconf 91' lang='lat' dir='ltr'>et</span> <span class='ocrx_word' id='word_1_6' title='bbox 426 234 553 264; x_wconf 87' lang='lat' dir='ltr'>habitus</span> <span class='ocrx_word' id='word_1_7' title='bbox 567 242 623 273; x_wconf 92' lang='lat' dir='ltr'>per</span> <span class='ocrx_word' id='word_1_8' title='bbox 641 240 737 262; x_wconf 87' lang='lat' dir='ltr'>suum</span> <span class='ocrx_word' id='word_1_9' title='bbox 759 232 879 262; x_wconf 87' lang='lat' dir='ltr'>actum.</span> <span class='ocrx_word' id='word_1_10' title='bbox 898 229 946 260; x_wconf 88' lang='lat' dir='ltr'>Ad</span> 
     </span>
     <span class='ocr_line' id='line_1_3' title="bbox 171 282 947 328; baseline -0.009 -9"><span class='ocrx_word' id='word_1_11' title='bbox 171 288 249 319; x_wconf 91' lang='lat' dir='ltr'>illud</span> <span class='ocrx_word' id='word_1_12' title='bbox 275 287 361 328; x_wconf 86' lang='lat' dir='ltr'>quod</span> <span class='ocrx_word' id='word_1_13' title='bbox 386 287 534 327; x_wconf 89' lang='lat' dir='ltr'>objicitur</span> <span class='ocrx_word' id='word_1_14' title='bbox 547 310 554 323; x_wconf 82' lang='grc'><em>,</em></span> <span class='ocrx_word' id='word_1_15' title='bbox 579 286 665 326; x_wconf 79' lang='lat' dir='ltr'>quod</span> <span class='ocrx_word' id='word_1_16' title='bbox 694 285 747 315; x_wconf 87' lang='lat' dir='ltr'>illa</span> <span class='ocrx_word' id='word_1_17' title='bbox 776 282 947 314; x_wconf 86' lang='lat' dir='ltr'>notificatio</span> 
     </span>
     <span class='ocr_line' id='line_1_4' title="bbox 173 336 948 374; baseline -0.006 -3"><span class='ocrx_word' id='word_1_18' title='bbox 173 340 320 372; x_wconf 87' lang='lat' dir='ltr'>convenit</span> <span class='ocrx_word' id='word_1_19' title='bbox 338 340 498 371; x_wconf 80' lang='lat' dir='ltr'>dilectioni</span> <span class='ocrx_word' id='word_1_20' title='bbox 513 340 547 370; x_wconf 87' lang='lat' dir='ltr'>in</span> <span class='ocrx_word' id='word_1_21' title='bbox 567 341 651 370; x_wconf 89' lang='lat' dir='ltr'>statu</span> <span class='ocrx_word' id='word_1_22' title='bbox 668 337 858 369; x_wconf 75' lang='lat' dir='ltr'>innocentiae</span> <span class='ocrx_word' id='word_1_23' title='bbox 875 361 882 374; x_wconf 90' lang='lat'>,</span> <span class='ocrx_word' id='word_1_24' title='bbox 898 336 948 366; x_wconf 90' lang='lat' dir='ltr'>di-</span> 
     </span>
     <span class='ocr_line' id='line_1_5' title="bbox 172 389 949 432; baseline -0.008 -8"><span class='ocrx_word' id='word_1_25' title='bbox 172 393 309 424; x_wconf 86' lang='lat' dir='ltr'>cendum</span> <span class='ocrx_word' id='word_1_26' title='bbox 334 393 419 432; x_wconf 90' lang='lat' dir='ltr'>quod</span> <span class='ocrx_word' id='word_1_27' title='bbox 436 392 615 423; x_wconf 83' lang='lat' dir='ltr'>differentia</span> <span class='ocrx_word' id='word_1_28' title='bbox 637 394 683 422; x_wconf 89' lang='lat' dir='ltr'>est</span> <span class='ocrx_word' id='word_1_29' title='bbox 707 392 740 421; x_wconf 88' lang='lat' dir='ltr'>in</span> <span class='ocrx_word' id='word_1_30' title='bbox 763 390 856 420; x_wconf 88' lang='lat' dir='ltr'>modo</span> <span class='ocrx_word' id='word_1_31' title='bbox 877 389 949 420; x_wconf 85' lang='lat' dir='ltr'>dili-</span> 
     </span>
     <span class='ocr_line' id='line_1_6' title="bbox 172 443 950 487; baseline -0.005 -10"><span class='ocrx_word' id='word_1_32' title='bbox 172 447 269 486; x_wconf 85' lang='lat' dir='ltr'>gendi</span> <span class='ocrx_word' id='word_1_33' title='bbox 284 447 384 478; x_wconf 87' lang='lat' dir='ltr'>Deum</span> <span class='ocrx_word' id='word_1_34' title='bbox 400 451 529 487; x_wconf 87' lang='lat' dir='ltr'>propter</span> <span class='ocrx_word' id='word_1_35' title='bbox 544 456 587 484; x_wconf 85' lang='lat' dir='ltr'>se,</span> <span class='ocrx_word' id='word_1_36' title='bbox 607 446 785 477; x_wconf 90' lang='lat' dir='ltr'>secundum</span> <span class='ocrx_word' id='word_1_37' title='bbox 801 444 886 484; x_wconf 87' lang='lat' dir='ltr'>quod</span> <span class='ocrx_word' id='word_1_38' title='bbox 900 443 950 474; x_wconf 86' lang='lat' dir='ltr'>di-</span> 
     </span>
     <span class='ocr_line' id='line_1_7' title="bbox 173 496 951 539; baseline -0.005 -9"><span class='ocrx_word' id='word_1_39' title='bbox 173 500 286 539; x_wconf 82' lang='lat' dir='ltr'>ligitur</span> <span class='ocrx_word' id='word_1_40' title='bbox 304 500 343 539; x_wconf 85' lang='grc' dir='ltr'>(α)</span> <span class='ocrx_word' id='word_1_41' title='bbox 363 501 528 531; x_wconf 81' lang='lat' dir='ltr'>dilectione</span> <span class='ocrx_word' id='word_1_42' title='bbox 543 499 701 535; x_wconf 68' lang='lat' dir='ltr'>naturali,</span> <span class='ocrx_word' id='word_1_43' title='bbox 719 501 750 529; x_wconf 90' lang='lat' dir='ltr'>et</span> <span class='ocrx_word' id='word_1_44' title='bbox 766 499 834 538; x_wconf 86' lang='lat' dir='ltr'>ipsa</span> <span class='ocrx_word' id='word_1_45' title='bbox 851 496 951 527; x_wconf 85' lang='lat' dir='ltr'>chari-</span> 
     </span>
     <span class='ocr_line' id='line_1_8' title="bbox 173 550 948 592; baseline -0.006 -8"><span class='ocrx_word' id='word_1_46' title='bbox 173 556 255 592; x_wconf 85' lang='lat' dir='ltr'>tate,</span> <span class='ocrx_word' id='word_1_47' title='bbox 273 554 355 584; x_wconf 88' lang='lat' dir='ltr'>sicut</span> <span class='ocrx_word' id='word_1_48' title='bbox 370 555 404 584; x_wconf 91' lang='lat' dir='ltr'>in</span> <span class='ocrx_word' id='word_1_49' title='bbox 427 554 566 584; x_wconf 89' lang='lat' dir='ltr'>secundo</span> <span class='ocrx_word' id='word_1_50' title='bbox 590 553 670 583; x_wconf 90' lang='lat' dir='ltr'>libro</span> <span class='ocrx_word' id='word_1_51' title='bbox 690 554 853 583; x_wconf 81' lang='lat' dir='ltr'>ostensum</span> <span class='ocrx_word' id='word_1_52' title='bbox 877 550 948 580; x_wconf 88' lang='lat' dir='ltr'>fuit.</span> 
     </span>
     <span class='ocr_line' id='line_1_9' title="bbox 174 604 951 638; baseline -0.006 0"><span class='ocrx_word' id='word_1_53' title='bbox 174 606 212 637; x_wconf 86' lang='lat' dir='ltr'>Et</span> <span class='ocrx_word' id='word_1_54' title='bbox 226 607 297 638; x_wconf 89' lang='lat' dir='ltr'>ideo</span> <span class='ocrx_word' id='word_1_55' title='bbox 314 617 353 638; x_wconf 79' lang='lat' dir='ltr'>ex</span> <span class='ocrx_word' id='word_1_56' title='bbox 374 608 434 638; x_wconf 90' lang='lat' dir='ltr'>hoc</span> <span class='ocrx_word' id='word_1_57' title='bbox 449 616 514 637; x_wconf 92' lang='lat' dir='ltr'>non</span> <span class='ocrx_word' id='word_1_58' title='bbox 531 606 708 638; x_wconf 80' lang='lat' dir='ltr'>ostenditur</span> <span class='ocrx_word' id='word_1_59' title='bbox 722 605 775 635; x_wconf 88' lang='lat' dir='ltr'>illa</span> <span class='ocrx_word' id='word_1_60' title='bbox 789 604 869 634; x_wconf 91' lang='lat' dir='ltr'>ratio</span> <span class='ocrx_word' id='word_1_61' title='bbox 886 612 951 633; x_wconf 91' lang='lat' dir='ltr'>non</span> 
     </span>
     <span class='ocr_line' id='line_1_10' title="bbox 174 656 953 699; baseline -0.008 -7"><span class='ocrx_word' id='word_1_62' title='bbox 174 669 240 691; x_wconf 85' lang='lat' dir='ltr'>esse</span> <span class='ocrx_word' id='word_1_63' title='bbox 253 661 334 692; x_wconf 87' lang='lat' dir='ltr'>bene</span> <span class='ocrx_word' id='word_1_64' title='bbox 350 661 522 699; x_wconf 81' lang='lat' dir='ltr'>assignata.</span> <span class='ocrx_word' id='word_1_65' title='bbox 546 660 595 691; x_wconf 82' lang='lat' dir='ltr'>Ad</span> <span class='ocrx_word' id='word_1_66' title='bbox 609 659 689 690; x_wconf 88' lang='lat' dir='ltr'>illud</span> <span class='ocrx_word' id='word_1_67' title='bbox 703 658 788 698; x_wconf 84' lang='lat' dir='ltr'>quod</span> <span class='ocrx_word' id='word_1_68' title='bbox 804 656 953 697; x_wconf 87' lang='lat' dir='ltr'>objicitur</span> 
     </span>
     <span class='ocr_line' id='line_1_11' title="bbox 175 710 953 752; baseline -0.005 -7"><span class='ocrx_word' id='word_1_69' title='bbox 175 714 213 745; x_wconf 82' lang='lat' dir='ltr'>de</span> <span class='ocrx_word' id='word_1_70' title='bbox 236 714 451 745; x_wconf 85' lang='lat' dir='ltr'>notificatione</span> <span class='ocrx_word' id='word_1_71' title='bbox 472 712 645 752; x_wconf 79' lang='lat' dir='ltr'>Augustini</span> <span class='ocrx_word' id='word_1_72' title='bbox 669 712 707 743; x_wconf 78' lang='lat' dir='ltr'>de</span> <span class='ocrx_word' id='word_1_73' title='bbox 726 710 868 743; x_wconf 77' lang='lat' dir='ltr'>Moribus</span> <span class='ocrx_word' id='word_1_74' title='bbox 888 711 953 740; x_wconf 78' lang='lat' dir='ltr'>Ec-</span> 
     </span>
     <span class='ocr_line' id='line_1_12' title="bbox 175 763 953 807; baseline -0.009 -8"><span class='ocrx_word' id='word_1_75' title='bbox 175 768 293 805; x_wconf 81' lang='lat' dir='ltr'>clesioe,</span> <span class='ocrx_word' id='word_1_76' title='bbox 310 767 395 807; x_wconf 88' lang='lat' dir='ltr'>quod</span> <span class='ocrx_word' id='word_1_77' title='bbox 411 767 547 798; x_wconf 86' lang='lat' dir='ltr'>charitas</span> <span class='ocrx_word' id='word_1_78' title='bbox 561 767 608 796; x_wconf 86' lang='lat' dir='ltr'>est</span> <span class='ocrx_word' id='word_1_79' title='bbox 628 765 728 795; x_wconf 88' lang='lat' dir='ltr'>animi</span> <span class='ocrx_word' id='word_1_80' title='bbox 743 764 885 801; x_wconf 79' lang='lat' dir='ltr'>affectio,</span> <span class='ocrx_word' id='word_1_81' title='bbox 903 763 953 793; x_wconf 89' lang='lat' dir='ltr'>di-</span> 
     </span>
     <span class='ocr_line' id='line_1_13' title="bbox 176 817 951 860; baseline -0.006 -9"><span class='ocrx_word' id='word_1_82' title='bbox 176 821 312 851; x_wconf 89' lang='lat' dir='ltr'>cendum</span> <span class='ocrx_word' id='word_1_83' title='bbox 336 820 421 860; x_wconf 87' lang='lat' dir='ltr'>quod</span> <span class='ocrx_word' id='word_1_84' title='bbox 445 820 487 850; x_wconf 88' lang='lat' dir='ltr'>ihi</span> <span class='ocrx_word' id='word_1_85' title='bbox 513 822 560 850; x_wconf 86' lang='lat' dir='ltr'>est</span> <span class='ocrx_word' id='word_1_86' title='bbox 583 818 767 859; x_wconf 84' lang='lat' dir='ltr'>praedicatio</span> <span class='ocrx_word' id='word_1_87' title='bbox 793 817 951 847; x_wconf 84' lang='lat' dir='ltr'>causalis:</span> 
     </span>
     <span class='ocr_line' id='line_1_14' title="bbox 176 870 954 912; baseline -0.005 -8"><span class='ocrx_word' id='word_1_88' title='bbox 176 874 246 905; x_wconf 88' lang='lat' dir='ltr'>ideo</span> <span class='ocrx_word' id='word_1_89' title='bbox 267 874 301 904; x_wconf 92' lang='lat' dir='ltr'>in</span> <span class='ocrx_word' id='word_1_90' title='bbox 317 874 438 904; x_wconf 86' lang='lat' dir='ltr'>ratione</span> <span class='ocrx_word' id='word_1_91' title='bbox 461 873 514 903; x_wconf 93' lang='lat' dir='ltr'>illa</span> <span class='ocrx_word' id='word_1_92' title='bbox 537 874 584 903; x_wconf 88' lang='lat' dir='ltr'>est</span> <span class='ocrx_word' id='word_1_93' title='bbox 599 872 761 912; x_wconf 81' lang='lat' dir='ltr'>sophisma</span> <span class='ocrx_word' id='word_1_94' title='bbox 777 870 954 901; x_wconf 87' lang='lat' dir='ltr'>secundum</span> 
     </span>
     <span class='ocr_line' id='line_1_15' title="bbox 176 923 953 965; baseline -0.006 -7"><span class='ocrx_word' id='word_1_95' title='bbox 176 927 332 958; x_wconf 85' lang='lat' dir='ltr'>accidens.</span> <span class='ocrx_word' id='word_1_96' title='bbox 355 927 405 957; x_wconf 87' lang='lat' dir='ltr'>Ad</span> <span class='ocrx_word' id='word_1_97' title='bbox 428 927 489 957; x_wconf 89' lang='lat' dir='ltr'>hoc</span> <span class='ocrx_word' id='word_1_98' title='bbox 513 935 590 957; x_wconf 88' lang='lat' dir='ltr'>vero</span> <span class='ocrx_word' id='word_1_99' title='bbox 614 925 697 965; x_wconf 89' lang='lat' dir='ltr'>quod</span> <span class='ocrx_word' id='word_1_100' title='bbox 723 923 953 964; x_wconf 85' lang='lat' dir='ltr'>subjungitur,</span> 
     </span>
     <span class='ocr_line' id='line_1_16' title="bbox 177 978 952 1020; baseline -0.005 -9"><span class='ocrx_word' id='word_1_101' title='bbox 177 980 262 1020; x_wconf 88' lang='lat' dir='ltr'>quod</span> <span class='ocrx_word' id='word_1_102' title='bbox 276 980 328 1011; x_wconf 88' lang='lat' dir='ltr'>illa</span> <span class='ocrx_word' id='word_1_103' title='bbox 338 980 511 1011; x_wconf 75' lang='lat' dir='ltr'>notificatIO</span> <span class='ocrx_word' id='word_1_104' title='bbox 521 980 672 1011; x_wconf 90' lang='lat' dir='ltr'>convenit</span> <span class='ocrx_word' id='word_1_105' title='bbox 688 979 766 1019; x_wconf 88' lang='lat' dir='ltr'>spei,</span> <span class='ocrx_word' id='word_1_106' title='bbox 779 978 952 1009; x_wconf 89' lang='lat' dir='ltr'>dicendum</span> 
     </span>
     <span class='ocr_line' id='line_1_17' title="bbox 177 1030 957 1075; baseline -0.005 -10"><span class='ocrx_word' id='word_1_107' title='bbox 177 1035 262 1074; x_wconf 91' lang='lat' dir='ltr'>quod</span> <span class='ocrx_word' id='word_1_108' title='bbox 277 1035 360 1074; x_wconf 88' lang='lat' dir='ltr'>spei,</span> <span class='ocrx_word' id='word_1_109' title='bbox 377 1035 504 1075; x_wconf 77' lang='lat' dir='ltr'>proprie</span> <span class='ocrx_word' id='word_1_110' title='bbox 528 1033 704 1073; x_wconf 85' lang='lat' dir='ltr'>loquendo,</span> <span class='ocrx_word' id='word_1_111' title='bbox 720 1041 785 1062; x_wconf 93' lang='lat' dir='ltr'>non</span> <span class='ocrx_word' id='word_1_112' title='bbox 806 1030 957 1062; x_wconf 88' lang='lat' dir='ltr'>convenit</span> 
     </span>
     <span class='ocr_line' id='line_1_18' title="bbox 178 1083 956 1127; baseline -0.006 -9"><span class='ocrx_word' id='word_1_113' title='bbox 178 1087 287 1126; x_wconf 84' lang='lat' dir='ltr'>unire,</span> <span class='ocrx_word' id='word_1_114' title='bbox 302 1088 356 1118; x_wconf 92' lang='lat' dir='ltr'>sed</span> <span class='ocrx_word' id='word_1_115' title='bbox 372 1088 477 1127; x_wconf 82' lang='lat' dir='ltr'>magis</span> <span class='ocrx_word' id='word_1_116' title='bbox 492 1087 618 1126; x_wconf 80' lang='lat' dir='ltr'>erigere</span> <span class='ocrx_word' id='word_1_117' title='bbox 635 1097 641 1117; x_wconf 79' lang='lat' dir='ltr'>z</span> <span class='ocrx_word' id='word_1_118' title='bbox 658 1085 731 1116; x_wconf 84' lang='lat' dir='ltr'>fidei</span> <span class='ocrx_word' id='word_1_119' title='bbox 747 1084 834 1115; x_wconf 91' lang='lat' dir='ltr'>enim</span> <span class='ocrx_word' id='word_1_120' title='bbox 850 1086 896 1114; x_wconf 87' lang='lat' dir='ltr'>est</span> <span class='ocrx_word' id='word_1_121' title='bbox 908 1083 956 1114; x_wconf 93' lang='lat' dir='ltr'>di—</span> 
     </span>
     <span class='ocr_line' id='line_1_19' title="bbox 178 1137 954 1181; baseline -0.004 -11"><span class='ocrx_word' id='word_1_122' title='bbox 178 1140 284 1180; x_wconf 86' lang='lat' dir='ltr'>rigere</span> <span class='ocrx_word' id='word_1_123' title='bbox 298 1164 305 1178; x_wconf 85' lang='lat'>‚</span> <span class='ocrx_word' id='word_1_124' title='bbox 321 1143 351 1172; x_wconf 90' lang='lat' dir='ltr'>et</span> <span class='ocrx_word' id='word_1_125' title='bbox 373 1141 439 1181; x_wconf 90' lang='lat' dir='ltr'>spei</span> <span class='ocrx_word' id='word_1_126' title='bbox 454 1141 578 1180; x_wconf 83' lang='lat' dir='ltr'>erigere</span> <span class='ocrx_word' id='word_1_127' title='bbox 591 1163 598 1177; x_wconf 79' lang='grc'>,</span> <span class='ocrx_word' id='word_1_128' title='bbox 616 1141 646 1170; x_wconf 90' lang='lat' dir='ltr'>et</span> <span class='ocrx_word' id='word_1_129' title='bbox 661 1138 822 1169; x_wconf 88' lang='lat' dir='ltr'>charitatis</span> <span class='ocrx_word' id='word_1_130' title='bbox 846 1137 954 1168; x_wconf 83' lang='lat' dir='ltr'>adhae-</span> 
     </span>
     <span class='ocr_line' id='line_1_20' title="bbox 177 1190 957 1234; baseline -0.006 -9"><span class='ocrx_word' id='word_1_131' title='bbox 177 1203 259 1225; x_wconf 86' lang='lat' dir='ltr'>rere.</span> <span class='ocrx_word' id='word_1_132' title='bbox 277 1195 324 1225; x_wconf 90' lang='lat' dir='ltr'>Ad</span> <span class='ocrx_word' id='word_1_133' title='bbox 346 1195 425 1225; x_wconf 92' lang='lat' dir='ltr'>illud</span> <span class='ocrx_word' id='word_1_134' title='bbox 446 1194 530 1234; x_wconf 91' lang='lat' dir='ltr'>quod</span> <span class='ocrx_word' id='word_1_135' title='bbox 546 1193 695 1233; x_wconf 87' lang='lat' dir='ltr'>objicitur</span> <span class='ocrx_word' id='word_1_136' title='bbox 717 1192 754 1222; x_wconf 92' lang='lat' dir='ltr'>de</span> <span class='ocrx_word' id='word_1_137' title='bbox 770 1190 957 1222; x_wconf 84' lang='lat' dir='ltr'>diffinitione</span> 
     </span>
     <span class='ocr_line' id='line_1_21' title="bbox 177 1243 957 1287; baseline -0.008 -9"><span class='ocrx_word' id='word_1_138' title='bbox 177 1247 353 1287; x_wconf 81' lang='lat' dir='ltr'>Augustini</span> <span class='ocrx_word' id='word_1_139' title='bbox 366 1248 400 1278; x_wconf 92' lang='lat' dir='ltr'>in</span> <span class='ocrx_word' id='word_1_140' title='bbox 414 1248 495 1278; x_wconf 87' lang='lat' dir='ltr'>libro</span> <span class='ocrx_word' id='word_1_141' title='bbox 511 1246 549 1278; x_wconf 79' lang='lat' dir='ltr'>cle</span> <span class='ocrx_word' id='word_1_142' title='bbox 560 1246 759 1285; x_wconf 79' lang='lat' dir='ltr'>soliloquiis,</span> <span class='ocrx_word' id='word_1_143' title='bbox 776 1244 860 1284; x_wconf 90' lang='lat' dir='ltr'>quod</span> <span class='ocrx_word' id='word_1_144' title='bbox 878 1243 957 1273; x_wconf 88' lang='lat' dir='ltr'>cha-</span> 
     </span>
     <span class='ocr_line' id='line_1_22' title="bbox 177 1297 955 1339; baseline -0.006 -7"><span class='ocrx_word' id='word_1_145' title='bbox 177 1301 255 1332; x_wconf 87' lang='lat' dir='ltr'>ritas</span> <span class='ocrx_word' id='word_1_146' title='bbox 270 1310 335 1332; x_wconf 91' lang='lat' dir='ltr'>non</span> <span class='ocrx_word' id='word_1_147' title='bbox 356 1301 448 1332; x_wconf 89' lang='lat' dir='ltr'>dehet</span> <span class='ocrx_word' id='word_1_148' title='bbox 463 1300 594 1331; x_wconf 81' lang='lat' dir='ltr'>diffiniri</span> <span class='ocrx_word' id='word_1_149' title='bbox 612 1308 668 1339; x_wconf 90' lang='lat' dir='ltr'>per</span> <span class='ocrx_word' id='word_1_150' title='bbox 683 1298 792 1330; x_wconf 79' lang='lat' dir='ltr'>videre</span> <span class='ocrx_word' id='word_1_151' title='bbox 813 1300 844 1328; x_wconf 89' lang='lat' dir='ltr'>et</span> <span class='ocrx_word' id='word_1_152' title='bbox 867 1297 955 1336; x_wconf 71' lang='lat' dir='ltr'>frui,</span> 
     </span>
     <span class='ocr_line' id='line_1_23' title="bbox 178 1353 959 1396; baseline -0.008 -9"><span class='ocrx_word' id='word_1_153' title='bbox 178 1356 347 1387; x_wconf 87' lang='lat' dir='ltr'>dicendum</span> <span class='ocrx_word' id='word_1_154' title='bbox 367 1357 454 1396; x_wconf 86' lang='lat' dir='ltr'>quod</span> <span class='ocrx_word' id='word_1_155' title='bbox 470 1356 551 1386; x_wconf 85' lang='lat' dir='ltr'>sicut</span> <span class='ocrx_word' id='word_1_156' title='bbox 567 1355 645 1386; x_wconf 90' lang='lat' dir='ltr'>fides</span> <span class='ocrx_word' id='word_1_157' title='bbox 661 1354 824 1393; x_wconf 80' lang='lat' dir='ltr'>cognoscit</span> <span class='ocrx_word' id='word_1_158' title='bbox 847 1353 906 1382; x_wconf 88' lang='lat' dir='ltr'>sibi</span> <span class='ocrx_word' id='word_1_159' title='bbox 927 1354 959 1383; x_wconf 90' lang='lat' dir='ltr'>et</span> 
     </span>
     <span class='ocr_line' id='line_1_24' title="bbox 178 1406 958 1447; baseline -0.008 -6"><span class='ocrx_word' id='word_1_160' title='bbox 178 1410 247 1441; x_wconf 89' lang='lat' dir='ltr'>aliis</span> <span class='ocrx_word' id='word_1_161' title='bbox 260 1410 451 1447; x_wconf 87' lang='lat' dir='ltr'>virtutibus,</span> <span class='ocrx_word' id='word_1_162' title='bbox 468 1410 512 1439; x_wconf 91' lang='lat' dir='ltr'>sic</span> <span class='ocrx_word' id='word_1_163' title='bbox 527 1409 664 1439; x_wconf 85' lang='lat' dir='ltr'>charitas</span> <span class='ocrx_word' id='word_1_164' title='bbox 683 1407 839 1438; x_wconf 83' lang='lat' dir='ltr'>desiderat</span> <span class='ocrx_word' id='word_1_165' title='bbox 853 1406 914 1436; x_wconf 86' lang='lat' dir='ltr'>sibi</span> <span class='ocrx_word' id='word_1_166' title='bbox 928 1408 958 1436; x_wconf 88' lang='lat' dir='ltr'>et</span> 
     </span>
     <span class='ocr_line' id='line_1_25' title="bbox 179 1459 958 1503; baseline -0.006 -9"><span class='ocrx_word' id='word_1_167' title='bbox 179 1463 258 1494; x_wconf 87' lang='lat' dir='ltr'>aliis.</span> <span class='ocrx_word' id='word_1_168' title='bbox 275 1462 314 1493; x_wconf 88' lang='lat' dir='ltr'>Et</span> <span class='ocrx_word' id='word_1_169' title='bbox 328 1463 483 1503; x_wconf 90' lang='lat' dir='ltr'>quoniam</span> <span class='ocrx_word' id='word_1_170' title='bbox 498 1462 647 1502; x_wconf 84' lang='lat' dir='ltr'>perfectio</span> <span class='ocrx_word' id='word_1_171' title='bbox 663 1460 817 1492; x_wconf 82' lang='lat' dir='ltr'>mercedis</span> <span class='ocrx_word' id='word_1_172' title='bbox 836 1459 958 1490; x_wconf 83' lang='lat' dir='ltr'>consis-</span> 
     </span>
     <span class='ocr_line' id='line_1_26' title="bbox 179 1513 952 1552; baseline -0.005 -5"><span class='ocrx_word' id='word_1_173' title='bbox 179 1517 216 1547; x_wconf 85' lang='lat' dir='ltr'>tit</span> <span class='ocrx_word' id='word_1_174' title='bbox 229 1517 263 1547; x_wconf 91' lang='lat' dir='ltr'>in</span> <span class='ocrx_word' id='word_1_175' title='bbox 277 1516 400 1548; x_wconf 89' lang='lat' dir='ltr'>visione</span> <span class='ocrx_word' id='word_1_176' title='bbox 415 1518 446 1546; x_wconf 88' lang='lat' dir='ltr'>et</span> <span class='ocrx_word' id='word_1_177' title='bbox 463 1516 614 1546; x_wconf 88' lang='lat' dir='ltr'>fruitione</span> <span class='ocrx_word' id='word_1_178' title='bbox 630 1515 699 1552; x_wconf 76' lang='lat' dir='ltr'>Dei,</span> <span class='ocrx_word' id='word_1_179' title='bbox 716 1514 792 1544; x_wconf 85' lang='lat' dir='ltr'>hinc</span> <span class='ocrx_word' id='word_1_180' title='bbox 807 1515 853 1544; x_wconf 87' lang='lat' dir='ltr'>est</span> <span class='ocrx_word' id='word_1_181' title='bbox 867 1513 952 1552; x_wconf 87' lang='lat' dir='ltr'>quod</span> 
     </span>
     <span class='ocr_line' id='line_1_27' title="bbox 179 1567 956 1609; baseline -0.004 -9"><span class='ocrx_word' id='word_1_182' title='bbox 179 1569 317 1600; x_wconf 82' lang='lat' dir='ltr'>charitas</span> <span class='ocrx_word' id='word_1_183' title='bbox 329 1569 487 1600; x_wconf 87' lang='lat' dir='ltr'>diffinitur</span> <span class='ocrx_word' id='word_1_184' title='bbox 502 1578 558 1609; x_wconf 88' lang='lat' dir='ltr'>per</span> <span class='ocrx_word' id='word_1_185' title='bbox 569 1568 761 1600; x_wconf 87' lang='lat' dir='ltr'>desiderium</span> <span class='ocrx_word' id='word_1_186' title='bbox 773 1567 956 1606; x_wconf 81' lang='lat' dir='ltr'>utriusque,</span> 
     </span>
     <span class='ocr_line' id='line_1_28' title="bbox 179 1621 959 1663; baseline -0.004 -9"><span class='ocrx_word' id='word_1_187' title='bbox 179 1632 245 1653; x_wconf 90' lang='lat' dir='ltr'>non</span> <span class='ocrx_word' id='word_1_188' title='bbox 261 1623 336 1663; x_wconf 87' lang='lat' dir='ltr'>quia</span> <span class='ocrx_word' id='word_1_189' title='bbox 351 1623 460 1654; x_wconf 88' lang='lat' dir='ltr'>videre</span> <span class='ocrx_word' id='word_1_190' title='bbox 476 1624 515 1653; x_wconf 95' lang='lat' dir='ltr'>sit</span> <span class='ocrx_word' id='word_1_191' title='bbox 527 1624 598 1662; x_wconf 83' lang='lat' dir='ltr'>ejus</span> <span class='ocrx_word' id='word_1_192' title='bbox 612 1622 779 1662; x_wconf 88' lang='lat' dir='ltr'>proprium</span> <span class='ocrx_word' id='word_1_193' title='bbox 791 1646 799 1660; x_wconf 80' lang='lat'>,</span> <span class='ocrx_word' id='word_1_194' title='bbox 815 1621 868 1652; x_wconf 93' lang='lat' dir='ltr'>sed</span> <span class='ocrx_word' id='word_1_195' title='bbox 883 1621 959 1660; x_wconf 88' lang='lat' dir='ltr'>quia</span> 
     </span>
     <span class='ocr_line' id='line_1_29' title="bbox 179 1674 958 1716; baseline -0.004 -9"><span class='ocrx_word' id='word_1_196' title='bbox 179 1676 373 1707; x_wconf 83' lang='lat' dir='ltr'>desiderium</span> <span class='ocrx_word' id='word_1_197' title='bbox 383 1677 520 1707; x_wconf 86' lang='lat' dir='ltr'>habendi</span> <span class='ocrx_word' id='word_1_198' title='bbox 533 1676 634 1707; x_wconf 89' lang='lat' dir='ltr'>Deum</span> <span class='ocrx_word' id='word_1_199' title='bbox 647 1678 693 1706; x_wconf 89' lang='lat' dir='ltr'>est</span> <span class='ocrx_word' id='word_1_200' title='bbox 705 1675 873 1716; x_wconf 87' lang='lat' dir='ltr'>proprium</span> <span class='ocrx_word' id='word_1_201' title='bbox 886 1674 958 1704; x_wconf 89' lang='lat' dir='ltr'>cha-</span> 
     </span>
     <span class='ocr_line' id='line_1_30' title="bbox 179 1728 959 1770; baseline -0.003 -10"><span class='ocrx_word' id='word_1_202' title='bbox 179 1730 290 1760; x_wconf 86' lang='lat' dir='ltr'>ritatis.</span> <span class='ocrx_word' id='word_1_203' title='bbox 309 1730 358 1761; x_wconf 87' lang='lat' dir='ltr'>Ad</span> <span class='ocrx_word' id='word_1_204' title='bbox 372 1730 451 1761; x_wconf 92' lang='lat' dir='ltr'>illud</span> <span class='ocrx_word' id='word_1_205' title='bbox 470 1730 556 1770; x_wconf 89' lang='lat' dir='ltr'>quod</span> <span class='ocrx_word' id='word_1_206' title='bbox 579 1729 730 1769; x_wconf 84' lang='lat' dir='ltr'>objicitur</span> <span class='ocrx_word' id='word_1_207' title='bbox 743 1753 750 1766; x_wconf 83' lang='lat'>‚</span> <span class='ocrx_word' id='word_1_208' title='bbox 766 1728 854 1769; x_wconf 82' lang='lat' dir='ltr'>quod</span> <span class='ocrx_word' id='word_1_209' title='bbox 876 1728 959 1759; x_wconf 87' lang='lat' dir='ltr'>desi-</span> 
     </span>
     <span class='ocr_line' id='line_1_31' title="bbox 179 1783 958 1822; baseline -0.004 -7"><span class='ocrx_word' id='word_1_210' title='bbox 179 1784 305 1815; x_wconf 89' lang='lat' dir='ltr'>derium</span> <span class='ocrx_word' id='word_1_211' title='bbox 320 1786 366 1814; x_wconf 87' lang='lat' dir='ltr'>est</span> <span class='ocrx_word' id='word_1_212' title='bbox 386 1784 433 1814; x_wconf 90' lang='lat' dir='ltr'>rei</span> <span class='ocrx_word' id='word_1_213' title='bbox 449 1783 605 1821; x_wconf 83' lang='lat' dir='ltr'>absentis,</span> <span class='ocrx_word' id='word_1_214' title='bbox 625 1785 655 1813; x_wconf 92' lang='lat' dir='ltr'>et</span> <span class='ocrx_word' id='word_1_215' title='bbox 671 1783 875 1822; x_wconf 81' lang='lat' dir='ltr'>imperfectus</span> <span class='ocrx_word' id='word_1_216' title='bbox 889 1791 958 1812; x_wconf 90' lang='lat' dir='ltr'>mo-</span> 
     </span>
     <span class='ocr_line' id='line_1_32' title="bbox 179 1836 959 1877; baseline -0.003 -9"><span class='ocrx_word' id='word_1_217' title='bbox 179 1840 246 1876; x_wconf 89' lang='lat' dir='ltr'>tus,</span> <span class='ocrx_word' id='word_1_218' title='bbox 268 1837 439 1868; x_wconf 86' lang='lat' dir='ltr'>dicendum</span> <span class='ocrx_word' id='word_1_219' title='bbox 463 1837 550 1877; x_wconf 88' lang='lat' dir='ltr'>quod</span> <span class='ocrx_word' id='word_1_220' title='bbox 573 1836 731 1867; x_wconf 81' lang='lat' dir='ltr'>diffinitur</span> <span class='ocrx_word' id='word_1_221' title='bbox 752 1836 796 1867; x_wconf 89' lang='lat' dir='ltr'>ibi</span> <span class='ocrx_word' id='word_1_222' title='bbox 821 1836 959 1867; x_wconf 81' lang='lat' dir='ltr'>charitas</span> 
     </span>
     <span class='ocr_line' id='line_1_33' title="bbox 181 1889 959 1931; baseline -0.004 -8"><span class='ocrx_word' id='word_1_223' title='bbox 181 1891 260 1929; x_wconf 85' lang='lat' dir='ltr'>viae,</span> <span class='ocrx_word' id='word_1_224' title='bbox 276 1900 350 1931; x_wconf 70' lang='lat' dir='ltr'>quae</span> <span class='ocrx_word' id='word_1_225' title='bbox 373 1891 469 1921; x_wconf 86' lang='lat' dir='ltr'>habet</span> <span class='ocrx_word' id='word_1_226' title='bbox 490 1899 598 1921; x_wconf 84' lang='lat' dir='ltr'>secum</span> <span class='ocrx_word' id='word_1_227' title='bbox 614 1899 775 1921; x_wconf 83' lang='lat' dir='ltr'>annexam</span> <span class='ocrx_word' id='word_1_228' title='bbox 789 1889 959 1930; x_wconf 83' lang='lat' dir='ltr'>imperfec-</span> 
     </span>
     <span class='ocr_line' id='line_1_34' title="bbox 180 1943 960 1983; baseline 0 -8"><span class='ocrx_word' id='word_1_229' title='bbox 180 1945 312 1976; x_wconf 87' lang='lat' dir='ltr'>tionem.</span> <span class='ocrx_word' id='word_1_230' title='bbox 326 1944 433 1975; x_wconf 85' lang='lat' dir='ltr'>Posset</span> <span class='ocrx_word' id='word_1_231' title='bbox 443 1944 538 1975; x_wconf 86' lang='lat' dir='ltr'>etiam</span> <span class='ocrx_word' id='word_1_232' title='bbox 553 1943 763 1974; x_wconf 88' lang='lat' dir='ltr'>nihilominus</span> <span class='ocrx_word' id='word_1_233' title='bbox 785 1943 858 1982; x_wconf 84' lang='lat' dir='ltr'>dici,</span> <span class='ocrx_word' id='word_1_234' title='bbox 874 1944 960 1983; x_wconf 88' lang='lat' dir='ltr'>quod</span> 
     </span>
     <span class='ocr_line' id='line_1_35' title="bbox 181 1996 960 2038; baseline -0.004 -8"><span class='ocrx_word' id='word_1_235' title='bbox 181 1998 393 2036; x_wconf 79' lang='lat' dir='ltr'>desiderium,</span> <span class='ocrx_word' id='word_1_236' title='bbox 411 1999 507 2038; x_wconf 89' lang='lat' dir='ltr'>prout</span> <span class='ocrx_word' id='word_1_237' title='bbox 526 1997 665 2028; x_wconf 84' lang='lat' dir='ltr'>excludit</span> <span class='ocrx_word' id='word_1_238' title='bbox 686 1996 848 2027; x_wconf 87' lang='lat' dir='ltr'>fastidium</span> <span class='ocrx_word' id='word_1_239' title='bbox 862 2021 870 2035; x_wconf 81' lang='grc'>,</span> <span class='ocrx_word' id='word_1_240' title='bbox 894 2006 960 2028; x_wconf 87' lang='lat' dir='ltr'>non</span> 
     </span>
     <span class='ocr_line' id='line_1_36' title="bbox 182 2052 957 2091; baseline -0.003 -7"><span class='ocrx_word' id='word_1_241' title='bbox 182 2053 383 2085; x_wconf 85' lang='lat' dir='ltr'>solummodo</span> <span class='ocrx_word' id='word_1_242' title='bbox 399 2055 445 2083; x_wconf 91' lang='lat' dir='ltr'>est</span> <span class='ocrx_word' id='word_1_243' title='bbox 460 2052 506 2082; x_wconf 89' lang='lat' dir='ltr'>rei</span> <span class='ocrx_word' id='word_1_244' title='bbox 520 2052 675 2090; x_wconf 82' lang='lat' dir='ltr'>absentis,</span> <span class='ocrx_word' id='word_1_245' title='bbox 691 2052 757 2082; x_wconf 91' lang='lat' dir='ltr'>imo</span> <span class='ocrx_word' id='word_1_246' title='bbox 772 2052 937 2091; x_wconf 73' lang='lat' dir='ltr'>praesentis</span> <span class='ocrx_word' id='word_1_247' title='bbox 950 2061 957 2090; x_wconf 89' lang='grc'>;</span> 
     </span>
     <span class='ocr_line' id='line_1_37' title="bbox 185 2105 959 2146; baseline -0.004 -8"><span class='ocrx_word' id='word_1_248' title='bbox 185 2109 217 2138; x_wconf 90' lang='lat' dir='ltr'>et</span> <span class='ocrx_word' id='word_1_249' title='bbox 239 2107 300 2138; x_wconf 88' lang='lat' dir='ltr'>hoc</span> <span class='ocrx_word' id='word_1_250' title='bbox 318 2106 413 2137; x_wconf 86' lang='lat' dir='ltr'>modo</span> <span class='ocrx_word' id='word_1_251' title='bbox 438 2106 529 2145; x_wconf 83' lang='lat' dir='ltr'>large</span> <span class='ocrx_word' id='word_1_252' title='bbox 553 2105 705 2146; x_wconf 78' lang='lat' dir='ltr'>accipitur</span> <span class='ocrx_word' id='word_1_253' title='bbox 729 2105 763 2136; x_wconf 87' lang='lat' dir='ltr'>in</span> <span class='ocrx_word' id='word_1_254' title='bbox 786 2105 959 2145; x_wconf 91' lang='lat' dir='ltr'>proposito.</span> 
     </span>
     <span class='ocr_line' id='line_1_38' title="bbox 184 2159 961 2200; baseline -0.001 -10"><span class='ocrx_word' id='word_1_255' title='bbox 184 2160 230 2191; x_wconf 90' lang='lat' dir='ltr'>Ad</span> <span class='ocrx_word' id='word_1_256' title='bbox 246 2160 324 2190; x_wconf 89' lang='lat' dir='ltr'>illud</span> <span class='ocrx_word' id='word_1_257' title='bbox 339 2159 425 2200; x_wconf 89' lang='lat' dir='ltr'>quod</span> <span class='ocrx_word' id='word_1_258' title='bbox 440 2159 590 2200; x_wconf 83' lang='lat' dir='ltr'>objicitur</span> <span class='ocrx_word' id='word_1_259' title='bbox 603 2162 713 2190; x_wconf 88' lang='lat' dir='ltr'>contra</span> <span class='ocrx_word' id='word_1_260' title='bbox 737 2159 961 2190; x_wconf 80' lang='lat' dir='ltr'>diffinitionem</span> 
     </span>
     <span class='ocr_line' id='line_1_39' title="bbox 184 2203 960 2253; baseline -0.001 -8"><span class='ocrx_word' id='word_1_261' title='bbox 184 2213 360 2253; x_wconf 74' lang='lat' dir='ltr'>Augustini</span> <span class='ocrx_word' id='word_1_262' title='bbox 384 2213 418 2243; x_wconf 79' lang='lat' dir='ltr'>in</span> <span class='ocrx_word' id='word_1_263' title='bbox 440 2213 522 2244; x_wconf 72' lang='lat' dir='ltr'>libro</span> <span class='ocrx_word' id='word_1_264' title='bbox 546 2213 585 2244; x_wconf 76' lang='lat' dir='ltr'>de</span> <span class='ocrx_word' id='word_1_265' title='bbox 608 2203 728 2245; x_wconf 69' lang='lat' dir='ltr'>Anima</span> <span class='ocrx_word' id='word_1_266' title='bbox 754 2216 784 2246; x_wconf 77' lang='lat' dir='ltr'>et</span> <span class='ocrx_word' id='word_1_267' title='bbox 806 2214 960 2253; x_wconf 72' lang='lat' dir='ltr'>Spiritu,</span> 
     </span>
     <span class='ocr_line' id='line_1_40' title="bbox 184 2266 961 2308; baseline -0.001 -10"><span class='ocrx_word' id='word_1_268' title='bbox 184 2267 272 2308; x_wconf 91' lang='lat' dir='ltr'>quod</span> <span class='ocrx_word' id='word_1_269' title='bbox 294 2266 431 2297; x_wconf 80' lang='lat' dir='ltr'>charitas</span> <span class='ocrx_word' id='word_1_270' title='bbox 448 2268 494 2297; x_wconf 85' lang='lat' dir='ltr'>est</span> <span class='ocrx_word' id='word_1_271' title='bbox 517 2267 583 2298; x_wconf 85' lang='lat' dir='ltr'>vita</span> <span class='ocrx_word' id='word_1_272' title='bbox 606 2267 774 2307; x_wconf 80' lang='lat' dir='ltr'>copulans,</span> <span class='ocrx_word' id='word_1_273' title='bbox 792 2267 961 2298; x_wconf 90' lang='lat' dir='ltr'>dicendum</span> 
     </span>
     <span class='ocr_line' id='line_1_41' title="bbox 185 2319 963 2362; baseline -0.001 -10"><span class='ocrx_word' id='word_1_274' title='bbox 185 2321 270 2362; x_wconf 91' lang='lat' dir='ltr'>quod</span> <span class='ocrx_word' id='word_1_275' title='bbox 293 2320 352 2351; x_wconf 89' lang='lat' dir='ltr'>etsi</span> <span class='ocrx_word' id='word_1_276' title='bbox 377 2319 526 2360; x_wconf 77' lang='lat' dir='ltr'>copulare</span> <span class='ocrx_word' id='word_1_277' title='bbox 553 2321 722 2351; x_wconf 87' lang='lat' dir='ltr'>conveniat</span> <span class='ocrx_word' id='word_1_278' title='bbox 747 2321 834 2352; x_wconf 89' lang='lat' dir='ltr'>omni</span> <span class='ocrx_word' id='word_1_279' title='bbox 860 2321 963 2352; x_wconf 87' lang='lat' dir='ltr'>amori</span> 
     </span>
     <span class='ocr_line' id='line_1_42' title="bbox 186 2375 964 2417; baseline -0.001 -9"><span class='ocrx_word' id='word_1_280' title='bbox 186 2377 327 2417; x_wconf 88' lang='lat' dir='ltr'>quodam</span> <span class='ocrx_word' id='word_1_281' title='bbox 351 2375 462 2414; x_wconf 84' lang='lat' dir='ltr'>modo,</span> <span class='ocrx_word' id='word_1_282' title='bbox 480 2377 588 2406; x_wconf 89' lang='lat' dir='ltr'>tamen</span> <span class='ocrx_word' id='word_1_283' title='bbox 607 2376 667 2407; x_wconf 90' lang='lat' dir='ltr'>hoc</span> <span class='ocrx_word' id='word_1_284' title='bbox 682 2378 797 2414; x_wconf 79' lang='lat' dir='ltr'>totum⁷</span> <span class='ocrx_word' id='word_1_285' title='bbox 815 2376 902 2416; x_wconf 89' lang='lat' dir='ltr'>quod</span> <span class='ocrx_word' id='word_1_286' title='bbox 917 2378 964 2407; x_wconf 87' lang='lat' dir='ltr'>est</span> 
     </span>
     <span class='ocr_line' id='line_1_43' title="bbox 186 2430 963 2471; baseline -0.001 -9"><span class='ocrx_word' id='word_1_287' title='bbox 186 2431 253 2462; x_wconf 85' lang='lat' dir='ltr'>vita</span> <span class='ocrx_word' id='word_1_288' title='bbox 267 2430 436 2471; x_wconf 82' lang='lat' dir='ltr'>copulans,</span> <span class='ocrx_word' id='word_1_289' title='bbox 455 2431 501 2460; x_wconf 89' lang='lat' dir='ltr'>est</span> <span class='ocrx_word' id='word_1_290' title='bbox 524 2430 692 2470; x_wconf 90' lang='lat' dir='ltr'>proprium</span> <span class='ocrx_word' id='word_1_291' title='bbox 708 2431 808 2471; x_wconf 90' lang='lat' dir='ltr'>ipsius</span> <span class='ocrx_word' id='word_1_292' title='bbox 823 2430 963 2461; x_wconf 85' lang='lat' dir='ltr'>charita-</span> 
     </span>
     <span class='ocr_line' id='line_1_44' title="bbox 187 2485 961 2527; baseline -0.001 -10"><span class='ocrx_word' id='word_1_293' title='bbox 187 2486 242 2524; x_wconf 84' lang='lat' dir='ltr'>tis,</span> <span class='ocrx_word' id='word_1_294' title='bbox 258 2486 335 2526; x_wconf 87' lang='lat' dir='ltr'>quia</span> <span class='ocrx_word' id='word_1_295' title='bbox 349 2485 459 2517; x_wconf 92' lang='lat' dir='ltr'>nullus</span> <span class='ocrx_word' id='word_1_296' title='bbox 481 2488 528 2516; x_wconf 90' lang='lat' dir='ltr'>est</span> <span class='ocrx_word' id='word_1_297' title='bbox 552 2495 642 2517; x_wconf 87' lang='lat' dir='ltr'>amor</span> <span class='ocrx_word' id='word_1_298' title='bbox 660 2487 715 2527; x_wconf 88' lang='lat' dir='ltr'>qui</span> <span class='ocrx_word' id='word_1_299' title='bbox 730 2487 871 2518; x_wconf 87' lang='lat' dir='ltr'>animam</span> <span class='ocrx_word' id='word_1_300' title='bbox 888 2495 961 2526; x_wconf 90' lang='lat' dir='ltr'>pro-</span> 
     </span>
     <span class='ocr_line' id='line_1_45' title="bbox 187 2539 961 2581; baseline -0.001 -10"><span class='ocrx_word' id='word_1_301' title='bbox 187 2540 256 2581; x_wconf 87' lang='lat' dir='ltr'>prie</span> <span class='ocrx_word' id='word_1_302' title='bbox 270 2539 386 2570; x_wconf 85' lang='lat' dir='ltr'>habeat</span> <span class='ocrx_word' id='word_1_303' title='bbox 398 2539 564 2571; x_wconf 87' lang='lat' dir='ltr'>vivificare</span> <span class='ocrx_word' id='word_1_304' title='bbox 574 2564 582 2578; x_wconf 94' lang='lat'>‚</span> <span class='ocrx_word' id='word_1_305' title='bbox 599 2540 663 2571; x_wconf 92' lang='lat' dir='ltr'>nisi</span> <span class='ocrx_word' id='word_1_306' title='bbox 677 2549 769 2572; x_wconf 86' lang='lat' dir='ltr'>amor</span> <span class='ocrx_word' id='word_1_307' title='bbox 782 2541 944 2581; x_wconf 85' lang='lat' dir='ltr'>gratuitus</span> <span class='ocrx_word' id='word_1_308' title='bbox 954 2564 961 2578; x_wconf 89' lang='lat'>,</span> 
     </span>
    </p>
   </div>
   <div class='ocr_carea' id='block_1_3' title="bbox 215 2607 964 2687">
    <p class='ocr_par' dir='ltr' id='par_1_3' title="bbox 215 2607 964 2687">
     <span class='ocr_line' id='line_1_46' title="bbox 215 2607 964 2641; baseline 0.001 -9"><span class='ocrx_word' id='word_1_309' title='bbox 215 2610 228 2635; x_wconf 76' lang='lat'>‚1</span> <span class='ocrx_word' id='word_1_310' title='bbox 252 2609 354 2638; x_wconf 80' lang='lat' dir='ltr'>Averr.,</span> <span class='ocrx_word' id='word_1_311' title='bbox 376 2607 406 2631; x_wconf 77' lang='lat' dir='ltr'>cle</span> <span class='ocrx_word' id='word_1_312' title='bbox 431 2608 524 2639; x_wconf 57' lang='lat' dir='ltr'>Arnim„</span> <span class='ocrx_word' id='word_1_313' title='bbox 546 2609 590 2633; x_wconf 84' lang='lat' dir='ltr'>lib.</span> <span class='ocrx_word' id='word_1_314' title='bbox 608 2610 644 2641; x_wconf 84' lang='lat'>11,</span> <span class='ocrx_word' id='word_1_315' title='bbox 660 2612 799 2635; x_wconf 84' lang='lat' dir='ltr'>comment.</span> <span class='ocrx_word' id='word_1_316' title='bbox 822 2611 861 2641; x_wconf 78' lang='lat'>¹33</span> <span class='ocrx_word' id='word_1_317' title='bbox 879 2609 964 2640; x_wconf 62' lang='lat' dir='ltr'>Arist„</span> 
     </span>
     <span class='ocr_line' id='line_1_47' title="bbox 222 2654 518 2687; baseline 0 -8"><span class='ocrx_word' id='word_1_318' title='bbox 222 2655 255 2687; x_wconf 76' lang='lat' dir='ltr'>(a)</span> <span class='ocrx_word' id='word_1_319' title='bbox 271 2655 332 2679; x_wconf 83' lang='lat' dir='ltr'>Coet.</span> <span class='ocrx_word' id='word_1_320' title='bbox 344 2654 404 2678; x_wconf 76' lang='lat' dir='ltr'>edit.</span> <span class='ocrx_word' id='word_1_321' title='bbox 418 2654 518 2679; x_wconf 74' lang='lat' dir='ltr'>dicitur.</span> 
     </span>
    </p>
   </div>
   <div class='ocr_carea' id='block_1_4' title="bbox 1722 165 1781 195">
    <p class='ocr_par' dir='ltr' id='par_1_4' title="bbox 1722 165 1781 195">
     <span class='ocr_line' id='line_1_48' title="bbox 1722 165 1781 195; baseline 0 -1"><span class='ocrx_word' id='word_1_322' title='bbox 1722 165 1781 195; x_wconf 82' lang='lat'>597</span> 
     </span>
    </p>
   </div>
   <div class='ocr_carea' id='block_1_5' title="bbox 1004 229 1794 1816">
    <p class='ocr_par' dir='ltr' id='par_1_5' title="bbox 1004 229 1794 1816">
     <span class='ocr_line' id='line_1_49' title="bbox 1004 229 1782 270; baseline 0 -9"><span class='ocrx_word' id='word_1_323' title='bbox 1004 230 1060 270; x_wconf 85' lang='lat' dir='ltr'>qui</span> <span class='ocrx_word' id='word_1_324' title='bbox 1076 230 1203 270; x_wconf 82' lang='lat' dir='ltr'>copulat·</span> <span class='ocrx_word' id='word_1_325' title='bbox 1224 239 1298 261; x_wconf 91' lang='lat' dir='ltr'>cum</span> <span class='ocrx_word' id='word_1_326' title='bbox 1314 229 1375 261; x_wconf 89' lang='lat' dir='ltr'>Deo</span> <span class='ocrx_word' id='word_1_327' title='bbox 1390 230 1493 270; x_wconf 85' lang='lat' dir='ltr'>ipsam</span> <span class='ocrx_word' id='word_1_328' title='bbox 1509 230 1660 260; x_wconf 86' lang='lat' dir='ltr'>animam.</span> <span class='ocrx_word' id='word_1_329' title='bbox 1678 230 1725 261; x_wconf 86' lang='lat' dir='ltr'>Ad</span> <span class='ocrx_word' id='word_1_330' title='bbox 1742 231 1782 261; x_wconf 93' lang='lat' dir='ltr'>il-</span> 
     </span>
     <span class='ocr_line' id='line_1_50' title="bbox 1004 283 1783 325; baseline -0.001 -10"><span class='ocrx_word' id='word_1_331' title='bbox 1004 284 1059 315; x_wconf 91' lang='lat' dir='ltr'>lud</span> <span class='ocrx_word' id='word_1_332' title='bbox 1081 285 1165 324; x_wconf 90' lang='lat' dir='ltr'>quod</span> <span class='ocrx_word' id='word_1_333' title='bbox 1187 285 1355 325; x_wconf 82' lang='lat' dir='ltr'>objicitur,</span> <span class='ocrx_word' id='word_1_334' title='bbox 1382 283 1467 324; x_wconf 90' lang='lat' dir='ltr'>quod</span> <span class='ocrx_word' id='word_1_335' title='bbox 1494 292 1560 313; x_wconf 90' lang='lat' dir='ltr'>non</span> <span class='ocrx_word' id='word_1_336' title='bbox 1581 286 1713 323; x_wconf 86' lang='lat' dir='ltr'>possunt</span> <span class='ocrx_word' id='word_1_337' title='bbox 1730 284 1783 314; x_wconf 87' lang='lat' dir='ltr'>illa</span> 
     </span>
     <span class='ocr_line' id='line_1_51' title="bbox 1005 337 1781 378; baseline 0 -10"><span class='ocrx_word' id='word_1_338' title='bbox 1005 338 1068 369; x_wconf 89' lang='lat' dir='ltr'>duo</span> <span class='ocrx_word' id='word_1_339' title='bbox 1082 340 1164 369; x_wconf 84' lang='lat' dir='ltr'>stare</span> <span class='ocrx_word' id='word_1_340' title='bbox 1175 362 1182 375; x_wconf 81' lang='grc'>,</span> <span class='ocrx_word' id='word_1_341' title='bbox 1202 339 1265 369; x_wconf 85' lang='lat' dir='ltr'>vita</span> <span class='ocrx_word' id='word_1_342' title='bbox 1279 340 1310 369; x_wconf 90' lang='lat' dir='ltr'>et</span> <span class='ocrx_word' id='word_1_343' title='bbox 1329 337 1442 378; x_wconf 88' lang='lat' dir='ltr'>copula</span> <span class='ocrx_word' id='word_1_344' title='bbox 1457 362 1465 376; x_wconf 81' lang='lat'>,</span> <span class='ocrx_word' id='word_1_345' title='bbox 1489 337 1659 368; x_wconf 88' lang='lat' dir='ltr'>dicendum</span> <span class='ocrx_word' id='word_1_346' title='bbox 1675 338 1759 376; x_wconf 87' lang='lat' dir='ltr'>quod</span> <span class='ocrx_word' id='word_1_347' title='bbox 1774 362 1781 375; x_wconf 90' lang='lat'>‚</span> 
     </span>
     <span class='ocr_line' id='line_1_52' title="bbox 1006 390 1784 432; baseline -0.003 -11"><span class='ocrx_word' id='word_1_348' title='bbox 1006 392 1155 431; x_wconf 84' lang='lat' dir='ltr'>quamvis</span> <span class='ocrx_word' id='word_1_349' title='bbox 1182 393 1266 430; x_wconf 79' lang='lat' dir='ltr'>vita,</span> <span class='ocrx_word' id='word_1_350' title='bbox 1291 394 1385 432; x_wconf 87' lang='lat' dir='ltr'>prout</span> <span class='ocrx_word' id='word_1_351' title='bbox 1403 393 1450 421; x_wconf 91' lang='lat' dir='ltr'>est</span> <span class='ocrx_word' id='word_1_352' title='bbox 1465 392 1554 421; x_wconf 84' lang='lat' dir='ltr'>actus</span> <span class='ocrx_word' id='word_1_353' title='bbox 1577 390 1721 430; x_wconf 87' lang='lat' dir='ltr'>primus,</span> <span class='ocrx_word' id='word_1_354' title='bbox 1745 390 1784 419; x_wconf 91' lang='lat' dir='ltr'>sit</span> 
     </span>
     <span class='ocr_line' id='line_1_53' title="bbox 1007 444 1784 484; baseline -0.003 -9"><span class='ocrx_word' id='word_1_355' title='bbox 1007 445 1155 484; x_wconf 84' lang='lat' dir='ltr'>perfectio</span> <span class='ocrx_word' id='word_1_356' title='bbox 1171 446 1315 476; x_wconf 85' lang='lat' dir='ltr'>absoluta</span> <span class='ocrx_word' id='word_1_357' title='bbox 1330 470 1338 483; x_wconf 72' lang='lat'>⁷</span> <span class='ocrx_word' id='word_1_358' title='bbox 1355 448 1461 475; x_wconf 85' lang='lat' dir='ltr'>tamen</span> <span class='ocrx_word' id='word_1_359' title='bbox 1472 469 1481 482; x_wconf 83' lang='grc'>,</span> <span class='ocrx_word' id='word_1_360' title='bbox 1504 446 1599 484; x_wconf 88' lang='lat' dir='ltr'>prout</span> <span class='ocrx_word' id='word_1_361' title='bbox 1623 446 1669 474; x_wconf 88' lang='lat' dir='ltr'>est</span> <span class='ocrx_word' id='word_1_362' title='bbox 1693 444 1784 473; x_wconf 88' lang='lat' dir='ltr'>actus</span> 
     </span>
     <span class='ocr_line' id='line_1_54' title="bbox 1007 498 1783 539; baseline -0.001 -11"><span class='ocrx_word' id='word_1_363' title='bbox 1007 499 1184 537; x_wconf 76' lang='lat' dir='ltr'>secundus,</span> <span class='ocrx_word' id='word_1_364' title='bbox 1212 499 1307 530; x_wconf 89' lang='lat' dir='ltr'>habet</span> <span class='ocrx_word' id='word_1_365' title='bbox 1330 501 1509 539; x_wconf 85' lang='lat' dir='ltr'>respectum</span> <span class='ocrx_word' id='word_1_366' title='bbox 1534 498 1573 528; x_wconf 91' lang='lat' dir='ltr'>ad</span> <span class='ocrx_word' id='word_1_367' title='bbox 1597 498 1759 537; x_wconf 81' lang='lat' dir='ltr'>obJ&#39;ectum</span> <span class='ocrx_word' id='word_1_368' title='bbox 1775 521 1783 535; x_wconf 77' lang='lat'>‚</span> 
     </span>
     <span class='ocr_line' id='line_1_55' title="bbox 1008 551 1783 592; baseline -0.001 -11"><span class='ocrx_word' id='word_1_369' title='bbox 1008 551 1088 582; x_wconf 85' lang='lat' dir='ltr'>sicut</span> <span class='ocrx_word' id='word_1_370' title='bbox 1103 554 1196 591; x_wconf 85' lang='lat' dir='ltr'>patet,</span> <span class='ocrx_word' id='word_1_371' title='bbox 1218 553 1304 592; x_wconf 74' lang='lat' dir='ltr'>quia,</span> <span class='ocrx_word' id='word_1_372' title='bbox 1325 552 1501 583; x_wconf 84' lang='lat' dir='ltr'>secundum</span> <span class='ocrx_word' id='word_1_373' title='bbox 1515 551 1746 591; x_wconf 89' lang='lat' dir='ltr'>Philosophum</span> <span class='ocrx_word' id='word_1_374' title='bbox 1760 554 1783 586; x_wconf 75' lang='lat'>¹,</span> 
     </span>
     <span class='ocr_line' id='line_1_56' title="bbox 1009 604 1786 645; baseline -0.001 -10"><span class='ocrx_word' id='word_1_375' title='bbox 1009 605 1159 635; x_wconf 87' lang='lat' dir='ltr'>alimento</span> <span class='ocrx_word' id='word_1_376' title='bbox 1173 606 1236 643; x_wconf 87' lang='lat' dir='ltr'>uti,</span> <span class='ocrx_word' id='word_1_377' title='bbox 1252 608 1282 636; x_wconf 90' lang='lat' dir='ltr'>et</span> <span class='ocrx_word' id='word_1_378' title='bbox 1296 606 1485 645; x_wconf 83' lang='lat' dir='ltr'>intelligere,</span> <span class='ocrx_word' id='word_1_379' title='bbox 1504 607 1578 635; x_wconf 89' lang='lat' dir='ltr'>sunt</span> <span class='ocrx_word' id='word_1_380' title='bbox 1598 604 1786 635; x_wconf 81' lang='lat' dir='ltr'>differentiae</span> 
     </span>
     <span class='ocr_line' id='line_1_57' title="bbox 1009 658 1784 698; baseline 0 -10"><span class='ocrx_word' id='word_1_381' title='bbox 1009 659 1096 698; x_wconf 86' lang='lat' dir='ltr'>ejus,</span> <span class='ocrx_word' id='word_1_382' title='bbox 1113 659 1197 698; x_wconf 90' lang='lat' dir='ltr'>quod</span> <span class='ocrx_word' id='word_1_383' title='bbox 1213 661 1259 689; x_wconf 84' lang='lat' dir='ltr'>est</span> <span class='ocrx_word' id='word_1_384' title='bbox 1280 659 1410 696; x_wconf 88' lang='lat' dir='ltr'>vivere;</span> <span class='ocrx_word' id='word_1_385' title='bbox 1427 661 1457 689; x_wconf 93' lang='lat' dir='ltr'>et</span> <span class='ocrx_word' id='word_1_386' title='bbox 1474 659 1611 688; x_wconf 88' lang='lat' dir='ltr'>charitas</span> <span class='ocrx_word' id='word_1_387' title='bbox 1631 660 1677 688; x_wconf 87' lang='lat' dir='ltr'>est</span> <span class='ocrx_word' id='word_1_388' title='bbox 1699 658 1764 688; x_wconf 88' lang='lat' dir='ltr'>vita</span> <span class='ocrx_word' id='word_1_389' title='bbox 1776 682 1784 696; x_wconf 82' lang='lat'>‚</span> 
     </span>
     <span class='ocr_line' id='line_1_58' title="bbox 1010 711 1787 752; baseline -0.001 -10"><span class='ocrx_word' id='word_1_390' title='bbox 1010 714 1040 742; x_wconf 90' lang='lat' dir='ltr'>et</span> <span class='ocrx_word' id='word_1_391' title='bbox 1063 712 1239 743; x_wconf 86' lang='lat' dir='ltr'>secundum</span> <span class='ocrx_word' id='word_1_392' title='bbox 1266 712 1351 752; x_wconf 85' lang='lat' dir='ltr'>quod</span> <span class='ocrx_word' id='word_1_393' title='bbox 1373 714 1420 742; x_wconf 86' lang='lat' dir='ltr'>est</span> <span class='ocrx_word' id='word_1_394' title='bbox 1442 712 1508 742; x_wconf 89' lang='lat' dir='ltr'>vita</span> <span class='ocrx_word' id='word_1_395' title='bbox 1528 736 1536 749; x_wconf 82' lang='lat'>,</span> <span class='ocrx_word' id='word_1_396' title='bbox 1561 711 1676 741; x_wconf 84' lang='lat' dir='ltr'>dicitur</span> <span class='ocrx_word' id='word_1_397' title='bbox 1699 713 1787 741; x_wconf 85' lang='lat' dir='ltr'>actus</span> 
     </span>
     <span class='ocr_line' id='line_1_59' title="bbox 1011 765 1786 805; baseline -0.001 -10"><span class='ocrx_word' id='word_1_398' title='bbox 1011 765 1170 796; x_wconf 82' lang='lat' dir='ltr'>secundus</span> <span class='ocrx_word' id='word_1_399' title='bbox 1181 790 1190 803; x_wconf 80' lang='grc'>,</span> <span class='ocrx_word' id='word_1_400' title='bbox 1217 767 1253 796; x_wconf 89' lang='lat' dir='ltr'>ut</span> <span class='ocrx_word' id='word_1_401' title='bbox 1280 765 1314 795; x_wconf 90' lang='lat' dir='ltr'>in</span> <span class='ocrx_word' id='word_1_402' title='bbox 1341 765 1596 805; x_wconf 73' lang='lat' dir='ltr'>praecedentibus</span> <span class='ocrx_word' id='word_1_403' title='bbox 1623 767 1786 795; x_wconf 87' lang='lat' dir='ltr'>ostensum</span> 
     </span>
     <span class='ocr_line' id='line_1_60' title="bbox 1010 818 1788 859; baseline -0.001 -10"><span class='ocrx_word' id='word_1_404' title='bbox 1010 819 1082 849; x_wconf 86' lang='lat' dir='ltr'>suit.</span> <span class='ocrx_word' id='word_1_405' title='bbox 1100 819 1146 849; x_wconf 79' lang='lat' dir='ltr'>Ad</span> <span class='ocrx_word' id='word_1_406' title='bbox 1163 819 1243 849; x_wconf 91' lang='lat' dir='ltr'>illud</span> <span class='ocrx_word' id='word_1_407' title='bbox 1259 819 1343 859; x_wconf 89' lang='lat' dir='ltr'>quod</span> <span class='ocrx_word' id='word_1_408' title='bbox 1356 819 1505 859; x_wconf 82' lang='lat' dir='ltr'>objicitur</span> <span class='ocrx_word' id='word_1_409' title='bbox 1520 819 1558 849; x_wconf 87' lang='lat' dir='ltr'>de</span> <span class='ocrx_word' id='word_1_410' title='bbox 1572 818 1788 849; x_wconf 86' lang='lat' dir='ltr'>notificatione</span> 
     </span>
     <span class='ocr_line' id='line_1_61' title="bbox 1011 872 1789 913; baseline -0.001 -10"><span class='ocrx_word' id='word_1_411' title='bbox 1011 873 1174 913; x_wconf 85' lang='lat' dir='ltr'>Apostoli,</span> <span class='ocrx_word' id='word_1_412' title='bbox 1190 873 1274 913; x_wconf 84' lang='lat' dir='ltr'>quod</span> <span class='ocrx_word' id='word_1_413' title='bbox 1289 883 1353 904; x_wconf 88' lang='lat' dir='ltr'>non</span> <span class='ocrx_word' id='word_1_414' title='bbox 1373 873 1463 904; x_wconf 89' lang='lat' dir='ltr'>debet</span> <span class='ocrx_word' id='word_1_415' title='bbox 1480 873 1540 904; x_wconf 90' lang='lat' dir='ltr'>dici</span> <span class='ocrx_word' id='word_1_416' title='bbox 1555 873 1638 909; x_wconf 84' lang='lat' dir='ltr'>finis,</span> <span class='ocrx_word' id='word_1_417' title='bbox 1656 882 1730 903; x_wconf 92' lang='lat' dir='ltr'>cum</span> <span class='ocrx_word' id='word_1_418' title='bbox 1749 872 1789 903; x_wconf 87' lang='lat' dir='ltr'>sit</span> 
     </span>
     <span class='ocr_line' id='line_1_62' title="bbox 1012 925 1789 967; baseline -0.003 -10"><span class='ocrx_word' id='word_1_419' title='bbox 1012 927 1219 967; x_wconf 83' lang='lat' dir='ltr'>principium,</span> <span class='ocrx_word' id='word_1_420' title='bbox 1233 927 1404 958; x_wconf 88' lang='lat' dir='ltr'>dicendum</span> <span class='ocrx_word' id='word_1_421' title='bbox 1420 926 1516 966; x_wconf 75' lang='lat' dir='ltr'>quod,</span> <span class='ocrx_word' id='word_1_422' title='bbox 1534 935 1608 957; x_wconf 90' lang='lat' dir='ltr'>cum</span> <span class='ocrx_word' id='word_1_423' title='bbox 1623 925 1704 956; x_wconf 86' lang='lat' dir='ltr'>nihil</span> <span class='ocrx_word' id='word_1_424' title='bbox 1717 934 1789 966; x_wconf 85' lang='lat' dir='ltr'>pro-</span> 
     </span>
     <span class='ocr_line' id='line_1_63' title="bbox 1012 979 1790 1017; baseline -0.001 -7"><span class='ocrx_word' id='word_1_425' title='bbox 1012 981 1119 1011; x_wconf 88' lang='lat' dir='ltr'>hibeat</span> <span class='ocrx_word' id='word_1_426' title='bbox 1135 982 1198 1011; x_wconf 88' lang='lat' dir='ltr'>tres</span> <span class='ocrx_word' id='word_1_427' title='bbox 1212 989 1323 1012; x_wconf 82' lang='lat' dir='ltr'>causas</span> <span class='ocrx_word' id='word_1_428' title='bbox 1338 980 1513 1011; x_wconf 85' lang='lat' dir='ltr'>coincidere</span> <span class='ocrx_word' id='word_1_429' title='bbox 1528 979 1562 1010; x_wconf 91' lang='lat' dir='ltr'>in</span> <span class='ocrx_word' id='word_1_430' title='bbox 1576 988 1692 1017; x_wconf 90' lang='lat' dir='ltr'>unum,</span> <span class='ocrx_word' id='word_1_431' title='bbox 1709 980 1790 1009; x_wconf 89' lang='lat' dir='ltr'>sicut</span> 
     </span>
     <span class='ocr_line' id='line_1_64' title="bbox 1013 1033 1791 1074; baseline -0.003 -9"><span class='ocrx_word' id='word_1_432' title='bbox 1013 1037 1097 1074; x_wconf 80' lang='lat' dir='ltr'>patet</span> <span class='ocrx_word' id='word_1_433' title='bbox 1112 1034 1145 1064; x_wconf 91' lang='lat' dir='ltr'>in</span> <span class='ocrx_word' id='word_1_434' title='bbox 1163 1034 1224 1065; x_wconf 90' lang='lat' dir='ltr'>Deo</span> <span class='ocrx_word' id='word_1_435' title='bbox 1243 1036 1389 1074; x_wconf 87' lang='lat' dir='ltr'>respectu</span> <span class='ocrx_word' id='word_1_436' title='bbox 1404 1036 1557 1064; x_wconf 86' lang='lat' dir='ltr'>creaturae</span> <span class='ocrx_word' id='word_1_437' title='bbox 1570 1057 1578 1070; x_wconf 82' lang='lat'>,</span> <span class='ocrx_word' id='word_1_438' title='bbox 1595 1033 1724 1064; x_wconf 89' lang='lat' dir='ltr'>nullum</span> <span class='ocrx_word' id='word_1_439' title='bbox 1744 1033 1791 1063; x_wconf 84' lang='lat' dir='ltr'>est</span> 
     </span>
     <span class='ocr_line' id='line_1_65' title="bbox 1013 1086 1788 1124; baseline -0.004 -5"><span class='ocrx_word' id='word_1_440' title='bbox 1013 1088 1242 1119; x_wconf 83' lang='lat' dir='ltr'>inconveniens</span> <span class='ocrx_word' id='word_1_441' title='bbox 1253 1087 1438 1117; x_wconf 86' lang='lat' dir='ltr'>charitatem</span> <span class='ocrx_word' id='word_1_442' title='bbox 1448 1086 1545 1117; x_wconf 85' lang='lat' dir='ltr'>simul</span> <span class='ocrx_word' id='word_1_443' title='bbox 1557 1095 1624 1117; x_wconf 85' lang='lat' dir='ltr'>esse</span> <span class='ocrx_word' id='word_1_444' title='bbox 1635 1086 1788 1124; x_wconf 89' lang='lat' dir='ltr'>radicem,</span> 
     </span>
     <span class='ocr_line' id='line_1_66' title="bbox 1013 1140 1791 1180; baseline -0.004 -7"><span class='ocrx_word' id='word_1_445' title='bbox 1013 1143 1149 1173; x_wconf 85' lang='lat' dir='ltr'>formam</span> <span class='ocrx_word' id='word_1_446' title='bbox 1165 1143 1195 1172; x_wconf 91' lang='lat' dir='ltr'>et</span> <span class='ocrx_word' id='word_1_447' title='bbox 1209 1142 1307 1171; x_wconf 86' lang='lat' dir='ltr'>finem</span> <span class='ocrx_word' id='word_1_448' title='bbox 1323 1140 1500 1171; x_wconf 87' lang='lat' dir='ltr'>secundum</span> <span class='ocrx_word' id='word_1_449' title='bbox 1517 1140 1791 1180; x_wconf 86' lang='lat' dir='ltr'>comparationem</span> 
     </span>
     <span class='ocr_line' id='line_1_67' title="bbox 1014 1192 1790 1236; baseline -0.005 -10"><span class='ocrx_word' id='word_1_450' title='bbox 1014 1196 1146 1236; x_wconf 85' lang='lat' dir='ltr'>triplicis</span> <span class='ocrx_word' id='word_1_451' title='bbox 1160 1203 1264 1226; x_wconf 63' lang='lat' dir='ltr'>causae</span> <span class='ocrx_word' id='word_1_452' title='bbox 1274 1218 1282 1232; x_wconf 88' lang='lat'>,</span> <span class='ocrx_word' id='word_1_453' title='bbox 1299 1202 1374 1224; x_wconf 91' lang='lat' dir='ltr'>cum</span> <span class='ocrx_word' id='word_1_454' title='bbox 1389 1202 1446 1223; x_wconf 90' lang='lat' dir='ltr'>nos</span> <span class='ocrx_word' id='word_1_455' title='bbox 1460 1193 1596 1233; x_wconf 83' lang='lat' dir='ltr'>perfecte</span> <span class='ocrx_word' id='word_1_456' title='bbox 1620 1192 1712 1223; x_wconf 80' lang='lat' dir='ltr'>faciat</span> <span class='ocrx_word' id='word_1_457' title='bbox 1727 1192 1790 1223; x_wconf 92' lang='lat' dir='ltr'>Deo</span> 
     </span>
     <span class='ocr_line' id='line_1_68' title="bbox 1014 1245 1790 1286; baseline -0.004 -7"><span class='ocrx_word' id='word_1_458' title='bbox 1014 1250 1209 1285; x_wconf 70' lang='lat' dir='ltr'>conformes,</span> <span class='ocrx_word' id='word_1_459' title='bbox 1229 1247 1405 1278; x_wconf 87' lang='lat' dir='ltr'>secundum</span> <span class='ocrx_word' id='word_1_460' title='bbox 1421 1246 1507 1286; x_wconf 88' lang='lat' dir='ltr'>quod</span> <span class='ocrx_word' id='word_1_461' title='bbox 1529 1246 1676 1286; x_wconf 85' lang='lat' dir='ltr'>superius</span> <span class='ocrx_word' id='word_1_462' title='bbox 1696 1245 1790 1276; x_wconf 87' lang='lat' dir='ltr'>habi-</span> 
     </span>
     <span class='ocr_line' id='line_1_69' title="bbox 1013 1299 1790 1339; baseline -0.005 -6"><span class='ocrx_word' id='word_1_463' title='bbox 1013 1304 1085 1333; x_wconf 92' lang='lat' dir='ltr'>tum</span> <span class='ocrx_word' id='word_1_464' title='bbox 1108 1304 1165 1332; x_wconf 89' lang='lat' dir='ltr'>est.</span> <span class='ocrx_word' id='word_1_465' title='bbox 1189 1301 1237 1332; x_wconf 88' lang='lat' dir='ltr'>Ad</span> <span class='ocrx_word' id='word_1_466' title='bbox 1260 1300 1338 1330; x_wconf 92' lang='lat' dir='ltr'>illud</span> <span class='ocrx_word' id='word_1_467' title='bbox 1361 1299 1446 1339; x_wconf 90' lang='lat' dir='ltr'>quod</span> <span class='ocrx_word' id='word_1_468' title='bbox 1470 1299 1619 1339; x_wconf 83' lang='lat' dir='ltr'>objicitur</span> <span class='ocrx_word' id='word_1_469' title='bbox 1642 1299 1680 1330; x_wconf 86' lang='lat' dir='ltr'>de</span> <span class='ocrx_word' id='word_1_470' title='bbox 1701 1299 1790 1330; x_wconf 86' lang='lat' dir='ltr'>suffi-</span> 
     </span>
     <span class='ocr_line' id='line_1_70' title="bbox 1014 1352 1791 1393; baseline -0.004 -7"><span class='ocrx_word' id='word_1_471' title='bbox 1014 1355 1139 1393; x_wconf 87' lang='lat' dir='ltr'>cientia⁷</span> <span class='ocrx_word' id='word_1_472' title='bbox 1156 1356 1186 1385; x_wconf 86' lang='lat' dir='ltr'>et</span> <span class='ocrx_word' id='word_1_473' title='bbox 1202 1362 1348 1391; x_wconf 79' lang='lat' dir='ltr'>numero,</span> <span class='ocrx_word' id='word_1_474' title='bbox 1365 1354 1396 1383; x_wconf 85' lang='lat' dir='ltr'>et</span> <span class='ocrx_word' id='word_1_475' title='bbox 1411 1352 1521 1383; x_wconf 76' lang='lat' dir='ltr'>ordme</span> <span class='ocrx_word' id='word_1_476' title='bbox 1532 1377 1540 1390; x_wconf 93' lang='lat'>‚</span> <span class='ocrx_word' id='word_1_477' title='bbox 1557 1355 1587 1383; x_wconf 88' lang='lat' dir='ltr'>et</span> <span class='ocrx_word' id='word_1_478' title='bbox 1602 1353 1791 1393; x_wconf 83' lang='lat' dir='ltr'>appropria-</span> 
     </span>
     <span class='ocr_line' id='line_1_71' title="bbox 1015 1406 1789 1447; baseline -0.003 -7"><span class='ocrx_word' id='word_1_479' title='bbox 1015 1410 1100 1440; x_wconf 91' lang='lat' dir='ltr'>tione</span> <span class='ocrx_word' id='word_1_480' title='bbox 1127 1408 1256 1438; x_wconf 85' lang='lat' dir='ltr'>illarum</span> <span class='ocrx_word' id='word_1_481' title='bbox 1286 1406 1504 1437; x_wconf 80' lang='lat' dir='ltr'>conditionum</span> <span class='ocrx_word' id='word_1_482' title='bbox 1531 1415 1604 1446; x_wconf 81' lang='lat' dir='ltr'>quae</span> <span class='ocrx_word' id='word_1_483' title='bbox 1636 1407 1789 1447; x_wconf 87' lang='lat' dir='ltr'>superad-</span> 
     </span>
     <span class='ocr_line' id='line_1_72' title="bbox 1015 1460 1792 1501; baseline -0.005 -7"><span class='ocrx_word' id='word_1_484' title='bbox 1015 1464 1158 1500; x_wconf 82' lang='lat' dir='ltr'>duntur,</span> <span class='ocrx_word' id='word_1_485' title='bbox 1180 1462 1255 1492; x_wconf 84' lang='lat' dir='ltr'>satis</span> <span class='ocrx_word' id='word_1_486' title='bbox 1279 1462 1364 1501; x_wconf 77' lang='lat' dir='ltr'>patet</span> <span class='ocrx_word' id='word_1_487' title='bbox 1387 1460 1552 1499; x_wconf 88' lang='lat' dir='ltr'>responsio</span> <span class='ocrx_word' id='word_1_488' title='bbox 1576 1469 1616 1491; x_wconf 77' lang='lat' dir='ltr'>ex</span> <span class='ocrx_word' id='word_1_489' title='bbox 1638 1461 1792 1501; x_wconf 80' lang='lat' dir='ltr'>explana-</span> 
     </span>
     <span class='ocr_line' id='line_1_73' title="bbox 1015 1513 1791 1556; baseline -0.004 -9"><span class='ocrx_word' id='word_1_490' title='bbox 1015 1517 1102 1547; x_wconf 92' lang='lat' dir='ltr'>tione</span> <span class='ocrx_word' id='word_1_491' title='bbox 1123 1516 1223 1556; x_wconf 87' lang='lat' dir='ltr'>ipsius</span> <span class='ocrx_word' id='word_1_492' title='bbox 1247 1513 1447 1545; x_wconf 82' lang='lat' dir='ltr'>diffinitionis</span> <span class='ocrx_word' id='word_1_493' title='bbox 1461 1538 1468 1551; x_wconf 82' lang='lat'><strong>‚</strong></span> <span class='ocrx_word' id='word_1_494' title='bbox 1483 1516 1514 1544; x_wconf 86' lang='lat' dir='ltr'>et</span> <span class='ocrx_word' id='word_1_495' title='bbox 1535 1523 1576 1544; x_wconf 81' lang='lat' dir='ltr'>ex</span> <span class='ocrx_word' id='word_1_496' title='bbox 1598 1513 1649 1544; x_wconf 88' lang='lat' dir='ltr'>his</span> <span class='ocrx_word' id='word_1_497' title='bbox 1669 1523 1742 1554; x_wconf 81' lang='lat' dir='ltr'>quae</span> <span class='ocrx_word' id='word_1_498' title='bbox 1757 1514 1791 1544; x_wconf 89' lang='lat' dir='ltr'>in</span> 
     </span>
     <span class='ocr_line' id='line_1_74' title="bbox 1015 1567 1791 1605; baseline -0.005 -4"><span class='ocrx_word' id='word_1_499' title='bbox 1015 1570 1154 1601; x_wconf 81' lang='lat' dir='ltr'>secundo</span> <span class='ocrx_word' id='word_1_500' title='bbox 1166 1569 1248 1599; x_wconf 82' lang='lat' dir='ltr'>libro</span> <span class='ocrx_word' id='word_1_501' title='bbox 1265 1567 1473 1598; x_wconf 86' lang='lat' dir='ltr'>determinata</span> <span class='ocrx_word' id='word_1_502' title='bbox 1488 1569 1574 1605; x_wconf 83' lang='lat' dir='ltr'>sunt,</span> <span class='ocrx_word' id='word_1_503' title='bbox 1589 1567 1791 1598; x_wconf 85' lang='lat' dir='ltr'>distinctione</span> 
     </span>
     <span class='ocr_line' id='line_1_75' title="bbox 1015 1622 1793 1663; baseline -0.005 -7"><span class='ocrx_word' id='word_1_504' title='bbox 1015 1634 1160 1662; x_wconf 73' lang='lat' dir='ltr'>xxxvm,</span> <span class='ocrx_word' id='word_1_505' title='bbox 1177 1631 1250 1663; x_wconf 83' lang='lat' dir='ltr'>quae</span> <span class='ocrx_word' id='word_1_506' title='bbox 1266 1630 1331 1652; x_wconf 89' lang='lat' dir='ltr'>non</span> <span class='ocrx_word' id='word_1_507' title='bbox 1347 1623 1470 1661; x_wconf 85' lang='lat' dir='ltr'>oportet</span> <span class='ocrx_word' id='word_1_508' title='bbox 1490 1622 1528 1652; x_wconf 86' lang='lat' dir='ltr'>ad</span> <span class='ocrx_word' id='word_1_509' title='bbox 1545 1630 1685 1661; x_wconf 78' lang='lat' dir='ltr'>praesens</span> <span class='ocrx_word' id='word_1_510' title='bbox 1697 1631 1793 1661; x_wconf 89' lang='lat' dir='ltr'>repe-</span> 
     </span>
     <span class='ocr_line' id='line_1_76' title="bbox 1017 1675 1791 1715; baseline -0.005 -6"><span class='ocrx_word' id='word_1_511' title='bbox 1017 1681 1092 1710; x_wconf 88' lang='lat' dir='ltr'>tere.</span> <span class='ocrx_word' id='word_1_512' title='bbox 1110 1678 1147 1708; x_wconf 89' lang='lat' dir='ltr'>Et</span> <span class='ocrx_word' id='word_1_513' title='bbox 1166 1678 1238 1708; x_wconf 84' lang='lat' dir='ltr'>ideo</span> <span class='ocrx_word' id='word_1_514' title='bbox 1253 1676 1292 1707; x_wconf 90' lang='lat' dir='ltr'>de</span> <span class='ocrx_word' id='word_1_515' title='bbox 1314 1675 1367 1706; x_wconf 88' lang='lat' dir='ltr'>illa</span> <span class='ocrx_word' id='word_1_516' title='bbox 1389 1675 1605 1706; x_wconf 86' lang='lat' dir='ltr'>notificatione</span> <span class='ocrx_word' id='word_1_517' title='bbox 1626 1675 1791 1715; x_wconf 83' lang='lat' dir='ltr'>Apostoli,</span> 
     </span>
     <span class='ocr_line' id='line_1_77' title="bbox 1015 1728 1794 1769; baseline -0.006 -6"><span class='ocrx_word' id='word_1_518' title='bbox 1015 1734 1046 1763; x_wconf 87' lang='lat' dir='ltr'>et</span> <span class='ocrx_word' id='word_1_519' title='bbox 1069 1732 1106 1762; x_wconf 89' lang='lat' dir='ltr'>de</span> <span class='ocrx_word' id='word_1_520' title='bbox 1121 1730 1205 1769; x_wconf 85' lang='lat' dir='ltr'>aliis,</span> <span class='ocrx_word' id='word_1_521' title='bbox 1221 1729 1357 1761; x_wconf 79' lang='lat' dir='ltr'>sufficiat</span> <span class='ocrx_word' id='word_1_522' title='bbox 1377 1728 1416 1759; x_wconf 88' lang='lat' dir='ltr'>ad</span> <span class='ocrx_word' id='word_1_523' title='bbox 1436 1737 1577 1768; x_wconf 83' lang='lat' dir='ltr'>praesens</span> <span class='ocrx_word' id='word_1_524' title='bbox 1600 1730 1726 1760; x_wconf 85' lang='lat' dir='ltr'>tantum</span> <span class='ocrx_word' id='word_1_525' title='bbox 1742 1728 1794 1759; x_wconf 90' lang='lat' dir='ltr'>di-</span> 
     </span>
     <span class='ocr_line' id='line_1_78' title="bbox 1015 1795 1110 1816; baseline 0 0"><span class='ocrx_word' id='word_1_526' title='bbox 1015 1795 1110 1816; x_wconf 67' lang='lat' dir='ltr'>insse.</span> 
     </span>
    </p>
   </div>
   <div class='ocr_carea' id='block_1_6' title="bbox 1337 1856 1464 1878">
    <p class='ocr_par' dir='ltr' id='par_1_6' title="bbox 1337 1856 1464 1878">
     <span class='ocr_line' id='line_1_79' title="bbox 1337 1856 1464 1878; baseline -0.008 0"><span class='ocrx_word' id='word_1_527' title='bbox 1337 1856 1406 1878; x_wconf 86' lang='lat' dir='ltr'><strong>DUB.</strong></span> <span class='ocrx_word' id='word_1_528' title='bbox 1430 1856 1464 1877; x_wconf 91' lang='lat'>11.</span> 
     </span>
    </p>
   </div>
   <div class='ocr_carea' id='block_1_7' title="bbox 1161 1918 1648 1952">
    <p class='ocr_par' dir='ltr' id='par_1_7' title="bbox 1161 1918 1648 1952">
     <span class='ocr_line' id='line_1_80' title="bbox 1161 1918 1648 1952; baseline -0.008 -7"><span class='ocrx_word' id='word_1_529' title='bbox 1161 1923 1209 1945; x_wconf 84' lang='lat' dir='ltr'>Pro</span> <span class='ocrx_word' id='word_1_530' title='bbox 1224 1927 1275 1952; x_wconf 87' lang='lat' dir='ltr'>quo</span> <span class='ocrx_word' id='word_1_531' title='bbox 1290 1919 1367 1944; x_wconf 81' lang='lat' dir='ltr'>etiam</span> <span class='ocrx_word' id='word_1_532' title='bbox 1382 1919 1432 1943; x_wconf 91' lang='lat' dir='ltr'>duo</span> <span class='ocrx_word' id='word_1_533' title='bbox 1448 1919 1507 1942; x_wconf 84' lang='lat' dir='ltr'>sunt</span> <span class='ocrx_word' id='word_1_534' title='bbox 1520 1918 1648 1942; x_wconf 81' lang='lat' dir='ltr'>mandata.</span> 
     </span>
    </p>
   </div>
   <div class='ocr_carea' id='block_1_8' title="bbox 1017 1994 1797 2573">
    <p class='ocr_par' dir='ltr' id='par_1_8' title="bbox 1017 1994 1797 2573">
     <span class='ocr_line' id='line_1_81' title="bbox 1057 1994 1797 2035; baseline -0.008 -5"><span class='ocrx_word' id='word_1_535' title='bbox 1057 1999 1171 2031; x_wconf 85' lang='lat' dir='ltr'>Contra</span> <span class='ocrx_word' id='word_1_536' title='bbox 1187 2009 1193 2028; x_wconf 89' lang='lat'>:</span> <span class='ocrx_word' id='word_1_537' title='bbox 1211 1996 1337 2027; x_wconf 88' lang='lat' dir='ltr'>videtur</span> <span class='ocrx_word' id='word_1_538' title='bbox 1347 1995 1432 2035; x_wconf 85' lang='lat' dir='ltr'>quod</span> <span class='ocrx_word' id='word_1_539' title='bbox 1447 2004 1551 2026; x_wconf 93' lang='lat' dir='ltr'>unum</span> <span class='ocrx_word' id='word_1_540' title='bbox 1565 1994 1671 2025; x_wconf 87' lang='lat' dir='ltr'>solum</span> <span class='ocrx_word' id='word_1_541' title='bbox 1684 1994 1797 2025; x_wconf 87' lang='lat' dir='ltr'>debeat</span> 
     </span>
     <span class='ocr_line' id='line_1_82' title="bbox 1017 2048 1792 2089; baseline -0.012 -3"><span class='ocrx_word' id='word_1_542' title='bbox 1017 2063 1084 2086; x_wconf 84' lang='lat' dir='ltr'>esse</span> <span class='ocrx_word' id='word_1_543' title='bbox 1106 2052 1315 2088; x_wconf 81' lang='lat' dir='ltr'>mandatum,</span> <span class='ocrx_word' id='word_1_544' title='bbox 1333 2049 1409 2089; x_wconf 86' lang='lat' dir='ltr'>quia</span> <span class='ocrx_word' id='word_1_545' title='bbox 1431 2048 1529 2079; x_wconf 91' lang='lat' dir='ltr'>unius</span> <span class='ocrx_word' id='word_1_546' title='bbox 1552 2049 1655 2088; x_wconf 86' lang='lat' dir='ltr'>operis</span> <span class='ocrx_word' id='word_1_547' title='bbox 1679 2056 1792 2079; x_wconf 86' lang='lat' dir='ltr'>secun-</span> 
     </span>
     <span class='ocr_line' id='line_1_83' title="bbox 1018 2102 1795 2140; baseline -0.012 0"><span class='ocrx_word' id='word_1_548' title='bbox 1018 2109 1096 2140; x_wconf 91' lang='lat' dir='ltr'>dum</span> <span class='ocrx_word' id='word_1_549' title='bbox 1111 2114 1211 2138; x_wconf 87' lang='lat' dir='ltr'>unam</span> <span class='ocrx_word' id='word_1_550' title='bbox 1227 2104 1384 2135; x_wconf 88' lang='lat' dir='ltr'>rationem</span> <span class='ocrx_word' id='word_1_551' title='bbox 1398 2111 1503 2133; x_wconf 92' lang='lat' dir='ltr'>unum</span> <span class='ocrx_word' id='word_1_552' title='bbox 1518 2102 1610 2133; x_wconf 89' lang='lat' dir='ltr'>debet</span> <span class='ocrx_word' id='word_1_553' title='bbox 1624 2110 1692 2132; x_wconf 85' lang='lat' dir='ltr'>esse</span> <span class='ocrx_word' id='word_1_554' title='bbox 1707 2110 1795 2131; x_wconf 85' lang='lat' dir='ltr'>man-</span> 
     </span>
     <span class='ocr_line' id='line_1_84' title="bbox 1017 2154 1792 2195; baseline -0.012 -2"><span class='ocrx_word' id='word_1_555' title='bbox 1017 2163 1129 2193; x_wconf 88' lang='lat' dir='ltr'>datum</span> <span class='ocrx_word' id='word_1_556' title='bbox 1145 2170 1152 2190; x_wconf 72' lang='grc' dir='ltr'>ε</span> <span class='ocrx_word' id='word_1_557' title='bbox 1171 2158 1224 2190; x_wconf 90' lang='lat' dir='ltr'>sed</span> <span class='ocrx_word' id='word_1_558' title='bbox 1240 2166 1306 2188; x_wconf 88' lang='lat' dir='ltr'>una</span> <span class='ocrx_word' id='word_1_559' title='bbox 1329 2158 1375 2187; x_wconf 91' lang='lat' dir='ltr'>est</span> <span class='ocrx_word' id='word_1_560' title='bbox 1401 2156 1480 2186; x_wconf 87' lang='lat' dir='ltr'>ratio</span> <span class='ocrx_word' id='word_1_561' title='bbox 1503 2155 1655 2195; x_wconf 81' lang='lat' dir='ltr'>diligendi</span> <span class='ocrx_word' id='word_1_562' title='bbox 1670 2154 1769 2185; x_wconf 88' lang='lat' dir='ltr'>Deum</span> <span class='ocrx_word' id='word_1_563' title='bbox 1785 2177 1792 2190; x_wconf 87' lang='lat'>,</span> 
     </span>
     <span class='ocr_line' id='line_1_85' title="bbox 1017 2210 1795 2256; baseline -0.012 -9"><span class='ocrx_word' id='word_1_564' title='bbox 1017 2219 1048 2247; x_wconf 88' lang='lat' dir='ltr'>et</span> <span class='ocrx_word' id='word_1_565' title='bbox 1063 2214 1251 2256; x_wconf 80' lang='lat' dir='ltr'>proximum</span> <span class='ocrx_word' id='word_1_566' title='bbox 1267 2223 1273 2243; x_wconf 79' lang='lat' dir='ltr'>z</span> <span class='ocrx_word' id='word_1_567' title='bbox 1291 2220 1369 2250; x_wconf 86' lang='lat' dir='ltr'>ergo</span> <span class='ocrx_word' id='word_1_568' title='bbox 1384 2219 1488 2241; x_wconf 90' lang='lat' dir='ltr'>unum</span> <span class='ocrx_word' id='word_1_569' title='bbox 1510 2210 1601 2240; x_wconf 90' lang='lat' dir='ltr'>debet</span> <span class='ocrx_word' id='word_1_570' title='bbox 1616 2218 1682 2239; x_wconf 87' lang='lat' dir='ltr'>esse</span> <span class='ocrx_word' id='word_1_571' title='bbox 1701 2217 1795 2238; x_wconf 88' lang='lat' dir='ltr'>man-</span> 
     </span>
     <span class='ocr_line' id='line_1_86' title="bbox 1017 2263 1792 2306; baseline -0.012 -5"><span class='ocrx_word' id='word_1_572' title='bbox 1017 2270 1128 2301; x_wconf 84' lang='lat' dir='ltr'>datum</span> <span class='ocrx_word' id='word_1_573' title='bbox 1142 2268 1176 2298; x_wconf 91' lang='lat' dir='ltr'>in</span> <span class='ocrx_word' id='word_1_574' title='bbox 1191 2269 1339 2306; x_wconf 86' lang='lat' dir='ltr'>utroque.</span> <span class='ocrx_word' id='word_1_575' title='bbox 1356 2264 1452 2303; x_wconf 88' lang='lat' dir='ltr'>Item,</span> <span class='ocrx_word' id='word_1_576' title='bbox 1469 2264 1495 2294; x_wconf 88' lang='lat' dir='ltr'>si</span> <span class='ocrx_word' id='word_1_577' title='bbox 1512 2263 1661 2294; x_wconf 84' lang='lat' dir='ltr'>mandata</span> <span class='ocrx_word' id='word_1_578' title='bbox 1677 2270 1792 2292; x_wconf 91' lang='lat' dir='ltr'>nume-</span> 
     </span>
     <span class='ocr_line' id='line_1_87' title="bbox 1018 2315 1793 2355; baseline -0.013 -1"><span class='ocrx_word' id='word_1_579' title='bbox 1018 2324 1130 2355; x_wconf 84' lang='lat' dir='ltr'>rantur</span> <span class='ocrx_word' id='word_1_580' title='bbox 1157 2320 1334 2352; x_wconf 84' lang='lat' dir='ltr'>secundum</span> <span class='ocrx_word' id='word_1_581' title='bbox 1365 2327 1539 2349; x_wconf 89' lang='lat' dir='ltr'>numerum</span> <span class='ocrx_word' id='word_1_582' title='bbox 1564 2315 1773 2355; x_wconf 84' lang='lat' dir='ltr'>diligibilium</span> <span class='ocrx_word' id='word_1_583' title='bbox 1785 2338 1793 2353; x_wconf 87' lang='lat'>,</span> 
     </span>
     <span class='ocr_line' id='line_1_88' title="bbox 1019 2368 1793 2416; baseline -0.014 -7"><span class='ocrx_word' id='word_1_584' title='bbox 1019 2385 1093 2409; x_wconf 89' lang='lat' dir='ltr'>cum</span> <span class='ocrx_word' id='word_1_585' title='bbox 1117 2377 1255 2416; x_wconf 86' lang='lat' dir='ltr'>quatuor</span> <span class='ocrx_word' id='word_1_586' title='bbox 1281 2373 1344 2404; x_wconf 88' lang='lat' dir='ltr'>sint</span> <span class='ocrx_word' id='word_1_587' title='bbox 1367 2371 1530 2411; x_wconf 84' lang='lat' dir='ltr'>diligenda</span> <span class='ocrx_word' id='word_1_588' title='bbox 1555 2379 1597 2401; x_wconf 78' lang='lat' dir='ltr'>ex</span> <span class='ocrx_word' id='word_1_589' title='bbox 1620 2368 1793 2407; x_wconf 85' lang='lat' dir='ltr'>charitate,</span> 
     </span>
     <span class='ocr_line' id='line_1_89' title="bbox 1019 2423 1796 2473; baseline -0.01 -11"><span class='ocrx_word' id='word_1_590' title='bbox 1019 2433 1157 2473; x_wconf 89' lang='lat' dir='ltr'>quatuor</span> <span class='ocrx_word' id='word_1_591' title='bbox 1180 2428 1331 2459; x_wconf 81' lang='lat' dir='ltr'>deberent</span> <span class='ocrx_word' id='word_1_592' title='bbox 1346 2435 1413 2457; x_wconf 87' lang='lat' dir='ltr'>esse</span> <span class='ocrx_word' id='word_1_593' title='bbox 1434 2424 1592 2455; x_wconf 81' lang='lat' dir='ltr'>mandata.</span> <span class='ocrx_word' id='word_1_594' title='bbox 1615 2423 1694 2453; x_wconf 88' lang='lat' dir='ltr'>Item</span> <span class='ocrx_word' id='word_1_595' title='bbox 1711 2431 1718 2452; x_wconf 94' lang='lat'>:</span> <span class='ocrx_word' id='word_1_596' title='bbox 1735 2423 1796 2460; x_wconf 79' lang='lat' dir='ltr'>Qui</span> 
     </span>
     <span class='ocr_line' id='line_1_90' title="bbox 1019 2475 1796 2526; baseline -0.015 -8"><span class='ocrx_word' id='word_1_597' title='bbox 1019 2485 1132 2526; x_wconf 63' lang='lat' dir='ltr'>diligit</span> <span class='ocrx_word' id='word_1_598' title='bbox 1144 2482 1343 2523; x_wconf 71' lang='lat' dir='ltr'>proximum,</span> <span class='ocrx_word' id='word_1_599' title='bbox 1359 2481 1456 2520; x_wconf 74' lang='lat' dir='ltr'>leqem</span> <span class='ocrx_word' id='word_1_600' title='bbox 1472 2477 1632 2518; x_wconf 72' lang='lat' dir='ltr'>implevit,</span> <span class='ocrx_word' id='word_1_601' title='bbox 1648 2476 1731 2507; x_wconf 86' lang='lat' dir='ltr'>sicut</span> <span class='ocrx_word' id='word_1_602' title='bbox 1745 2475 1796 2507; x_wconf 88' lang='lat' dir='ltr'>di-</span> 
     </span>
     <span class='ocr_line' id='line_1_91' title="bbox 1020 2529 1797 2573; baseline -0.014 -2"><span class='ocrx_word' id='word_1_603' title='bbox 1020 2540 1142 2571; x_wconf 80' lang='lat' dir='ltr'>citur’:</span> <span class='ocrx_word' id='word_1_604' title='bbox 1161 2539 1191 2568; x_wconf 88' lang='lat' dir='ltr'>et</span> <span class='ocrx_word' id='word_1_605' title='bbox 1206 2536 1325 2567; x_wconf 88' lang='lat' dir='ltr'>ibidem</span> <span class='ocrx_word' id='word_1_606' title='bbox 1347 2534 1462 2565; x_wconf 85' lang='lat' dir='ltr'>dicitur</span> <span class='ocrx_word' id='word_1_607' title='bbox 1483 2532 1569 2573; x_wconf 87' lang='lat' dir='ltr'>quod</span> <span class='ocrx_word' id='word_1_608' title='bbox 1590 2538 1686 2562; x_wconf 89' lang='lat' dir='ltr'>omne</span> <span class='ocrx_word' id='word_1_609' title='bbox 1701 2529 1797 2562; x_wconf 78' lang='lat' dir='ltr'>aliud</span> 
     </span>
    </p>
   </div>
   <div class='ocr_carea' id='block_1_9' title="bbox 1020 2609 1794 2682">
    <p class='ocr_par' dir='ltr' id='par_1_9' title="bbox 1020 2609 1794 2682">
     <span class='ocr_line' id='line_1_92' title="bbox 1020 2609 1794 2649; baseline -0.012 -7"><span class='ocrx_word' id='word_1_610' title='bbox 1020 2617 1140 2649; x_wconf 67' lang='lat' dir='ltr'>Metaph„</span> <span class='ocrx_word' id='word_1_611' title='bbox 1155 2616 1198 2639; x_wconf 82' lang='lat' dir='ltr'>lib.</span> <span class='ocrx_word' id='word_1_612' title='bbox 1214 2615 1267 2645; x_wconf 73' lang='grc' dir='ltr'>ΧΗ,</span> <span class='ocrx_word' id='word_1_613' title='bbox 1284 2616 1352 2638; x_wconf 89' lang='lat' dir='ltr'>cont.</span> <span class='ocrx_word' id='word_1_614' title='bbox 1368 2614 1411 2643; x_wconf 74' lang='lat'>36;</span> <span class='ocrx_word' id='word_1_615' title='bbox 1427 2611 1457 2635; x_wconf 81' lang='lat' dir='ltr'>de</span> <span class='ocrx_word' id='word_1_616' title='bbox 1473 2610 1544 2641; x_wconf 69' lang='lat' dir='ltr'>CoeL,</span> <span class='ocrx_word' id='word_1_617' title='bbox 1561 2610 1604 2634; x_wconf 88' lang='lat' dir='ltr'>lib.</span> <span class='ocrx_word' id='word_1_618' title='bbox 1623 2609 1652 2638; x_wconf 80' lang='lat' dir='ltr'>ll,</span> <span class='ocrx_word' id='word_1_619' title='bbox 1669 2610 1736 2632; x_wconf 84' lang='lat' dir='ltr'>cont.</span> <span class='ocrx_word' id='word_1_620' title='bbox 1756 2610 1794 2634; x_wconf 77' lang='lat'>31.</span> 
     </span>
     <span class='ocr_line' id='line_1_93' title="bbox 1021 2651 1308 2682; baseline -0.017 -4"><span class='ocrx_word' id='word_1_621' title='bbox 1021 2655 1071 2674; x_wconf 73' lang='lat'>--⁵</span> <span class='ocrx_word' id='word_1_622' title='bbox 1083 2654 1161 2682; x_wconf 69' lang='lat' dir='ltr'>Rom,</span> <span class='ocrx_word' id='word_1_623' title='bbox 1178 2657 1238 2681; x_wconf 77' lang='lat' dir='ltr'>xm,</span> <span class='ocrx_word' id='word_1_624' title='bbox 1248 2651 1270 2680; x_wconf 84' lang='lat'>8,</span> <span class='ocrx_word' id='word_1_625' title='bbox 1286 2652 1308 2674; x_wconf 85' lang='lat'>9.</span> 
     </span>
    </p>
   </div>
  </div>
 </body>
</html>
