2017 2960
81 1548 115 1569 Ad
134 1554 184 1574 opp·

683 182 779 215 DIST.
802 182 880 214 XXI.
907 183 997 214 ART.
1022 184 1061 215 11.
1087 183 1236 222 QUAEST.
1260 184 1313 215 111.

196 251 254 284 sub
277 251 390 284 Pontio
415 249 536 289 Pilato,
557 251 756 291 crucifixus,
778 253 922 283 mortuus
944 254 971 283 et

197 305 337 345 sepultus
347 315 359 336 .·
371 305 432 335 hoc
441 306 548 335 autem
564 304 678 335 dicitur
693 305 730 335 de
745 305 824 335 Filio
840 304 893 335 Dei
904 305 974 335 11111-

197 358 316 397 genito.
341 357 380 389 Et
401 357 462 388 hoc
486 358 591 399 ipsum
613 358 687 390 dicit
708 358 896 389 Ambrosius
920 367 973 388 ex-

197 421 313 453 presse,
329 414 360 444 et
374 412 511 443 habetur
526 422 634 453 supra,
651 413 723 444 dist.
741 422 819 444 xvm
836 423 844 443 :
865 423 880 442 «
894 412 974 443 Tan-

198 467 268 496 tum
291 465 349 496 fuit
364 468 528 505 peccatum
543 468 687 497 nostrum
698 490 706 504 ,
723 468 759 496 ut
778 465 893 496 salvari
908 473 973 495 non

196 527 371 559 possemus,
388 519 448 549 nisi
464 519 654 558 unigenitus
668 519 723 549 Dei
745 518 845 549 Filius
867 527 971 549 more-

195 574 286 604 retur
300 581 358 613 pro
373 573 465 603 nobis
480 573 676 604 debitoribus
690 573 812 603 mortis.
828 583 842 600 »

237 625 317 657 Item
341 626 402 657 hoc
425 626 531 666 ipsum
556 626 682 657 videtur
705 626 825 657 ratione
844 633 852 655 ε
875 625 973 657 Carne

196 680 345 710 nascente
360 680 391 709 et
404 681 555 719 concepta
566 702 575 717 ,
592 679 692 710 Filius
713 679 765 709 Dei
783 680 877 709 natus
893 678 973 709 dici-

197 734 250 764 tur
263 733 295 763 et
315 734 483 772 conceptus
502 741 509 763 :
527 742 605 772 ergo
630 732 698 773 pari
719 733 855 771 ratione,
880 741 974 763 carne

197 787 336 824 mortua,
351 785 450 816 Filius
464 786 518 816 Dei
533 786 625 817 debet
639 786 702 817 dici
718 788 875 817 mortuus.

237 839 317 870 Item
343 839 511 870 satisfactio
537 849 596 879 pro
625 841 753 880 peccato
779 841 889 870 nostro
916 838 975 870 fuit

196 901 254 933 per
266 892 446 933 passionem
460 894 491 924 et
504 895 640 924 mortem
655 903 661 923 :
676 893 730 924 sed
746 893 855 924 nullus
870 892 975 933 potuit

196 954 255 986 pro
287 948 415 986 peccato
445 948 553 977 nostro
584 946 779 984 satisfacere,
805 945 866 976 nisi
895 946 976 976 esset

196 998 280 1030 Deus
295 1008 302 1030 :
319 1008 410 1039 ergo,
427 1000 452 1030 si
466 1008 524 1040 pro
539 999 673 1040 peccatis
689 998 805 1030 nostris
821 1007 877 1039 per
891 1007 976 1029 mor-

196 1053 262 1084 tem
286 1052 374 1083 iilam
397 1053 593 1084 satisfactum
617 1054 664 1084 est
689 1061 774 1091 vere,
800 1052 899 1084 Filius
922 1051 975 1082 Dei

195 1105 256 1137 fuit
271 1107 429 1138 mortuus.

245 1161 323 1192 Item
350 1162 430 1192 unio
462 1161 515 1192 ilia
547 1162 621 1192 facit
653 1161 976 1192 communicationem

198 1214 388 1246 idiomatum
406 1225 412 1246 :
430 1215 483 1245 sed
504 1216 633 1254 propter
649 1215 880 1254 separationem
904 1214 976 1245 ani-

199 1276 261 1298 mae
283 1277 303 1298 a
325 1276 419 1298 carne
441 1277 556 1299 verum
580 1270 610 1298 et
633 1268 849 1298 necessarium
864 1268 925 1299 suit
939 1268 976 1298 il-

197 1320 268 1352 lum
290 1321 456 1353 hominem
480 1322 561 1352 mori
579 1333 585 1352 :
603 1331 681 1361 ergo
704 1331 778 1353 vere
791 1346 798 1360 ,
816 1324 974 1353 010011νο-

198 1375 322 1406 nienter
347 1377 450 1415 potest
477 1384 564 1406 mors
588 1375 718 1406 attribui
734 1375 787 1406 Dei
802 1374 923 1414 Verbo,
941 1376 977 1407 ut

199 1428 323 1459 dicatur
344 1428 444 1460 Filius
458 1428 513 1459 Dei
533 1430 680 1460 mortuus
701 1430 731 1459 et
751 1428 896 1469 sepultus
919 1438 977 1469 pro

201 1481 304 1514 nobis·

240 1534 301 1567 Sed
316 1536 426 1566 contra
442 1545 450 1566 ε
472 1538 502 1566 1.
526 1535 729 1575 Augustinus
750 1535 822 1567 dicit
835 1540 856 1575 ¹,
872 1539 902 1567 et
916 1536 976 1567 ha-

200 1590 294 1621 betur
314 1589 348 1620 111
369 1589 484 1628 littera,
507 1589 564 1620 uit.
582 1598 650 1629 cap.
669 1600 675 1620 ε
700 1601 714 1618 «
730 1589 762 1620 Si
776 1590 848 1630 quis
862 1591 978 1622 dixerit

201 1645 297 1683 atque
318 1643 486 1674 crediderit
514 1642 614 1673 Deum
643 1652 785 1682 passum,
808 1644 978 1675 anathema

201 1696 251 1728 sit.
279 1707 294 1725 1)
319 1696 380 1727 Sed
403 1696 454 1727 cui
478 1705 544 1727 non
570 1698 671 1736 potest
699 1697 831 1727 attribui
861 1698 975 1737 passio,

201 1759 266 1781 non
289 1751 391 1790 potest
410 1749 542 1780 attribui
564 1758 650 1779 mors
673 1758 680 1780 :
705 1750 731 1779 si
748 1759 826 1789 ergo
851 1760 918 1782 11011
932 1754 978 1783 est

201 1803 395 1835 credendum
410 1802 528 1834 Filium
552 1802 607 1833 Dei
626 1812 776 1843 passum,
793 1804 874 1835 sicut
889 1804 975 1844 dicit,

201 1867 267 1890 non
282 1858 329 1889 est
343 1856 537 1888 credendum
553 1865 658 1897 neque
674 1857 844 1889 dicendum
861 1858 977 1891 Fiiium

202 1911 258 1943 Dei
272 1909 369 1941 fuisse
384 1911 537 1940 mortum.

242 1965 273 1995 2.
297 1963 377 1994 Item
404 1963 557 1994 idiomata
578 1962 676 2003 partis
706 1973 771 1996 non
799 1967 979 1998 communi-

203 2018 317 2049 cantur
331 2025 476 2057 personae
489 2016 582 2048 Verbi
600 2027 607 2048 :
625 2019 774 2057 quamvis
797 2019 885 2050 enirn
906 2030 979 2052 caro

202 2073 299 2104 fuerit
320 2073 465 2112 separata
488 2071 528 2102 ab
552 2071 681 2111 anima,
698 2082 763 2104 non
787 2075 892 2106 tamen
909 2085 980 2116 pro-

204 2128 273 2167 pter
287 2125 349 2157 1100
369 2125 468 2157 Filius
482 2128 646 2166 separatus
661 2127 720 2157 fuit
735 2128 774 2158 ab
792 2128 846 2160 illa
860 2130 979 2168 anima,

203 2189 302 2221 quam
323 2179 497 2219 assumpsit
523 2190 529 2210 :
556 2188 636 2219 ergo
663 2180 690 2210 si
715 2190 771 2220 per
800 2183 981 2222 passionem

204 2233 320 2266 Christi
340 2242 407 2264 non
430 2234 477 2264 est
500 2234 628 2264 mortua
643 2233 705 2264 nisi
719 2235 786 2266 sola
801 2245 890 2275 caro,
904 2238 982 2278 quia

204 2288 312 2319 anima
330 2295 456 2327 semper
478 2286 582 2325 vixit,
606 2296 671 2318 non
686 2288 813 2320 videtur
826 2291 910 2330 quod
930 2291 982 2322 Fi-

205 2341 248 2373 lio
267 2341 322 2372 Dei
341 2350 417 2372 vere
432 2341 529 2381 possit
549 2341 679 2372 attribui
694 2351 781 2374 mors
799 2353 807 2374 :
824 2346 879 2376 aut
893 2346 919 2375 si
934 2348 980 2377 at-

206 2395 360 2426 tribuitur
375 2394 405 2425 ei
426 2403 512 2425 mors
523 2418 532 2433 ,
550 2395 627 2426 tunc
643 2397 689 2426 est
703 2398 839 2436 quaestIO
851 2422 859 2437 ,
882 2408 982 2439 quare

208 2457 274 2480 non
288 2448 432 2480 similiter
447 2449 634 2480 attribuitur
650 2450 679 2480 ei
693 2452 859 2491 separatio.

248 2504 278 2533 3.
295 2501 374 2533 Item
386 2505 516 2543 propter
530 2505 779 2543 repugnantiam
795 2506 984 2538 idiomatum

207 2556 280 2588 haec
301 2565 368 2587 non
391 2556 544 2596 recipitur
571 2559 786 2591 communiter
809 2570 817 2593 z
848 2573 862 2591 «
884 2561 984 2593 Filius

208 2608 264 2641 Dei
285 2611 332 2640 est
356 2611 503 2641 creatura
518 2620 526 2641 :
541 2622 557 2640 1>
575 2611 630 2643 sed
644 2613 747 2645 multo
767 2615 872 2656 magis
887 2625 986 2657 repu-

244 2672 251 2689 ¹
263 2673 337 2703 Aug„
353 2678 428 2696 serm.
442 2677 482 2704 111,
495 2673 521 2696 1¹71
531 2680 597 2698 coena
610 2674 717 2700 Domini.

1742 186 1802 217 1⁶53

1028 253 1106 291 gnat
1118 252 1192 283 vitae
1207 260 1304 290 mors,
1321 260 1419 293 quam
1434 252 1569 283 intentio
1584 254 1740 285 creatnrae
1755 253 1804 285 in·

1028 307 1159 338 tentioni
1190 307 1344 339 Creatoris
1371 318 1378 339 :
1407 316 1485 347 ergo
1507 307 1534 338 si
1563 307 1661 339 Filius
1683 309 1737 340 Dei
1757 311 1805 341 est

1027 358 1095 399 ipsa
1109 360 1184 398 vita,
1202 360 1328 391 videtur
1340 361 1425 401 quod
1441 360 1528 392 nullo
1544 360 1638 392 modo
1663 360 1703 392 sit
1717 370 1804 393 mors

1028 412 1057 444 ei
1071 413 1283 444 attribuenda.

1069 468 1098 496 4.
1121 465 1220 504 Item,
1245 467 1442 507 quicumque
1469 467 1585 498 diceret
1605 476 1731 499 summe
1753 476 1803 499 sa-

1029 519 1169 559 pientem
1185 530 1252 551 csse
1276 520 1421 557 stultum,
1438 520 1672 561 blasphemaret
1689 531 1697 552 ε
1713 520 1806 552 simi-

1028 572 1099 603 liter
1125 573 1180 612 qui
1204 573 1321 604 diceret
1342 582 1467 604 summe
1496 574 1619 605 bonum
1644 584 1712 606 esse
1741 574 1805 605 ini-

1029 635 1130 666 quum
1153 638 1158 657 :
1177 636 1254 666 ergo
1274 627 1343 666 pari
1364 627 1485 658 ratione
1511 628 1567 667 qni
1581 628 1656 659 dicit
1676 637 1804 660 summe

1029 681 1189 719 potentem
1205 689 1271 710 0550
1293 680 1460 710 infirmum
1477 691 1483 711 :
1501 681 1554 711 sed
1569 682 1630 712 1100
1646 682 1730 721 dicit,
1746 682 1804 722 qui

1029 733 1103 764 dicit
1126 734 1244 765 Filium
1265 734 1319 765 Dei
1341 743 1408 765 esse
1432 737 1598 766 mortuum
1621 746 1627 767 :
1653 745 1731 776 ergo
1749 737 1805 777 qui

1029 786 1090 818 hoc
1103 787 1186 826 dicit,
1204 787 1401 828 blasphemat
1415 788 1527 819 Deum.

1302 875 1529 909 CONCLUSIO.

1032 948 1227 979 Gonceclendum
1247 951 1285 976 est
1299 958 1358 977 vere
1373 951 1474 977 Filium
1490 951 1540 978 Dei
1560 952 1643 984 fuisse
1656 953 1804 986 mortuum,

1066 1001 1120 1020 non
1142 994 1282 1021 secundum
1300 996 1425 1022 divinam
1445 997 1589 1030 naturam,
1606 997 1651 1024 sed
1664 997 1807 1024 secundum

1067 1039 1211 1066 humanam
1223 1048 1273 1074 per
1288 1040 1448 1067 idiomatum
1465 1043 1743 1069 communicationem.

1072 1106 1163 1148 Resp.
1180 1109 1218 1139 ad
1235 1118 1305 1149 arg.
1322 1109 1497 1140 Dicendum
1513 1111 1598 1150 quod
1613 1111 1733 1152 absque
1752 1111 1809 1143 du-

1031 1161 1083 1192 bio
1100 1162 1337 1193 concedendum
1357 1166 1422 1201 est,
1438 1163 1556 1194 Filium
1576 1165 1631 1195 Dei
1645 1174 1703 1205 pro
1717 1165 1810 1196 nohis

1031 1214 1127 1245 fuisse
1146 1218 1324 1247 mortuum.
1347 1216 1385 1247 Et
1408 1217 1469 1247 hoc
1491 1217 1622 1257 quidem
1646 1218 1707 1249 sibi
1734 1227 1810 1250 vere

1031 1268 1219 1299 attribuitur
1247 1278 1313 1300 non
1344 1270 1522 1300 secundum
1548 1273 1697 1302 naturam
1723 1271 1810 1302 divi-

1031 1330 1123 1359 nam,
1153 1322 1207 1353 sed
1233 1323 1410 1354 secundum
1434 1324 1631 1363 humanam;
1658 1334 1724 1356 non
1753 1334 1810 1366 per

1032 1375 1221 1415 essentiam,
1248 1378 1305 1407 aut
1329 1386 1384 1417 per
1410 1377 1653 1417 inhaerentiam,
1677 1378 1732 1410 sed
1753 1388 1810 1420 per

1033 1428 1223 1460 idiomatum
1257 1430 1574 1462 communicantiam.
1612 1431 1651 1462 Et
1679 1432 1740 1463 hoc
1775 1432 1809 1463 in

1032 1482 1122 1513 1111110
1141 1483 1275 1522 derogat
1293 1483 1411 1514 divinae
1427 1484 1584 1524 maJestati
1595 1507 1603 1522 ,
1620 1486 1651 1515 et
1666 1484 1808 1516 multum

1033 1538 1184 1567 consonat
1197 1536 1316 1576 pietati.
1333 1536 1464 1568 Nullum
1479 1537 1566 1568 enim
1582 1538 1719 1569 verbum
1740 1548 1809 1570 ma·

1029 1590 1109 1629 joris
1132 1589 1327 1629 dignationis
1348 1599 1497 1621 resonare
1512 1593 1614 1631 potest
1628 1592 1662 1622 in
1676 1592 1808 1624 auribus

1033 1643 1134 1674 cordis
1157 1643 1313 1681 hominis,
1336 1652 1434 1683 quam
1449 1644 1534 1683 quod
1550 1645 1739 1684 unigenitus
1751 1646 1807 1678 Dei

1033 1697 1132 1728 Filius
1146 1699 1291 1728 mortuus
1314 1697 1328 1726 s
1330 1697 1409 1727 uerit
1434 1706 1492 1737 pro
1507 1698 1599 1728 nobis
1614 1699 1809 1730 debitoribus

1034 1751 1155 1782 mortis.
1172 1751 1210 1782 Et
1222 1750 1292 1781 ideo
1311 1760 1376 1781 non
1392 1753 1516 1781 tantum
1538 1753 1584 1782 est
1603 1752 1664 1783 hoc
1678 1752 1810 1784 creden-

1034 1805 1111 1836 dum
1136 1807 1166 1835 et
1193 1804 1400 1835 asserendum
1421 1807 1575 1845 tanquam
1598 1815 1732 1844 verum,
1755 1807 1810 1838 sed

1033 1858 1131 1890 etiam
1148 1858 1402 1898 frequentissime
1416 1858 1633 1890 recolendum.
1649 1859 1688 1890 Et
1702 1869 1810 1892 conce-

1034 1912 1145 1942 dendae
1161 1914 1238 1942 sunt
1251 1912 1390 1942 rationes
1407 1921 1481 1951 quae
1496 1912 1557 1942 hoc
1572 1912 1754 1945 ostendunt.

1076 1969 1105 1997 1.
1130 1966 1178 1997 Ad
1199 1966 1277 1997 iilud
1291 1975 1367 1997 vero
1382 1965 1467 2006 quod
1484 1966 1633 2006 objicitur
1645 1966 1683 1997 de
1697 1967 1811 1999 aucto-

1034 2020 1126 2052 ritate
1150 2019 1336 2059 Augustini,
1351 2019 1427 2049 satis
1442 2019 1668 2051 convenienter
1681 2029 1812 2061 respon-

1035 2073 1087 2104 det
1116 2073 1267 2113 Magister
1280 2073 1313 2103 in
1329 2073 1444 2103 littera.
1472 2072 1542 2104 Non
1566 2074 1653 2104 enim
1676 2072 1812 2104 intendit

1036 2138 1201 2160 removere
1226 2128 1405 2169 passionem
1423 2138 1442 2159 a
1464 2138 1601 2169 persona
1622 2128 1716 2161 Verbi
1731 2129 1811 2159 sim-

1036 2185 1168 2226 pliciter,
1186 2183 1240 2214 sed
1254 2183 1432 2214 secundum
1447 2183 1590 2215 divinam
1608 2186 1768 2214 naturam.

1077 2241 1107 2269 2.
1125 2238 1172 2269 Ad
1189 2237 1266 2268 illud
1281 2237 1366 2277 quod
1381 2236 1542 2277 objicitur,
1559 2237 1645 2277 quod
1663 2236 1814 2267 idiomata

1037 2291 1135 2333 partis
1156 2300 1221 2322 non
1242 2289 1522 2321 communicantur
1540 2297 1686 2330 personae
1706 2288 1812 2327 Verbi,

1037 2345 1209 2377 dicendum
1224 2343 1310 2385 quod
1331 2343 1414 2374 mori
1436 2352 1502 2375 non
1520 2345 1647 2374 tantum
1665 2341 1816 2373 convenit

1038 2399 1148 2438 carni,
1164 2399 1218 2429 sed
1241 2397 1337 2429 etiam
1356 2397 1413 2428 toti
1436 2397 1559 2428 homini
1585 2396 1762 2436 assumpto.
1778 2394 1816 2426 In

1039 2452 1237 2493 separatione
1251 2451 1338 2483 enim
1353 2451 1470 2482 animae
1483 2460 1501 2482 a
1515 2459 1608 2482 carne
1625 2459 1692 2481 11011
1711 2449 1816 2480 50111111

1039 2507 1177 2538 moritur
1191 2515 1276 2544 caro,
1292 2505 1347 2536 sed
1362 2505 1457 2536 etiam
1471 2506 1556 2535 totus
1569 2504 1678 2534 homo.
1695 2502 1734 2534 Et
1745 2502 1817 2534 ideo

1040 2562 1122 2594 ratio
1136 2560 1190 2592 illa
1206 2559 1347 2600 procedit
1362 2568 1402 2590 ex
1417 2557 1632 2599 suppositione
1647 2556 1729 2588 falsi.

1083 2615 1113 2646 3.
1128 2613 1177 2644 Ad
1189 2613 1268 2644 illud
1283 2611 1369 2653 quod
1383 2610 1543 2651 objicitur,
1559 2609 1646 2650 quod
1655 2617 1723 2641 non
1732 2616 1819 2640 com-

1042 2667 1247 2701 municantur
1271 2666 1421 2699 idiomata
1444 2663 1499 2696 ubi
1518 2665 1565 2696 est
1588 2661 1814 2705 repugnantia,
