2017 2960
55 449 157 470 Fundam.

53 2333 86 2354 Ad
105 2340 156 2360 opp.

615 162 802 194 DISTINCT.
825 161 931 194 XXlV.
953 163 1044 195 ART.
1069 164 1092 196 Ι.
1115 164 1264 202 QUAEST.
1289 166 1326 197 11.

437 281 615 319 QUAESTIO
638 282 676 313 II.

174 363 220 388 An
233 362 296 396 fides
309 363 346 389 sit
361 363 431 389 circa
445 362 540 389 bonum
556 365 689 396 creatum,
704 363 745 389 vel
760 363 907 390 increatum
926 366 946 388 ¹.

213 439 327 472 Utrum
347 441 424 472 fides
440 441 480 472 sit
504 443 586 473 circa
607 451 722 473 verum
746 443 899 480 creatum,
915 444 947 472 et

173 493 361 532 increatum,
379 504 419 525 an
435 495 516 526 circa
540 496 717 537 increatum
733 498 858 526 tantum
872 497 946 525 tan-

172 557 270 588 quam
284 549 368 580 circa
384 550 544 590 oliJectum
556 551 732 591 proprium.
747 550 785 581 Et
797 550 881 590 quod
892 559 947 580 so—

172 600 242 632 lum
262 602 302 632 sit
329 603 411 634 circa
439 613 553 635 verum
582 605 761 635 increatum
771 628 778 642 ‚
808 605 943 635 videtur.

173 653 280 685 Primo
296 665 351 695 per
364 656 433 693 hoc,
451 657 535 696 quod
551 657 629 688 fides
643 659 689 688 est
711 658 813 688 virtus
828 657 947 688 theolo-

173 708 255 747 gica.
279 709 387 740 Omnis
414 710 500 740 enim
523 710 624 741 virtus
646 711 826 749 theologica
849 711 946 742 habet

172 760 273 792 Deum
289 771 345 801 pro
360 763 493 802 objecto,
514 765 544 793 et
558 764 620 793 fine
638 772 646 794 :
663 763 690 793 si
705 772 784 803 ergo
800 765 873 794 finis
883 764 946 795 vir-

173 815 280 845 tutum
295 824 360 846 non
374 818 419 846 est
432 816 510 855 quid
524 819 678 855 creatum,
688 817 742 847 sed
755 818 943 856 increatum,

172 867 309 904 videtur,
325 869 384 899 etc.

213 920 292 951 ltem
304 921 366 952 11οο
379 922 486 962 ipsum
501 923 628 954 videtur
641 933 697 963 per
709 924 782 962 hoc,
801 925 885 964 quod
901 927 947 955 est

172 973 276 1004 virtus
290 984 375 1006 una:
393 975 468 1015 quia
478 976 572 1006 unica
584 977 686 1007 virtus
701 978 834 1008 unicum
855 978 947 1009 debet

173 1027 289 1058 habere
307 1028 468 1068 objectum
489 1040 496 1060 ι
517 1030 542 1059 51
565 1039 643 1069 ergo
657 1030 734 1061 fides
757 1031 858 1062 virtus
880 1041 947 1062 una

174 1083 229 1118 est3
257 1084 287 1112 et
315 1085 456 1112 creatum
476 1085 506 1113 et
526 1083 703 1114 increatum
724 1086 799 1114 sunt
823 1085 947 1116 diversa

173 1134 314 1172 omnino;
331 1144 419 1174 ergo,
444 1135 470 1165 si
492 1135 569 1166 fides
592 1136 686 1167 habet
704 1146 771 1168 esse
790 1138 871 1168 circa
890 1147 945 1170 ve-

173 1196 247 1218 rum
267 1187 455 1226 increatum,
468 1198 533 1219 non
549 1189 645 1219 habet
655 1199 722 1220 esse
737 1190 819 1221 circa
830 1200 945 1223 verum

172 1240 325 1277 creatum,
340 1239 422 1270 sicut
435 1240 518 1270 circa
531 1240 701 1280 objectum.

211 1292 291 1323 Item
313 1292 374 1323 hoc
388 1293 493 1333 ipsum
506 1293 630 1324 videtur
646 1303 702 1334 per
717 1294 788 1332 hoc,
805 1296 890 1335 quod
904 1297 943 1327 fi-

172 1345 226 1376 des
241 1348 287 1376 est
300 1345 401 1376 virtus
413 1347 597 1377 evacuanda
607 1356 663 1386 per
674 1347 787 1387 objecti
802 1349 851 1379 sui
865 1359 945 1389 prae-

172 1399 318 1437 sentiam,
335 1401 366 1429 et
379 1402 522 1439 apertam
536 1400 684 1431 notitiam
697 1410 704 1431 ι
717 1401 771 1431 sed
787 1402 852 1432 sola
863 1403 945 1434 visio

173 1452 242 1482 veri
268 1453 399 1483 increati
422 1455 468 1483 est
486 1453 550 1490 illa,
578 1462 653 1493 quae
677 1455 846 1486 veritatem
871 1456 946 1487 fidei

173 1508 306 1537 evacuat
321 1506 417 1537 :fides
431 1506 517 1537 enim
530 1516 595 1537 non
614 1510 787 1539 evacuatur
809 1509 843 1539 in
865 1510 918 1540 via
935 1521 942 1540 ε

174 1568 253 1598 ergo
262 1559 389 1590 videtur
401 1559 486 1599 quod
501 1559 578 1591 fides
597 1560 701 1591 solum
716 1561 755 1591 sit
779 1562 813 1592 in
829 1571 945 1593 verum

174 1613 351 1644 increatum
367 1616 520 1653 tanquam
536 1614 569 1643 in
583 1614 756 1654 objectum.

212 1666 291 1697 Item
316 1667 395 1698 fides
418 1669 463 1698 est
486 1667 587 1698 virtus
608 1677 673 1707 qua
697 1670 868 1701 assentitur
886 1671 946 1710 ipsi

171 1720 289 1751 credito
305 1722 432 1760 propter
447 1729 479 1750 se
492 1722 522 1750 et
536 1729 631 1760 super
650 1722 758 1752 omnia
775 1733 781 1752 :
799 1723 852 1753 sed
865 1723 945 1754 nulli

170 1782 247 1804 vero
270 1775 316 1804 est
333 1775 462 1813 propter
485 1782 518 1803 se
540 1776 570 1804 et
591 1783 687 1814 super
707 1775 814 1806 omnia
836 1786 946 1807 assen-

170 1827 328 1865 tiendum,
344 1827 405 1857 nisi
419 1827 505 1867 quod
520 1829 566 1858 est
584 1837 749 1859 summum
764 1839 891 1868 verum,
915 1834 945 1862 et

170 1889 286 1911 verum
312 1881 488 1911 increatum
505 1892 512 1911 ι
529 1884 612 1920 {ergo
638 1881 838 1914 solummodo
863 1884 945 1915 cirea

171 1933 250 1964 illud
264 1933 404 1964 consistit
419 1934 493 1964 fidei
507 1934 681 1973 objectum.

212 1986 291 2017 Item
308 1987 369 2017 hoc
384 1987 491 2027 ipsum
506 1986 634 2018 videtur
650 1997 707 2027 per
722 1988 945 2021 diffinitionem

170 2040 295 2071 articuli
310 2050 327 2071 a
342 2040 496 2072 Richardo
511 2041 628 2078 datam,
646 2051 709 2081 qua
720 2042 795 2073 dicit
805 2043 890 2082 quod
898 2052 945 2074 ar-

169 2094 285 2125 ticulus
301 2096 346 2125 est
361 2094 561 2125 indivisibilis
583 2095 700 2126 veritas
719 2095 757 2126 de
780 2096 853 2134 Deo,
874 2106 943 2127 arc-

168 2149 239 2178 tans
253 2155 311 2177 nos
325 2147 363 2177 ad
381 2147 513 2178 credend
519 2157 575 2178 um
589 2157 687 2188 :ergo
699 2149 724 2178 si
734 2149 888 2180 articulus
898 2152 945 2181 est

169 2198 242 2229 fidei
257 2198 428 2238 objectum,
443 2199 569 2230 videtur
583 2200 669 2240 quod
682 2200 759 2231 fides
774 2201 813 2231 sit
838 2201 943 2232 solum

170 2252 253 2282 circa
267 2261 381 2282 verum
395 2252 583 2291 increatum,
600 2255 631 2284 et
647 2253 729 2284 circa
744 2253 854 2285 Deum.

211 2304 272 2336 Sed
282 2307 391 2335 contra
409 2316 416 2337 2
430 2308 458 2336 1.
477 2305 565 2337 Circa
578 2307 744 2338 veritatem
754 2307 788 2337 in
798 2308 943 2347 symbolo

171 2358 311 2389 consistit
331 2359 409 2390 fides
422 2361 576 2399 tanquam
592 2360 675 2391 circa
688 2360 847 2400 objectum
869 2370 943 2401 pro-

169 2412 279 2451 prium
294 2421 302 2443 :
319 2413 374 2443 sed
393 2412 427 2443 in
441 2413 584 2452 symbolo
599 2422 665 2444 non
681 2414 784 2445 solum
799 2417 874 2445 sunt
887 2424 941 2446 ar-

168 2465 256 2496 ticuli
280 2468 454 2505 spectantes
481 2466 521 2497 ad
550 2467 698 2498 deitatem
712 2491 721 2505 ‚
752 2467 817 2498 imo
845 2468 943 2499 etiam

200 2565 208 2580 ¹
221 2563 261 2594 Cf.
276 2563 346 2588 Alex.
358 2563 454 2593 Alens„
467 2571 491 2595 p.
510 2565 552 2595 111,
562 2572 587 2596 q.
598 2571 690 2597 vaul,
702 2566 798 2590 memb.
811 2568 835 2597 7,
851 2569 898 2591 art.
915 2569 942 2598 G;

168 2601 196 2625 S.
211 2600 311 2628 Thom..
330 2599 398 2629 11-11,
413 2606 439 2631 q.
454 2605 480 2630 1,
493 2603 540 2624 art.
555 2603 582 2631 ις
600 2602 626 2626 et
645 2602 677 2626 111
693 2602 772 2632 Seni„
790 2602 847 2626 dist.
863 2609 940 2632 xxiv,

169 2642 195 2667 q.
208 2641 234 2666 1,
251 2637 298 2659 art.
315 2637 339 2665 t;
365 2636 390 2658 et
405 2634 434 2658 de
450 2634 536 2666 Ver-it„
555 2643 580 2667 q.
596 2642 650 2667 xiv,
674 2640 720 2662 art.
737 2639 769 2668 S;
785 2638 925 2663 aichardus
937 2656 944 2668 ‚

1713 172 1767 200 521

1001 233 1177 270 spectantes
1198 232 1236 263 ad
1252 232 1485 264 humanitatem
1501 245 1507 265 :
1523 243 1603 273 ergo
1616 235 1642 265 si
1655 235 1773 266 huma·

1001 282 1082 312 nitas
1097 292 1143 313 est
1153 283 1229 323 quid
1244 286 1398 323 creatum,
1414 285 1493 316 fides
1501 295 1566 316 non
1581 286 1684 317 solum
1697 296 1773 318 0011-

1001 334 1080 364 sistit
1095 336 1177 366 circa
1185 337 1350 367 veritatem
1359 337 1542 376 increatam,
1555 347 1670 370 verum
1678 340 1773 370 etiam

1002 387 1084 418 circa
1096 392 1245 420 creatam.

1041 443 1072 471 2.
1089 440 1168 472 Item
1182 444 1279 473 tantae
1296 443 1514 483 amplitudinis
1526 447 1572 475 est
1588 445 1676 483 fides,
1693 445 1775 476 sicut

1001 495 1031 524 et
1050 494 1196 531 charitas,
1219 496 1270 526 vel
1291 497 1422 535 majoris
1441 508 1447 528 z
1473 498 1528 529 sed
1550 499 1687 529 charitas
1709 508 1776 530 nou

1001 546 1221 576 tantummodo
1249 547 1354 586 diligit
1377 548 1500 579 bonum
1515 549 1704 588 increatum,
1721 550 1776 581 sed

1001 599 1096 630 etiam
1115 602 1267 638 creatum,
1284 601 1360 640 quia
1381 610 1447 631 non
1462 603 1683 634 tantummodo
1701 603 1777 633 dili-

1001 653 1048 692 git
1060 653 1172 692 Deum,
1187 654 1241 685 sed
1263 654 1359 685 etiam
1380 655 1564 694 proximum
1582 667 1589 687 :
1606 666 1684 696 ergo
1699 657 1777 688 fides

1001 717 1065 738 non
1082 710 1205 739 tantum
1220 711 1266 739 est
1281 709 1314 739 in
1327 718 1443 739 verum
1457 709 1634 740 increatum
1649 711 1730 741 sicut
1742 711 1776 741 in

1001 761 1176 801 objectum,
1197 771 1310 792 verum
1329 762 1424 792 etiam
1443 763 1475 793 in
1488 772 1604 794 verum
1620 765 1773 794 creatum.

1042 816 1072 845 3.
1088 814 1165 844 Item
1178 815 1304 845 nullum
1317 824 1432 846 verum
1446 816 1592 847 futurum
1605 818 1651 847 est
1662 825 1776 847 verum

1001 867 1189 906 increatum,
1200 868 1275 908 quia
1288 878 1404 899 verum
1417 869 1593 900 increatum
1605 871 1650 900 est
1661 879 1777 901 verum

1001 921 1158 950 aeternum
1175 932 1182 951 :
1199 921 1254 951 sed
1273 921 1350 952 fides
1364 924 1472 952 nostra
1493 924 1540 954 est
1561 923 1643 953 circa
1662 932 1777 954 verum

1000 972 1158 1013 futurum,
1174 975 1249 1014 quia
1264 975 1423 1007 credimus
1438 976 1540 1006 carnis
1569 976 1776 1008 resurrectio-

1001 1034 1087 1064 nem,
1104 1036 1176 1066 quae
1192 1037 1250 1058 nec
1274 1029 1331 1065 est,
1349 1038 1406 1059 1100
1425 1029 1494 1067 suit,
1512 1029 1565 1060 sed
1580 1029 1688 1060 futura
1703 1031 1749 1060 est
1766 1040 1773 1061 :

1001 1087 1079 1118 ergo
1091 1080 1219 1111 videtur
1233 1082 1319 1121 quod
1334 1082 1412 1113 fides
1420 1091 1485 1113 non
1501 1084 1629 1113 tantum
1639 1083 1678 1114 sit
1693 1083 1776 1114 01103

1000 1140 1116 1163 verum
1140 1133 1329 1173 increatum,
1345 1135 1403 1166 sed
1429 1135 1526 1165 etiam
1552 1136 1635 1165 circa
1661 1144 1776 1166 verum

1001 1187 1154 1216 creatum.

1041 1239 1072 1268 4.
1086 1238 1176 1276 Item,
1192 1239 1218 1269 si
1234 1240 1307 1279 quis
1319 1240 1520 1280 pertinaciter
1536 1243 1688 1272 assereret
1706 1250 1774 1272 esse

1000 1290 1115 1322 falsum
1137 1293 1221 1331 quod
1243 1302 1332 1324 sacra
1357 1293 1522 1334 Scriptura
1547 1295 1622 1325 dicit
1635 1303 1703 1325 esse
1720 1303 1773 1325 ve·

1000 1353 1086 1381 rum,
1106 1347 1186 1376 esset
1209 1346 1379 1377 haereticus
1401 1356 1409 1378 ι
1435 1356 1514 1386 ergo
1538 1347 1664 1378 videtur
1688 1347 1775 1387 quod

999 1398 1159 1437 objectum
1175 1399 1246 1429 fidei
1259 1400 1449 1431 extendatur
1464 1400 1503 1431 ad
1518 1401 1639 1438 omnia,
1656 1409 1729 1440 quae
1739 1401 1774 1432 in

1000 1460 1089 1481 sacra
1115 1451 1279 1492 Scriptura
1302 1453 1486 1484 scribuntur
1509 1465 1515 1484 :
1541 1454 1595 1484 sed
1623 1455 1658 1485 in
1685 1463 1775 1485 sacra

1001 1504 1163 1544 Scriptura
1178 1505 1278 1536 multo
1298 1505 1388 1545 plura
1403 1507 1586 1538 scribuntur
1597 1507 1635 1538 de
1649 1509 1773 1547 tempo-

1000 1557 1131 1596 ralibus,
1145 1568 1242 1598 quam
1260 1559 1400 1597 aeternis,
1419 1559 1458 1591 de
1476 1561 1598 1599 creatiS,
1614 1570 1712 1600 quam
1727 1561 1775 1591 in-

1000 1612 1129 1649 creatis;
1146 1612 1226 1642 sicut
1245 1612 1330 1652 quod
1348 1613 1510 1644 Abraham
1536 1614 1651 1653 genuit
1677 1613 1774 1652 Isaac,

1000 1666 1030 1694 et
1040 1665 1219 1696 consimilia
1235 1674 1340 1705 :ergo
1364 1666 1493 1697 videtur
1515 1667 1600 1706 quod
1616 1667 1777 1707 obJectum

1000 1717 1073 1748 fidei
1089 1717 1194 1756 magis
1209 1718 1359 1749 consistat
1370 1719 1404 1749 in
1417 1728 1495 1750 vero
1506 1721 1620 1758 creato,
1636 1728 1735 1760 quam
1742 1720 1776 1750 in

999 1780 1076 1801 vero
1091 1771 1242 1802 increato.

1040 1826 1068 1854 5.
1087 1824 1164 1855 Item
1179 1824 1370 1856 illuminatio
1392 1825 1464 1857 fidei
1480 1826 1625 1865 sequitur
1640 1826 1692 1857 vel
1704 1835 1776 1857 con-

999 1878 1169 1909 comitatur
1198 1879 1468 1910 illuminationem
1494 1880 1672 1919 prophetiae
1697 1889 1705 1910 :
1722 1879 1776 1910 sed

999 1932 1165 1972 prophetia
1202 1932 1342 1963 maxime
1377 1935 1407 1963 et
1442 1933 1604 1974 praecipue
1637 1933 1777 1964 consistit.

999 1986 1081 2016 circa
1097 1995 1212 2016 verum
1228 1988 1383 2025 creatum,
1400 1995 1475 2017 cum
1489 1986 1529 2017 sit
1543 1987 1777 2027 praenunciatio

998 2040 1181 2070 futurorum
1198 2050 1204 2070 ι
1222 2049 1300 2079 ergo
1315 2040 1384 2080 pari
1410 2040 1533 2071 ratione
1549 2039 1675 2071 videtur
1691 2039 1777 2080 quod

999 2095 1030 2123 et
1045 2092 1114 2132 ipsa
1123 2093 1216 2124 fides.

1276 2187 1503 2220 CONCLUSIO.

999 2254 1075 2281 Fidei
1104 2254 1235 2289 objectum
1257 2255 1399 2289 proprium
1413 2275 1421 2288 ,
1446 2253 1587 2281 secundum
1608 2253 1678 2288 quod
1696 2253 1776 2280 lmbet

1033 2300 1167 2326 racionem
1182 2300 1279 2325 motz'vz'
1286 2319 1294 2332 ,
1312 2301 1349 2337 est
1360 2306 1451 2325 verum
1465 2299 1614 2325 increatum
1624 2306 1633 2324 .·
1645 2297 1775 2331 objectum

1034 2351 1095 2370 vero
1107 2345 1178 2370 circa
1191 2343 1262 2378 quod
1274 2345 1407 2377 versatur,
1422 2346 1552 2377 tanquam
1565 2343 1594 2369 id
1607 2342 1677 2377 quod
1689 2342 1775 2369 credit

1034 2395 1086 2415 csse
1099 2396 1190 2415 verum
1201 2408 1209 2421 ,
1223 2390 1310 2423 potest
1324 2395 1376 2415 esse
1390 2396 1481 2415 verum
1497 2390 1624 2415 creatum.

1039 2468 1131 2509 Resp.
1149 2469 1187 2500 ad
1210 2478 1282 2508 arg.
1307 2468 1482 2499 Dicendum
1501 2467 1587 2508 quod
1613 2467 1774 2507 objectum

998 2522 1135 2561 alicujus
1158 2522 1287 2553 habitus
1313 2521 1468 2561 cognitivi
1490 2520 1657 2560 dupliciter
1678 2520 1774 2551 habet

1000 2603 1030 2626 111
1041 2603 1120 2627 Sent..
1131 2602 1188 2626 dist.
1204 2608 1275 2633 niv,
1283 2609 1308 2633 q.
1322 2608 1346 2633 1;
1356 2601 1446 2626 Thom.
1457 2602 1572 2633 Argent.,
1582 2601 1612 2624 tlt
1626 2599 1772 2630 Sent.,dist.

998 2644 1071 2668 xxxv,
1081 2645 1105 2669 q.
1118 2644 1136 2668 1,
1152 2639 1199 2662 art.
1212 2640 1234 2662 1.
