2017 2960
641 142 737 174 DIST.
761 141 852 174 XXV.
875 141 966 173 ART.
990 141 1013 173 Ι.
1039 140 1188 179 QUAEST.
1214 141 1267 173 ΙΙΙ.

152 212 213 243 cit:
230 212 449 252 «Fragmenta
464 213 539 242 sunt
549 213 667 242 secreta
675 210 836 251 mysteria,
852 217 925 249 quae

152 266 289 306 populus
299 266 479 296 communis
490 275 600 306 capere
612 274 677 296 non
690 265 826 305 potest.»
839 263 926 302 Ergo

153 319 179 349 si
192 319 251 349 ista
263 321 381 350 secreta
391 319 541 359 mysteria
552 321 626 350 sunt
638 318 778 349 maxime
791 327 839 355 ea,
852 325 925 356 quae

153 373 293 412 spectant
302 372 342 403 ad
351 372 500 404 articulos
512 373 584 403 fidei
596 372 790 409 christianae,
800 370 926 402 videtur

152 424 644 465 quodpopulusnonteneaturad
651 434 687 456 ea
694 423 922 463 cognoscenda.

192 477 272 508 Item
290 478 330 509 ad
346 478 406 509 hoc
427 479 512 519 quod
531 478 650 518 aliquid
665 478 781 508 sciatur
794 476 927 507 scientia

151 531 416 568 demonstrativa,
437 532 554 562 sufficit
569 531 653 571 quod
672 531 789 561 sciatur
803 530 836 560 11]
851 529 926 560 uni-

151 584 277 623 versali,
293 586 324 615 et
339 594 404 616 non
425 587 548 625 oportet
572 584 656 624 quod
674 584 792 614 sciatur
806 583 839 613 in
852 591 924 622 par-

152 637 288 669 ticulari.
310 637 344 668 Si
366 647 444 678 ergo
466 638 607 678 cognitio
630 637 703 668 fidei
719 638 866 668 contenta
881 638 928 667 est

152 691 270 722 minori
289 691 487 730 certitudine,
504 701 603 731 quam
614 691 653 722 sit
664 689 819 721 certitudo
831 689 928 720 scien-

152 744 205 775 tiae
220 744 487 783 demonstrativae,
506 744 633 775 videtur
643 743 728 783 quod
742 752 808 774 non
822 745 928 773 tenea-

152 799 206 828 tur
226 798 298 838 quis
319 806 377 838 per
394 797 490 828 fidem
510 797 637 828 credere
654 806 765 828 omnes
778 796 928 827 articulos

153 850 308 891 explicite.

193 904 271 936 Item
286 905 380 945 pauci
399 906 489 942 sunt,
510 904 570 934 nisi
592 904 653 934 sint
676 904 756 935 bene
779 903 875 944 periti
894 904 928 934 in

152 958 326 998 theologia,
342 958 398 998 qui
413 958 514 988 sciant
527 957 676 988 articulos
688 957 831 997 Symboli
846 958 927 988 bene

152 1012 367 1051 distinguere,
391 1013 421 1042 et
444 1020 626 1042 numerare.
648 1011 682 1042 Si
710 1020 788 1050 ergo
817 1020 928 1042 01111105

151 1066 336 1096 tenerentur
355 1074 442 1096 nunc
463 1074 574 1096 omnes
593 1065 741 1096 articulos
756 1065 831 1096 fidei
848 1065 927 1096 scire

150 1117 295 1149 distincte
304 1120 334 1149 et
347 1118 503 1158 explicite,
513 1119 606 1158 pauci
617 1119 828 1157 salvarentur,
839 1119 927 1159 quod

150 1174 196 1203 est
211 1172 302 1202 valde
315 1171 441 1202 crudele
455 1172 569 1202 dicere.

190 1224 283 1263 Item,
313 1225 338 1255 si
371 1234 483 1256 omnes
515 1227 699 1255 tenerentur
729 1234 816 1256 nunc
848 1226 927 1256 scire

150 1286 262 1309 omnes
283 1277 432 1309 articulos
454 1278 527 1309 fidei
547 1278 708 1318 explicite,
725 1287 799 1309 cum
817 1278 851 1309 in
870 1288 926 1310 ve-

148 1331 208 1362 teri
225 1330 426 1362 Testamento
443 1340 508 1362 non
523 1334 718 1369 tenerentur,
734 1332 815 1363 sicut
829 1341 927 1373 supra

149 1384 318 1424 probatum
337 1386 398 1422 est,
418 1384 548 1416 videtur
566 1385 650 1425 quod
673 1385 775 1416 multo
794 1386 926 1425 gravior

149 1437 188 1468 sit
209 1437 263 1468 lex
285 1437 479 1477 Evangelica
493 1461 500 1475 ‚
523 1447 620 1478 quam
637 1438 783 1469 Mosaica.
801 1438 833 1469 Si
849 1448 928 1479 ergo

150 1491 379 1522 inconveniens
407 1494 453 1523 est
474 1493 536 1524 hoc
563 1492 666 1523 dicere
678 1517 685 1530 ,
716 1494 811 1523 restat
840 1493 927 1533 quod

150 1553 216 1575 non
241 1547 390 1577 tenentur
411 1555 522 1577 omnes
543 1546 582 1577 ad
604 1546 798 1578 credendum
813 1547 928 1587 singu-

150 1598 198 1630 los
212 1599 362 1632 articulos
379 1600 535 1640 explicite,
553 1602 583 1631 et
598 1600 753 1631 distincte.

411 1698 639 1731 CONCLUSIO.

150 1779 331 1807 Necessarium
347 1780 384 1805 est
395 1779 457 1813 post
472 1777 615 1804 adrentum
630 1777 745 1811 Christi,
758 1779 861 1806 credere
876 1788 928 1807 non

186 1823 261 1851 modo
269 1824 403 1858 implicite
417 1831 503 1850 omnes
518 1823 661 1854 articulos,
675 1823 720 1850 sed
728 1825 809 1850 etiam
823 1825 928 1859 aliquos

186 1869 337 1903 empticite3
360 1868 421 1894 licet
442 1868 567 1902 explicite
586 1875 626 1894 eos
645 1876 731 1895 omnes
753 1868 854 1895 credere
877 1877 928 1896 non

186 1915 223 1941 sii
235 1913 357 1940 omnibus
373 1912 507 1947 (ma-rime
518 1912 701 1947 simplicibus)
718 1915 903 1942 necessarium.

190 1979 282 2019 Resp.
311 1978 351 2009 ad
384 1985 455 2017 arg.
488 1977 663 2008 Dicendum
699 1978 783 2018 quod
818 1988 929 2011 omnes

150 2031 319 2064 Christiani
341 2032 411 2071 post
434 2030 609 2061 adventum
640 2030 753 2062 Christi
780 2033 929 2064 tenentur

150 2086 277 2118 credere
299 2093 410 2116 omnes
432 2083 591 2115 articulos.
609 2082 674 2115 Hoc
697 2086 805 2115 autem
821 2086 928 2126 tripli-

150 2140 227 2171 citer
241 2140 426 2179 potestesse
445 2149 450 2168 :
466 2139 521 2168 aut
542 2146 653 2168 omnes
677 2138 803 2170 credere
822 2139 929 2180 impli-

151 2194 222 2232 cite,
238 2194 295 2224 aut
308 2200 419 2223 omnes
433 2191 560 2222 credere
578 2191 739 2231 explicite,
755 2193 810 2222 aut
831 2202 929 2232 quos-

152 2247 225 2278 dam
247 2246 418 2287 implicite,
439 2245 594 2285 quosdam
616 2245 773 2285 explicite.
798 2245 930 2278 Credere

152 2309 264 2332 omnes
295 2299 446 2340 implicite
481 2301 527 2329 est
554 2298 627 2329 fidei
655 2298 832 2330 diminutae.
860 2299 930 2330 Non

153 2354 240 2385 enim
253 2353 370 2385 sufficit
392 2352 487 2383 modo
508 2352 622 2390 alicui,
637 2352 692 2392 qui
715 2352 810 2383 habet
833 2362 930 2384 usum

152 2407 300 2445 rationis,
318 2406 352 2437 in
367 2405 511 2446 generali
525 2405 651 2436 credere
672 2405 928 2446 Redemptorem‚

153 2462 184 2492 et
198 2462 471 2491 remuneratorem
492 2470 499 2490 ι
517 2459 595 2490 adeo
610 2458 697 2489 enim
710 2459 822 2489 notitia
849 2469 931 2499 quo-

154 2513 304 2544 rumdam
330 2513 539 2544 articulorum
562 2512 730 2543 manifesta
753 2514 819 2550 est,
845 2513 931 2552 quod

153 2567 262 2599 nullus
284 2567 405 2598 habens
425 2575 522 2598 usum
545 2567 677 2598 rationis
702 2567 846 2607 ignoret,
871 2567 933 2599 nisi

154 2621 286 2653 omnino
300 2620 447 2661 negligat
460 2622 491 2652 et
507 2622 690 2654 contemnat
713 2621 767 2653 Dei
788 2621 910 2652 cultum
922 2646 930 2661 ,

1696 145 1755 175 553

980 211 1011 240 et
1032 209 1167 240 salutem
1192 218 1294 240 suam.
1322 209 1454 240 Credere
1470 211 1578 240 autem
1601 211 1756 250 quosdam

982 261 1144 302 implicite,
1161 263 1316 302 quosdam
1331 263 1490 303 explicite,
1504 263 1563 293 hoc
1575 265 1621 293 est
1636 264 1674 293 ad
1684 264 1757 294 fidei

981 316 1117 347 salntem
1132 317 1357 348 necessarium.
1376 316 1481 347 Potest
1498 316 1584 347 enim
1599 317 1671 347 fidei
1685 317 1758 347 sim-

981 369 1112 408 plicium
1137 370 1294 401 sufficere.
1318 371 1365 401 Ad
1385 370 1454 401 illos
1481 372 1589 400 autem
1611 372 1759 401 tenentur

982 422 1128 461 explicite
1143 423 1326 462 credendos,
1343 433 1423 464 quos
1438 423 1620 454 manifestat
1634 423 1679 454 eis
1693 432 1759 454 non

981 475 1085 506 solum
1104 476 1306 516 przedicatio,
1329 477 1383 507 sed
1412 477 1507 507 etiam
1532 476 1760 507 ecclesiasticus

982 537 1072 565 mus,
1087 531 1118 559 et
1133 530 1329 559 consuetudo
1345 538 1352 560 t
1370 530 1448 560 sicut
1463 530 1555 560 estde
1572 530 1696 561 unitate
1709 554 1717 568 ,
1731 532 1761 561 et

981 581 1151 620 Trinitate,
1166 591 1263 622 quam
1279 586 1412 622 possunt
1430 592 1522 614 nosse
1546 592 1586 614 ex
1606 583 1673 623 ipso
1689 585 1761 614 actu

982 635 1233 674 consignationis
1251 647 1257 666 z
1274 636 1463 675 consignant
1484 636 1571 667 enim
1591 645 1623 666 se
1648 636 1681 666 in
1701 645 1762 667 no-

982 691 1068 721 mine
1082 690 1201 729 Patris,
1219 692 1250 721 et
1266 690 1354 728 Filii,
1372 693 1403 722 et
1424 691 1560 730 Spiritus
1586 691 1685 722 sancti
1705 702 1712 722 z
1730 693 1761 722 et

982 743 1063 774 sicut
1082 746 1129 774 est
1150 744 1187 774 de
1214 744 1379 775 nativitate
1393 768 1401 782 ,
1418 744 1563 784 passione
1575 768 1583 782 ,
1600 753 1761 775 resurrec-

983 797 1079 834 tione,
1096 799 1127 828 et
1141 799 1342 837 peccatorum
1357 797 1563 836 remissione,
1580 806 1660 837 quos
1681 806 1761 837 cog-

982 859 1112 881 noscere
1127 852 1260 890 possunt
1275 860 1314 881 ex
1324 850 1400 891 ipsis
1409 850 1661 889 solennitatibus,
1679 860 1760 891 quas

983 903 1121 935 Ecclesia
1145 904 1296 942 celebrat,
1321 907 1352 935 et
1381 904 1503 935 actibus
1536 905 1758 936 sacerdotum:

982 957 1052 989 ideo
1071 959 1109 989 ab
1126 959 1245 989 horum
1265 958 1447 998 cognitione
1467 960 1498 989 et
1519 959 1629 989 notitia
1654 958 1761 989 nullus

982 1012 1104 1043 ratione
1117 1014 1209 1042 utens
1226 1012 1404 1052 excipitur,
1419 1021 1478 1043 nec
1498 1013 1681 1051 ignorantia
1705 1022 1760 1043 ex-

983 1068 1123 1105 cusatur,
1140 1067 1216 1106 quia
1231 1075 1295 1096 non
1311 1067 1413 1106 potest
1428 1075 1494 1097 esse
1509 1066 1578 1097 talis
1603 1067 1761 1106 ignoran-

982 1120 1030 1165 tia&
1052 1120 1120 1150 sine
1151 1119 1353 1159 negligentia
1384 1122 1414 1150 et
1447 1122 1642 1160 contemptu.
1676 1120 1762 1151 Alios

982 1174 1077 1204 etiam
1094 1173 1244 1204 articulos
1259 1174 1382 1204 nonita
1408 1174 1590 1204 manifestos
1614 1175 1763 1205 tenentur

982 1227 1092 1266 utique
1121 1227 1249 1257 credere
1277 1227 1441 1267 implicite.
1470 1227 1624 1267 Implicite
1654 1230 1763 1258 autem

983 1289 1062 1311 voco
1077 1280 1215 1319 credere,
1232 1282 1269 1311 ut
1282 1280 1314 1310 in
1329 1280 1472 1320 generali
1488 1280 1617 1311 credant
1631 1281 1762 1312 univer-

986 1334 1092 1364 saliter
1104 1343 1209 1372 omne,
1227 1334 1312 1373 quod
1328 1334 1426 1365 credit
1441 1336 1641 1365 sacrosancta
1662 1337 1764 1366 mater

984 1387 1133 1425 Ecclesia,
1150 1388 1193 1418 ita
1209 1388 1294 1427 quod
1309 1388 1341 1418 in
1357 1388 1542 1428 particulari
1557 1398 1576 1418 a
1590 1388 1762 1420 11111101110-

983 1450 1056 1471 rum
1076 1441 1280 1480 dissentiant,
1302 1451 1361 1473 nec
1385 1442 1526 1482 aliquem
1551 1441 1762 1473 articulorum

983 1497 1170 1528 discredant.
1189 1496 1321 1528 Credere
1347 1499 1456 1528 autem
1479 1506 1590 1528 omnes
1612 1497 1761 1528 articulos

983 1551 1127 1583 distincte
1153 1554 1184 1582 et
1212 1552 1358 1592 explicite
1371 1576 1379 1590 ,
1410 1554 1457 1582 est
1484 1552 1558 1582 fidei
1589 1553 1658 1592 Jam
1683 1561 1761 1592 pro-

984 1607 1094 1636 vectae.
1111 1605 1177 1636 Hoc
1201 1605 1287 1636 enim
1308 1614 1373 1636 non
1396 1607 1442 1636 est
1464 1605 1502 1636 de
1522 1605 1664 1645 generali
1688 1605 1762 1636 fidei

983 1659 1165 1690 necessitate
1184 1669 1190 1690 :
1214 1659 1267 1690 sed
1291 1659 1317 1690 si
1339 1658 1554 1690 necessarium
1577 1660 1623 1690 est
1647 1659 1759 1697 alicui,

983 1712 1044 1743 illis
1058 1714 1104 1743 est
1118 1713 1351 1750 necessarium,
1368 1712 1424 1752 qui
1440 1712 1473 1743 in
1489 1712 1671 1751 cognitione
1688 1711 1762 1742 fidei

984 1766 1197 1805 profecerunt,
1214 1768 1244 1796 et
1257 1766 1318 1796 illis
1333 1766 1505 1806 potissime,
1517 1765 1572 1805 qui
1581 1765 1677 1796 fidem
1691 1764 1761 1795 aliis

985 1820 1142 1859 explicare
1158 1822 1189 1850 et
1203 1820 1404 1851 manifestare
1423 1822 1582 1858 tenentur,
1600 1819 1651 1850 vel
1665 1819 1761 1850 etiam

984 1873 1039 1912 qui
1070 1873 1212 1904 officium
1239 1873 1371 1904 docendi
1401 1874 1430 1904 et
1454 1873 1647 1912 praedicandi
1672 1881 1762 1903 assu-

986 1928 1088 1964 munt,
1107 1927 1186 1957 sicut
1202 1927 1558 1958 sunthabentescuram
1568 1926 1761 1965 animarum,

985 1982 1016 2012 et
1030 1980 1250 2020 praedicatores
1268 1980 1359 2013 verbi
1375 1980 1443 2019 Dei,
1459 1982 1490 2011 et
1504 1980 1646 2011 doctores
1665 1988 1762 2010 sacrae

985 2033 1174 2074 Scripturae,
1190 2038 1221 2065 et
1235 2035 1289 2066 alii
1306 2043 1447 2074 quorum
1471 2034 1668 2065 conversatio
1689 2042 1763 2064 ver-

985 2089 1074 2119 satur
1088 2088 1171 2119 circa
1186 2088 1259 2119 fidei
1278 2088 1456 2119 veritatem.
1475 2087 1540 2118 Hoc
1570 2089 1676 2118 tamen
1698 2095 1763 2117 non

986 2141 1078 2173 credo
1092 2151 1158 2172 esse
1173 2143 1390 2182 opportunum
1402 2141 1562 2180 omnibus,
1572 2141 1628 2181 qui
1640 2140 1764 2171 salvan-

985 2197 1049 2226 tur.
1079 2196 1169 2227 Multi
1197 2196 1283 2227 enim
1305 2198 1381 2227 sunt
1403 2195 1479 2227 boni
1501 2195 1677 2235 simplices,
1707 2194 1763 2234 qui

986 2249 1134 2289 quamvis
1148 2251 1210 2280 sint
1224 2259 1332 2290 parvae
1349 2249 1550 2290 cognitionis,
1567 2250 1641 2279 sunt
1655 2250 1764 2278 tamen

986 2310 1115 2341 magnae
1128 2301 1304 2333 devotionis
1320 2311 1327 2333 :
1344 2304 1375 2333 et
1386 2301 1463 2332 tales
1477 2302 1567 2342 pium
1580 2302 1626 2331 est
1638 2299 1763 2331 credere

986 2355 1026 2385 ad
1047 2355 1181 2386 salutem
1204 2355 1383 2396 pervenire.
1412 2355 1449 2386 Et
1468 2357 1633 2395 propterea
1649 2361 1764 2384 conce-

987 2407 1127 2438 dendum
1142 2409 1199 2446 est,
1216 2408 1302 2449 quod
1316 2408 1389 2439 licet
1403 2410 1620 2448 opportunum
1639 2407 1678 2437 sit
1690 2415 1764 2437 om-

987 2461 1081 2492 nibus
1104 2470 1170 2492 non
1190 2461 1296 2493 solum
1327 2462 1452 2493 credere
1474 2470 1584 2492 omnes
1615 2459 1764 2491 articulos

987 2515 1138 2555 implicite
1152 2539 1161 2554 ,
1179 2515 1234 2546 sed
1254 2515 1351 2546 etiam
1366 2515 1521 2556 quosdam
1534 2514 1680 2554 explicite
1695 2515 1764 2554 post

987 2569 1161 2601 adventum
1182 2569 1310 2607 Christi;
1328 2577 1393 2600 non
1413 2571 1523 2600 tamen
1550 2570 1596 2600 est
1619 2576 1763 2600 necessa-

987 2622 1073 2655 rium
1085 2622 1248 2662 omnibus,
1262 2622 1403 2655 maxime
1413 2622 1624 2664 simplicibus,
1637 2620 1764 2655 credere
