2017 2960
556 185 652 217 DlST.
679 185 728 216 lll.
755 182 868 214 PAR‘t'.
896 181 917 212 ΙΙ

137 257 174 288 de
205 255 381 297 purissimis
407 254 548 293 Virginis
577 253 791 293 sanguinibus
820 250 913 281 fuerit

137 311 282 342 formata.
299 309 501 348 Augustinus.
522 308 606 341 dicit,
630 306 714 347 qnod
737 314 915 345 assumpse-

138 364 178 394 rit
192 363 353 404 primitiva
367 363 485 392 nostran
502 370 625 391 massae.
651 360 685 390 Et
702 360 761 390 hoc
785 358 914 399 quidem

139 417 353 448 necessarium
368 418 414 445 est
431 425 562 456 ponere,
579 415 654 455 qnia
669 414 748 444 alias
765 422 828 444 non
845 412 916 443 fnis-

139 473 184 502 set
203 470 377 501 necessaria
393 469 535 509 Virginis
555 467 762 498 sanctificatio
778 467 816 496 ad
840 466 914 503 troc,

139 524 223 564 quod
239 524 431 555 formaretur
446 532 519 554 caro
535 521 650 552 Christi
665 521 733 551 sine
746 519 832 550 omni
850 528 918 559 per-

138 580 219 608 cato.
239 576 308 608 Non
329 579 410 608 esset
431 577 526 608 etiam
550 574 692 605 Christus
709 582 784 604 vere
807 572 845 603 de
868 582 916 601 se-

140 633 226 664 mine
253 633 350 663 David
375 635 406 663 et
428 631 584 667 Abrahae,
609 629 662 659 sed
687 628 792 658 solum
816 626 916 657 Adae:

139 686 293 726 quoniam
308 686 335 716 si
358 685 507 726 praedicto
529 683 623 714 modo
643 682 683 712 ab
699 682 751 712 illa
767 680 920 721 particula

140 740 364 777 descendiaeet,
381 739 420 769 ad
443 738 568 769 nullum
584 737 721 767 aliorum
737 735 918 776 pertint-ret,

141 793 201 823 nisi
216 793 298 823 sient
312 792 350 823 ad
365 793 526 829 deit—rens,
544 790 816 831 quemadmodum
837 797 921 827 aqua

141 849 344 887 comparatur
367 846 405 876 ad
428 845 548 876 canale.
578 844 646 875 Non
668 845 749 873 esset
770 842 866 872 etiam
891 842 922 871 in

142 900 194 931 tali
209 909 306 931 carne
322 909 408 931 verce
426 899 641 940 passibilitatis
655 897 847 937 assumptio,
867 904 923 926 nec

142 956 259 985 nostrae
276 954 470 984 infirmitatis
486 962 561 984 vera
578 952 749 992 reparatio,
765 951 842 990 qnia
858 958 923 980 non

143 1007 181 1038 de
197 1010 313 1039 natura
324 1008 412 1048 lapsa
426 1007 608 1038 fabricasset
625 1006 684 1036 sibi
703 1014 852 1042 carnem,
870 1003 923 1033 sed

144 1059 250 1099 potius
272 1060 310 1090 dc
335 1059 478 1090 instituta
502 1071 508 1090 :
527 1068 599 1099 qnae
619 1058 753 1089 omnino
778 1057 927 1087 inconve-

145 1112 265 1144 nientia
286 1115 379 1151 sunt,
397 1116 427 1144 et
450 1113 522 1143 fidei
543 1122 629 1144 sanae
653 1110 864 1142 adversantia.
889 1109 928 1140 Et

144 1166 214 1197 ideo
237 1167 388 1206 pra‘dicta
413 1167 526 1206 positio
551 1169 705 1206 tanquam
727 1174 861 1195 erronea
881 1165 927 1193 est

145 1220 340 1260 respuenda,
368 1220 449 1251 sient
473 1220 624 1259 Magister
648 1219 728 1250 bene
752 1218 874 1248 notavit
893 1217 927 1247 in

145 1271 259 1309 littera,
274 1274 304 1302 et
322 1271 477 1311 magister
493 1271 588 1310 llugo
603 1271 635 1301 in
655 1270 737 1301 libro
754 1269 794 1301 de
810 1270 928 1301 Sacra-

147 1323 290 1355 mentis¹.
311 1321 445 1354 Planum
462 1325 508 1354 est
529 1331 626 1361 ergo,
651 1320 830 1352 secundum
854 1320 929 1351 doc-

145 1377 264 1409 trinam
280 1377 487 1416 catholicam,
506 1386 636 1408 carnem
657 1375 771 1407 Christi
787 1375 820 1406 in
843 1374 930 1405 lum-

146 1431 194 1462 bis
208 1434 394 1472 parentum,
411 1431 444 1462 in
459 1431 578 1471 quihus
594 1430 653 1461 fuit
673 1429 896 1467 materialiter,
911 1438 931 1459 a

148 1494 242 1516 carne
255 1485 394 1517 aliorum
409 1484 580 1516 hominum
599 1493 665 1516 non
681 1484 778 1515 fuisse
799 1483 931 1513 distinc-

148 1542 213 1570 tam
241 1538 429 1580 qualitative
440 1562 448 1576 ,
478 1537 528 1569 vel
553 1537 730 1569 formaliter
742 1561 750 1574 ‚
780 1537 932 1576 quamvis

149 1595 317 1634 postquam
344 1592 435 1624 unita
464 1594 511 1623 est
539 1590 660 1629 Verbo,
693 1590 931 1622 distinctionem

150 1647 278 1686 habeat,
296 1655 353 1687 pro
372 1655 410 1677 eo
425 1645 511 1686 quod
537 1654 603 1676 non
624 1647 671 1676 est
692 1654 765 1676 caro
789 1644 907 1684 peccati
923 1668 930 1683 ‚

149 1701 204 1733 sed
219 1701 332 1733 similis
347 1700 510 1741 peccatrici
529 1712 536 1731 ;
554 1702 585 1731 et
600 1709 657 1741 pro
672 1702 760 1731 tanto
776 1700 851 1730 dicit
865 1700 931 1731 Au-

149 1757 299 1796 gustinus
310 1760 332 1794 ²,
351 1755 437 1797 quod
452 1764 525 1786 caro
539 1754 653 1786 Christi
669 1754 792 1785 venerit
805 1755 843 1785 de
858 1755 932 1786 alti-

149 1811 260 1843 tudine
275 1810 430 1842 humanae
442 1811 579 1846 natnrae‚
592 1818 658 1840 non
670 1808 756 1849 quod
773 1809 805 1839 in
822 1810 932 1849 primis

150 1865 336 1906 parentibus
357 1864 427 1895 sine
444 1863 619 1904 pollutione
638 1862 734 1893 fuerit
744 1885 753 1900 ‚
770 1863 823 1894 sed
845 1864 930 1904 quod

149 1919 194 1951 sic
213 1919 381 1960 purificata
401 1917 496 1950 fuerit
516 1919 548 1948 et
573 1917 726 1948 mundata
747 1916 781 1947 in
803 1926 860 1947 sua
878 1926 930 1947 as-

150 1973 345 2014 sumptione,
361 1971 447 2013 quod
462 1971 574 2003 similis
585 1971 682 2002 fuerit
695 1971 783 2001 carni
800 1971 832 2001 in
847 1973 932 2002 statu

152 2027 354 2058 innocentiae.
374 2025 543 2065 Propterea
559 2025 676 2055 dicitur
692 2034 710 2054 a
733 2024 842 2055 Boetio
854 2027 876 2062 ³,
894 2025 932 2055 de

152 2079 241 2110 omni
256 2080 340 2108 statu
354 2076 474 2117 aliquid
489 2076 656 2116 accepisse,
673 2076 755 2106 sicut
769 2076 851 2106 infra
863 2086 931 2107 me-

151 2132 214 2164 lius
229 2130 492 2163 manifestabitur.
513 2129 601 2161 Unde
623 2129 781 2167 rationes,
805 2139 877 2170 qnae
893 2130 931 2160 ad

153 2186 235 2217 hanc
249 2187 371 2226 partem
385 2184 602 2221 inducuntur,
620 2186 695 2214 sunt
709 2183 929 2214 concedendae.

196 2243 222 2271 t.
240 2239 288 2271 Ad
304 2238 380 2270 illud
400 2247 477 2269 vero
492 2237 577 2278 quod
593 2237 766 2278 opponitur
781 2237 885 2277 primo
900 2238 931 2267 in

154 2293 363 2331 contrarium,
379 2291 464 2332 quod
479 2291 560 2322 nihil
576 2291 779 2331 inquinatum
797 2291 828 2321 in
847 2291 933 2322 illam

154 2347 275 2385 incidit,
284 2346 454 2378 dicendum
467 2345 552 2386 quod
568 2354 681 2376 verum
697 2348 762 2376 est:
775 2345 834 2376 hoc
846 2345 932 2375 enim

156 2400 347 2441 intelligitur
373 2400 411 2431 de
440 2399 594 2439 sapientia
619 2399 729 2429 divina
756 2398 934 2429 secundnm

156 2453 300 2484 divinam
315 2457 463 2484 naturam
474 2477 482 2491 ‚
498 2461 571 2493 qnae
586 2452 674 2483 nullo
690 2452 784 2483 modo
798 2453 935 2483 soedatur

157 2516 198 2538 ex
217 2507 325 2548 aliqua
347 2510 492 2538 creatura
514 2515 522 2536 ι
544 2508 766 2537 verumtamen
788 2506 814 2536 si
839 2506 934 2537 etiam

159 2560 355 2601 intelligatur
373 2560 551 2592 secundum
571 2559 747 2591 humanam
769 2562 933 2599 naturam,

159 2613 264 2646 adhuc
284 2614 343 2647 hoc
359 2624 425 2647 non
439 2615 536 2646 habet
550 2614 734 2646 instantiam
746 2638 755 2652 ,
770 2615 848 2655 quia
863 2625 936 2647 caro

194 2677 326 2708 ¹}iug..d··
336 2677 512 2708 Saea-ammi).
526 2678 555 2708 n,
572 2685 596 2708 p.
615 2678 633 2708 1,
649 2686 670 2701 c.

341 2729 416 2753 ron.
436 2730 480 2754 ιν.

686 2686 706 2701 ι,
718 2692 748 2697 -
761 2679 772 2694 ¹
785 2679 839 2702 imo
853 2679 934 2710 fulg..

926 206 932 212 .
957 180 1047 212 ΛΒΤ.
1074 181 1110 211 ΙΙ.
1135 180 1286 218 QUAEST.
1314 182 1335 212 l.
1709 184 1742 213 8¹

973 249 1102 286 Cin-isti,
1120 259 1159 279 ex
1176 259 1239 289 qno
1254 250 1344 280 nnita
1360 250 1417 280 fuit
1438 248 1541 280 Verbo
1558 248 1625 284 Dei,
1642 252 1750 280 sancta

973 302 1042 340 fnit,
1058 305 1085 332 rt
1104 303 1163 333 fnit
1178 302 1381 333 immaculata
1399 313 1405 334 z
1421 303 1474 333 sed
1491 312 1530 333 ex
1546 303 1604 333 hoc
1621 312 1685 333 non
1701 312 1750 333 se-

973 357 1094 396 qnitur.
1111 357 1195 397 qnod
1221 356 1426 388 immaculata
1449 357 1557 387 fnisset
1581 357 1614 387 in
1640 357 1752 396 primis

975 411 1174 450 parentibus,
1193 420 1249 450 pro
1265 420 1302 441 eo
1321 411 1423 450 quod,
1446 410 1596 451 quamvis
1612 410 1644 440 in
1668 410 1752 441 lum-

975 465 1023 494 bis
1044 467 1212 504 pai-vntum
1237 467 1317 496 esset
1342 464 1483 503 unionis,
1506 466 1573 496 erat
1597 467 1704 495 tamen
1721 464 1753 494 in

975 517 1178 557 dispositione
1197 521 1329 549 remota.

1017 574 1046 602 θ..
1063 571 1108 601 Ad
1126 571 1201 601 illud
1218 572 1302 611 quod
1313 573 1497 611 opponitur,
1512 572 1597 612 quod
1615 572 1756 603 maxima

977 625 1098 665 puritas
1111 625 1203 655 debet
1219 635 1286 655 esse
1298 625 1329 655 in
1343 635 1438 656 carne
1449 626 1575 662 Christi,
1587 626 1757 656 dicendum

977 679 1061 718 qnod
1078 688 1190 709 vernm
1205 681 1250 709 est
1265 679 1442 709 secundnm
1458 678 1542 719 qnod
1559 679 1708 719 competit
1719 678 1758 709 ad

978 733 1213 773 reparationem
1243 733 1378 763 hnmani
1404 733 1532 771 generis
1556 742 1563 763 :
1586 733 1630 763 sic
1651 735 1759 763 autem

980 787 1184 826 intelligendo
1203 796 1268 817 non
1290 789 1389 827 potest
1406 788 1510 827 major
1531 787 1654 827 puritas
1669 786 1761 826 cogi-

980 841 1051 878 tari,
1070 850 1168 881 quam
1192 850 1266 871 cnm
1284 841 1322 872 de
1337 851 1439 872 massa
1456 840 1627 881 peccatrice
1643 842 1763 871 forma-

980 897 1033 925 tnr
1053 904 1127 925 caro
1149 895 1280 925 omnino
1303 895 1459 925 immunis
1473 904 1491 925 a
1507 897 1651 935 peccato,
1669 897 1699 925 et
1720 894 1763 925 sic

982 951 1100 979 fartum
1122 951 1167 979 est
1191 949 1222 979 in
1249 958 1343 980 carne
1359 949 1450 980 unita
1472 948 1586 987 Verbo,
1612 952 1764 989 operante

983 1003 1104 1043 Spiritu
1120 1006 1238 1034 sancto.
1256 1003 1344 1040 Quod
1365 1004 1389 1033 si
1406 1003 1604 1043 intelligatur
1619 1012 1692 1034 caro
1711 1003 1765 1034 illa

983 1066 1152 1097 nunqnam
1168 1057 1199 1086 in
1215 1066 1259 1095 se,
1276 1057 1326 1087 vel
1342 1057 1373 1087 in
1391 1057 1575 1096 parentibus
1591 1057 1687 1088 fuisse
1706 1057 1763 1088 ob-

984 1111 1097 1147 noxia,
1114 1119 1181 1140 uon
1201 1111 1246 1140 sic
1269 1110 1432 1149 cogitatur
1453 1111 1556 1150 qualis
1571 1113 1688 1141 nostrae
1712 1119 1766 1142 re—

984 1165 1158 1204 demptioni
1176 1165 1271 1195 fuerit
1286 1166 1378 1205 apta:
1396 1167 1427 1195 et
1442 1164 1513 1195 ideo
1526 1173 1591 1195 non
1605 1164 1767 1204 cogitatur

984 1218 1122 1258 qualiter
1134 1220 1165 1249 et
1179 1218 1259 1249 sicut
1274 1218 1378 1256 debet,
1393 1218 1447 1249 sed
1462 1218 1570 1258 potius
1581 1218 1768 1258 assignatur

985 1272 1121 1312 qualiter
1134 1281 1199 1303 non
1214 1272 1316 1303 debet.

1026 1329 1055 1357 3.
1080 1325 1128 1356 Ad
1152 1325 1231 1357 illud
1254 1325 1340 1366 quod
1366 1326 1558 1366 opponitur,
1583 1325 1669 1367 quod
1694 1335 1768 1358 caro

987 1379 1100 1410 Christi
1114 1382 1159 1410 est
1176 1379 1346 1418 medicina,
1365 1379 1536 1411 dicendum
1553 1380 1639 1420 quod
1653 1389 1767 1412 verum

987 1436 1033 1465 est
1055 1443 1113 1474 pro
1130 1436 1274 1474 tempore
1296 1443 1361 1474 quo
1382 1434 1541 1465 medicina
1564 1436 1611 1466 est
1635 1445 1641 1465 :
1667 1434 1768 1465 medi-

986 1487 1056 1518 cina
1072 1489 1180 1518 antem
1194 1489 1241 1518 est
1251 1496 1309 1527 pro
1324 1496 1362 1518 eo
1377 1489 1531 1528 tempore,
1547 1496 1612 1528 quo
1631 1497 1651 1519 a
1665 1487 1769 1520 Verbo

987 1544 1151 1582 assumpta
1165 1544 1213 1573 est
1235 1552 1242 1573 :
1266 1543 1297 1572 et
1311 1541 1356 1572 sic
1373 1541 1504 1573 alterius
1524 1541 1687 1582 qualitatis
1701 1544 1768 1581 est,

987 1604 1086 1636 quam
1099 1595 1237 1626 aliorum
1250 1595 1434 1626 hominum.
1446 1595 1508 1627 Pro
1517 1605 1555 1626 eo
1567 1598 1676 1627 autem
1692 1598 1770 1627 tem-

988 1658 1064 1690 pore
1083 1659 1149 1689 quo
1167 1649 1227 1680 fuit
1242 1651 1316 1680 ante
1330 1649 1582 1690 assumptionem
1593 1673 1603 1688 ,
1619 1658 1685 1680 non
1701 1651 1770 1680 erat

988 1703 1146 1734 medicina
1167 1703 1229 1734 nisi
1254 1703 1459 1734 materialiter
1477 1703 1648 1744 loquendo.
1666 1702 1705 1734 Et
1720 1712 1771 1734 se-

988 1757 1132 1788 cundum
1143 1756 1222 1788 illud
1237 1759 1364 1798 tempus
1376 1766 1442 1788 non
1455 1759 1579 1798 oportet
1593 1757 1771 1789 formaliter

988 1811 1147 1851 distingui
1162 1812 1202 1842 ab
1217 1811 1280 1842 alia
1301 1820 1415 1849 carne,
1436 1820 1474 1842 eo
1490 1811 1575 1852 quod
1598 1820 1639 1843 ex
1656 1811 1769 1843 eodem

989 1865 1144 1906 principio
1160 1865 1316 1896 materiali
1333 1867 1436 1906 potest
1455 1865 1586 1897 formari
1608 1874 1725 1897 sanum
1740 1868 1772 1897 et

988 1928 1117 1959 aegrum
1136 1930 1142 1950 :
1163 1919 1254 1950 cibus
1276 1919 1363 1950 enim
1381 1919 1525 1960 eJusdem
1544 1919 1678 1959 generis
1696 1928 1772 1951 con-

988 1973 1126 2005 vertitur
1139 1973 1173 2004 in
1187 1982 1265 2004 sano
1275 1973 1310 2004 in
1324 1982 1454 2004 carnem
1465 1982 1589 2013 sanam,
1602 1973 1637 2004 in
1645 1973 1772 2014 leproso

990 2027 1023 2058 in
1038 2036 1167 2058 carnem
1182 2029 1379 2067 corruptam.

1029 2083 1058 2111 A.
1077 2080 1123 2111 Ad
1141 2080 1217 2111 illud
1233 2080 1319 2120 quod
1334 2080 1519 2120 opponitur,
1535 2081 1621 2121 quod
1644 2081 1669 2111 si
1686 2083 1773 2112 totus

989 2135 1068 2163 esset
1090 2134 1278 2172 corruptus,
1298 2133 1368 2171 ,iam
1390 2141 1456 2162 non
1475 2134 1557 2163 esset
1574 2132 1772 2164 medicabilis

989 2188 1060 2227 ejtis
1086 2186 1237 2223 morbus,
1265 2185 1436 2217 dicendum
1460 2186 1547 2226 quod
1570 2186 1650 2218 illud
1673 2196 1772 2227 argu-

990 2242 1135 2271 mentum
1156 2239 1328 2279 dupliciter
1352 2239 1458 2270 deficit
1477 2248 1485 2270 :
1507 2240 1623 2280 primo,
1648 2241 1724 2281 quia
1747 2241 1770 2271 si

990 2294 1087 2325 homo
1111 2295 1197 2324 totns
1219 2296 1390 2334 corruptus
1414 2296 1513 2331 esset,
1539 2303 1603 2326 non
1627 2295 1772 2335 sequitur

990 2347 1074 2387 quod
1090 2347 1275 2378 incurabilis
1297 2350 1394 2386 essct,
1412 2347 1473 2378 nisi
1493 2347 1546 2378 illa
1566 2348 1728 2388 corruptio
1743 2347 1772 2379 ei

991 2401 1243 2441 inseparabiliter
1277 2401 1467 2433 adhaereret.
1504 2401 1660 2433 Praeterea
1673 2425 1681 2440 ,
1714 2402 1771 2432 etsi

992 2458 1076 2485 totus
1090 2455 1188 2486 homo
1202 2458 1372 2495 corruptus
1387 2457 1469 2486 esset
1491 2458 1652 2496 quantum
1675 2454 1715 2486 ad
1734 2464 1772 2486 ea

991 2518 1065 2549 qnae
1079 2511 1169 2540 erant
1183 2510 1214 2540 in
1226 2518 1270 2547 se,
1287 2518 1351 2540 non
1366 2512 1474 2541 tamen
1489 2510 1677 2549 corruptum
1691 2511 1773 2541 esset

993 2571 1098 2602 genus
1118 2562 1299 2594 humanum
1325 2564 1447 2599 totum.
1470 2562 1555 2602 quod
1582 2562 1772 2594 fabricatum

991 2644 1021 2668 de
1035 2644 1092 2668 Fid.
1105 2644 1223 2672 ιιιΙΙίιΙικ,
1241 2653 1263 2666 ι·.
1281 2650 1309 2667 Η.
1326 2658 1347 2661 --
1364 2644 1373 2658 ³
1384 2645 1466 2672 Βοιὼ,
1481 2643 1510 2667 de
1521 2643 1600 2668 Duab.
1611 2644 1672 2668 Nae.
1687 2646 1711 2668 et
1725 2652 1772 2668 ima

990 2688 1055 2711 pers.
1071 2680 1170 2704 Christi
1180 2698 1188 2710 ‚
1199 2687 1220 2703 c.
1239 2685 1286 2703 vu.

1625 2728 1644 2757 6
