1997 2986
664 148 758 180 ntST.
785 150 807 179 1.
834 149 911 180 ART

124 226 192 248 rem
221 216 507 248 manifestationem
535 226 604 248 suae
634 216 838 248 tortitudinis.
866 217 898 247 ln

124 270 183 301 hoc
206 271 293 301 enim
317 270 402 311 quod
428 270 510 301 Deus
533 280 662 302 carnem
687 270 842 302 humilem
869 273 900 300 et

124 324 284 355 infirmam
300 324 488 364 assumpsit,
508 325 773 364 superbissimum
789 324 899 355 (linbo-

124 377 191 408 lum
208 378 340 418 dejecit,
362 380 391 408 et
412 378 577 409 bominem
601 378 756 409 immilem
779 379 899 409 exulta-

123 432 184 469 vit;
201 432 406 462 fortissimum
421 432 641 463 adversarium
654 432 822 469 confregit,
840 432 899 462 llo-

123 485 243 516 mincm
264 486 429 517 infirmum
450 486 611 517 stabilivit.
630 486 665 516 Et
689 486 720 515 in
744 486 802 516 hoc
819 487 899 516 emi-

123 542 235 571 nenter
264 540 344 570 sacta
372 543 416 570 est
448 539 660 570 manifestatio
691 539 840 579 potentian
869 542 899 568 et

121 593 296 633 sapientiae.
313 593 343 624 Si
361 594 446 624 enim
460 597 468 613 ¹
485 592 570 633 quod
585 593 748 631 infirmum
765 595 809 624 est
826 592 898 629 Dei,

121 648 282 686 potentius
305 650 350 678 est
369 646 515 678 omnibus
539 645 740 683 homiuibus,
761 649 790 677 et
814 645 898 685 quod

121 699 254 731 stultum
269 702 313 731 est
328 699 386 731 Dei
406 699 588 738 sapientius
605 702 650 731 est
675 699 822 731 omnibus
844 697 898 729 1ιο-

120 751 278 790 ηιίηἱὸιιε,
295 753 326 783 et
344 752 439 783 etiam
460 752 677 790 daemonibuS,
700 751 833 792 planum
853 753 899 781 est

118 805 203 846 quod
217 807 287 845 ejus
302 807 453 846 potentia,
468 808 498 837 et
514 805 713 844 excellentia,
728 807 759 836 et
774 805 898 845 sapien-

117 857 179 894 tia,
199 859 455 898 superexcellunt
477 858 587 889 omnia
611 859 644 889 in
667 858 842 889 inlinitum.
863 857 898 888 Et

117 911 186 942 ideo
202 912 258 942 etsi
277 912 503 943 incarnationis
517 922 598 952 opus
614 912 645 942 in
661 921 694 942 se
710 921 774 942 non
791 911 896 942 videa-

117 966 170 996 tur
191 965 292 996 t'acere
313 965 352 997 ad
375 966 494 997 divinae
515 965 780 997 manifestationis
801 965 899 996 hono-

117 1027 203 1057 rem3
227 1019 253 1049 si
279 1022 384 1050 tamen
407 1020 625 1051 consideratur
647 1019 725 1050 illud
749 1019 787 1050 ad
813 1019 897 1059 quod

117 1074 179 1110 est,
197 1072 269 1103 facit
283 1072 518 1112 elegantissime
536 1084 542 1104 :
560 1076 591 1104 et
606 1073 675 1104 ideo
692 1073 852 1104 baercticis
866 1075 896 1103 et

117 1125 300 1157 infidelibus
317 1127 411 1157 caecis
432 1127 575 1157 velatum
593 1128 640 1157 est
658 1129 898 1157 sacramentum

117 1178 362 1216 incarnationis,
380 1179 560 1210 dicentibus
581 1179 665 1219 quod
688 1187 770 1219 opus
793 1179 898 1209 incar-

117 1232 256 1263 nationis
275 1232 391 1263 t‘nceret
409 1233 447 1268 ad
468 1232 587 1264 divinae
609 1233 782 1272 majestatis
801 1233 897 1272 igno-

117 1287 262 1324 miniam,
275 1296 350 1317 cum
365 1296 405 1318 ex
417 1287 561 1327 opposito
577 1286 670 1318 saciat
683 1286 722 1317 ad
737 1286 899 1318 excellen-

117 1341 271 1372 tissimam
289 1341 438 1380 gloriam.

158 1396 189 1426 2.
214 1395 260 1426 Ad
282 1394 359 1425 illud
380 1394 466 1435 quod
484 1395 668 1435 opponitur,
690 1394 778 1435 quod
799 1394 900 1425 nimia

121 1447 181 1479 fuit
194 1448 238 1479 ibi
252 1448 445 1487 humiliatio,
461 1449 644 1489 responderi
660 1450 772 1489 potest,
788 1450 823 1479 ut
837 1448 900 1479 dic-

121 1503 191 1533 tum
205 1504 262 1540 est,
278 1502 364 1543 quod
379 1502 490 1534 divina
505 1505 621 1547 natura
636 1511 702 1533 non
717 1502 777 1533 suit
793 1502 899 1533 humi-

120 1556 195 1587 liata
218 1556 325 1596 aliqua
348 1557 522 1596 dejectione
547 1568 553 1588 z
577 1556 631 1587 sed
655 1566 730 1587 cum
755 1559 901 1588 creatura

120 1610 252 1651 appetiit
266 1619 298 1641 se
312 1619 380 1641 esse
394 1610 506 1649 Deum,
521 1610 629 1641 inflata
645 1611 702 1641 tuit
717 1610 827 1650 aliqua
839 1610 900 1641 ela-

122 1664 207 1695 tione
228 1673 236 1694 :
256 1666 288 1695 et
311 1663 380 1694 ideo
404 1673 444 1694 ex
470 1666 557 1704 parte
582 1664 641 1694 ista
665 1663 812 1695 nimietas
835 1672 900 1694 non

121 1720 212 1748 sonat
235 1717 268 1748 in
292 1717 405 1748 vitium
419 1741 426 1755 ,
448 1718 530 1748 sicut
551 1727 592 1749 ex
617 1720 705 1758 parte
729 1717 792 1748 illa.
813 1716 899 1748 Prae-

121 1776 208 1805 terea
223 1773 256 1804 in
275 1773 328 1804 illa
349 1773 472 1805 ratione
487 1773 593 1805 deficit
613 1773 790 1805 similitudo
802 1798 810 1813 ,
825 1773 902 1814 quia

121 1826 316 1866 exinanitio,
341 1836 413 1867 quae
437 1827 518 1858 facta
541 1827 601 1858 suit
625 1827 658 1858 in
683 1827 902 1867 assumptione

121 1881 274 1912 humanae
289 1883 431 1920 naturae,
452 1881 512 1913 fuit
527 1891 569 1913 ex
588 1890 722 1913 excessu
740 1881 902 1912 charitatis

119 1937 151 1966 et
165 1935 284 1966 amoris
300 1946 307 1966 z
324 1935 378 1966 sed
396 1934 506 1974 elatio,
522 1945 587 1976 qua
601 1935 706 1967 voluit
725 1935 824 1966 homo
839 1934 902 1966 Deo

121 1988 308 2026 assimilari,
324 1988 385 2019 fuit
403 1997 444 2020 ex
463 1998 596 2020 excessu
618 1988 900 2029 praesumptionis:

121 2044 152 2074 et
170 2042 248 2083 quia
263 2042 410 2074 nimietas
431 2043 692 2084 praesumptionis
707 2045 738 2074 et
757 2042 902 2074 elationis

120 2096 343 2137 vituperabilis
365 2098 428 2134 est,
447 2099 478 2128 et
499 2096 647 2128 nimietas
669 2097 847 2128 dilectionis
870 2097 902 2127 in

123 2159 252 2182 summo
270 2149 332 2181 Deo
356 2149 523 2181 laudabilis
545 2153 609 2188 est3
633 2150 708 2181 hinc
731 2153 795 2189 est,
817 2151 902 2190 quod

125 2203 301 2236 exinanitio
317 2204 431 2235 Christi
446 2213 510 2236 non
526 2204 586 2235 suit
599 2205 832 2245 vituperabilis,
849 2205 903 2236 sed

122 2257 301 2295 laudabilis,
312 2258 393 2289 sicut
403 2258 624 2298 vituperabilis
635 2259 693 2290 suit
703 2259 797 2290 elatio
808 2259 903 2299 primi

124 2312 265 2353 parentis
281 2323 288 2343 ε
305 2312 493 2352 procedebat
513 2312 600 2343 enim
619 2321 660 2343 ex
679 2313 779 2343 nimia
799 2313 904 2344 chari-

125 2368 203 2405 tate,
219 2366 257 2397 de
276 2375 341 2406 qua
359 2375 457 2406 supra
479 2366 625 2397 habitum
645 2369 692 2398 est
712 2367 744 2397 in
765 2367 903 2398 auctori-

124 2423 187 2452 tate
197 2421 207 2437 ¹
218 2430 227 2451 ι
239 2421 321 2452 Deus
332 2424 462 2460 propter
474 2422 612 2453 nimiam
623 2421 813 2454 charitalem
821 2445 831 2460 ‚
841 2430 906 2462 qua

126 2474 248 2508 dilexit
261 2483 338 2512 nos,
354 2478 414 2506 etc.

168 2530 198 2560 3.
217 2528 264 2560 Ad
281 2528 360 2560 illud
376 2529 461 2569 quod
476 2529 660 2570 opponitur,
676 2530 761 2570 quod
776 2539 840 2560 non
856 2530 907 2560 ‹le-

131 2582 182 2612 bet
196 2584 375 2613 creaturam
396 2592 489 2613 suam
504 2583 631 2614 trahere
645 2586 736 2614 extra
754 2583 908 2614 terminos

165 2644 172 2660 ¹
187 2644 195 2667 1
209 2644 277 2675 σοι,
289 2650 308 2676 1,
324 2646 369 2676 25,
384 2644 474 2670 iisdem
487 2645 539 2670 tere
556 2646 649 2670 verbis.
665 2659 684 2664 -
699 2647 708 2663 ¹
723 2645 824 2677 ἔνιοι,
841 2652 869 2677 ιι,
885 2647 907 2669 ⁴.

953 150 988 180 ll.
1015 149 1164 186 Ott‘tsssT.
1192 150 1228 180 ΙΙ.
1699 157 1736 185 19

957 227 1032 248 snos
1043 242 1050 253 ,
1077 218 1247 248 dicendum
1275 219 1358 258 quod
1386 222 1530 250 creatura
1557 221 1586 250 in
1614 221 1736 252 Christo

957 274 1099 301 remanet
1128 271 1211 301 intra
1238 272 1390 302 terminos
1416 276 1570 304 creaturae
1591 285 1596 304 :
1616 274 1736 305 ratione

958 327 1063 354 tamen
1082 333 1237 364 personae,
1252 325 1284 354 in
1299 334 1364 364 qun
1379 326 1664 363 substantificatum,
1683 327 1737 357 lia-

959 378 1008 408 bet
1026 378 1351 409 communicationem
1371 379 1558 410 idiomatum
1570 403 1578 415 ,
1596 382 1625 409 et
1644 380 1736 419 parti-

957 431 1041 470 cipat
1057 441 1173 462 nomen
1190 432 1350 469 «livinum,
1364 442 1420 472 pro
1436 444 1473 463 eo
1489 434 1573 473 quod
1591 434 1643 464 illu
1661 434 1737 464 unio

957 485 1049 515 faciat
1075 486 1399 517 communit-ationem
1427 487 1615 518 idiomatum
1641 487 1736 518 salvis

958 539 1206 578 proprietatibus
1221 541 1413 570 assumentis
1428 543 1458 571 et
1473 541 1639 581 assumpti.

998 593 1027 622 t.
1051 591 1089 623 Et
1107 602 1162 632 pcr
1176 593 1235 623 hoe
1254 595 1336 633 patet
1354 594 1518 634 responsio
1533 594 1570 624 ad
1587 602 1735 633 sequens,

956 645 1041 685 qnod
1058 646 1231 686 opponitur
1244 647 1281 677 de
1294 647 1584 678 communicatione
1599 647 1737 677 nominis

956 699 1230 738 excellentissimi3
1248 700 1325 740 quia
1346 699 1428 731 Deus
1448 710 1505 731 nec
1527 709 1662 738 nomen,
1680 709 1737 731 nee

956 753 1093 793 gloriam
1112 764 1205 785 suam
1220 755 1439 786 communicat
1453 755 1505 785 alii
1522 764 1529 785 ε
1548 764 1633 785 unus
1650 754 1736 785 enim

955 810 986 838 et
1001 807 1097 846 idem,
1112 809 1168 848 qui
1183 811 1229 839 est
1243 808 1399 846 Christus,
1414 811 1460 839 est
1475 808 1573 839 homo
1587 810 1619 839 et
1634 807 1734 839 Deus:

957 861 1040 892 unde
1057 871 1133 892 cum
1151 871 1268 893 nomen
1285 862 1460 893 divinitatis
1477 862 1662 893 attribuitur
1679 862 1737 893 ho·

956 915 1054 954 mini,
1071 916 1131 947 hoc
1145 918 1191 947 est
1206 916 1329 947 ratione
1345 916 1465 947 divinae
1482 916 1672 956 hypostasis.
1688 916 1737 947 Si-

956 969 1073 1000 militer
1090 970 1337 1009 intelligendum
1353 973 1399 1001 est
1418 970 1455 1001 «le
1476 970 1598 1001 honore
1617 969 1735 1006 latriae‚

955 1023 1037 1054 sicut
1052 1023 1186 1054 inferius
1201 1024 1376 1064 apparebit.

996 1079 1026 1107 5.
1048 1077 1095 1107 Ad
1112 1077 1189 1108 illud
1205 1077 1290 1117 quod
1310 1078 1494 1117 opponitur,
1509 1077 1594 1117 quod
1611 1077 1674 1108 Deo
1694 1078 1736 1108 sa-

955 1131 997 1160 cit
1021 1131 1190 1170 injtiriam,
1207 1131 1262 1170 qui
1283 1131 1382 1162 credit
1405 1131 1511 1170 ipsum
1535 1131 1652 1161 habere
1678 1131 1738 1162 hu-

956 1193 1086 1214 manam
1098 1184 1252 1223 effigiem,
1268 1184 1439 1215 dicendum
1451 1185 1536 1223 quod
1551 1194 1664 1215 verum
1677 1187 1736 1221 est,

954 1237 1084 1278 quando
1097 1237 1196 1268 credit
1209 1237 1317 1278 ipsum
1332 1238 1450 1269 habere
1463 1238 1606 1278 effigiem
1620 1238 1653 1268 in
1668 1246 1738 1278 pro-

955 1292 1024 1332 pria
1037 1294 1162 1331 natura,
1177 1292 1254 1332 quia
1266 1292 1336 1322 talis
1349 1292 1447 1323 credit
1460 1292 1567 1332 ipsum
1579 1301 1647 1323 esse
1659 1292 1738 1332 quid

955 1355 1145 1386 corporeum
1157 1370 1165 1384 ,
1184 1355 1259 1377 cum
1276 1346 1344 1386 ipse
1365 1346 1405 1376 sit
1425 1345 1555 1386 spiritus
1574 1345 1738 1377 nobilissi-

955 1408 1029 1430 mus
1043 1409 1051 1430 :
1065 1399 1242 1430 incarnatio
1266 1402 1376 1430 autem
1396 1409 1463 1430 nou
1485 1399 1559 1430 sacit
1578 1409 1654 1430 eum
1675 1399 1737 1430 ha-

956 1453 1030 1484 bere
1046 1453 1188 1493 effigiem
1212 1453 1246 1483 in
1267 1462 1318 1490 se,
1340 1453 1393 1484 sed
1415 1453 1500 1484 uniri
1518 1453 1546 1483 ei
1569 1453 1625 1493 qui
1642 1453 1739 1485 hahet

955 1508 1109 1547 effigiem,
1123 1508 1212 1538 salva
1225 1507 1437 1538 nihilominus
1450 1507 1504 1538 Dei
1517 1507 1738 1548 spiritualitate

956 1564 987 1592 et
1009 1561 1173 1592 nobilitate
1189 1561 1266 1601 :qui
1285 1569 1364 1600 ergo
1384 1561 1430 1592 sic
1453 1561 1543 1601 ponit
1565 1560 1666 1592 Deum
1687 1561 1737 1591 iu-

957 1614 1093 1652 carnari,
1107 1623 1182 1645 cum
1195 1614 1279 1644 nihil
1293 1614 1480 1645 detrahatur
1493 1615 1564 1654 eJus
1580 1614 1738 1646 nobilitati

957 1670 988 1698 et
1002 1667 1205 1708 perfectioni,
1221 1669 1252 1698 et
1268 1667 1407 1698 multum
1423 1667 1560 1698 addatur
1573 1667 1738 1699 exaltatio-

957 1721 1006 1752 nis
1024 1723 1055 1752 et
1077 1720 1244 1760 dignitatis
1266 1720 1378 1760 generi
1399 1720 1560 1758 humano,
1582 1730 1647 1752 non
1673 1723 1739 1751 tan-

957 1777 1027 1806 tum
1049 1774 1111 1806 Deo
1129 1783 1194 1805 non
1211 1773 1364 1813 derogat,
1388 1774 1441 1804 sed
1465 1774 1560 1805 etiam
1575 1773 1629 1805 Dei
1649 1773 1739 1805 boni-

958 1832 1055 1861 tatem
1073 1829 1211 1860 multum
1234 1827 1438 1859 commendat
1454 1837 1461 1859 :
1478 1830 1508 1860 et
1526 1837 1543 1859 e
1557 1831 1669 1860 contra
1684 1828 1738 1859 Dei

958 1884 1147 1921 bonitatem,
1161 1885 1319 1924 quantum
1336 1882 1369 1913 in
1383 1891 1417 1913 se
1431 1883 1489 1921 est,
1505 1881 1668 1921 diminuit,
1683 1882 1739 1922 qui

957 1939 1018 1971 hoc
1035 1941 1143 1978 negat.

1232 2057 1414 2096 QUAESTlo
1436 2057 1475 2088 ΙΙ.

960 2146 1006 2173 Αη
1021 2146 1071 2172 Dei
1088 2144 1157 2171 Filio
1167 2151 1248 2170 causa
1264 2142 1390 2170 veniendi
1404 2144 1434 2170 in
1449 2141 1577 2170 mundum
1590 2143 1676 2175 suerit
1690 2142 1739 2170 hu-

995 2191 1072 2217 mani
1082 2189 1186 2223 fleveris
1201 2189 1341 2223 reparatio
1354 2197 1362 2214 .-
1375 2196 1410 2214 an
1425 2187 1527 2214 scilicet
1536 2207 1545 2221 ‚
1560 2188 1585 2214 si
1598 2187 1675 2215 homo
1687 2195 1739 2215 non

994 2237 1142 2271 peccasset,
1160 2233 1280 2262 Christus
1293 2234 1453 2259 incarnatus
1468 2233 1564 2265 fuisset
1574 2232 1594 2258 ³.

1002 2315 1080 2353 Quae
1100 2314 1196 2345 suerit
1214 2312 1443 2344 incarnationis
1459 2312 1540 2343 ratio
1559 2312 1738 2353 praecipua;
1756 2324 1862 2345 rad-m.

961 2373 993 2402 et
1011 2369 1096 2410 quod
1116 2369 1246 2409 generis
1266 2367 1401 2399 humani
1422 2367 1612 2407 redemptio,
1632 2369 1740 2398 osten-

1041 2446 1051 2463 ε
1068 2446 1180 2471 sANCTt
1199 2445 1334 2474 PA‘rnsss,
1352 2444 1391 2468 ΕΤ
1409 2443 1472 2468 Αιιι
1491 2443 1666 2468 ΤΗΕοιυῦι.

996 2500 1134 2533 Gregorius
1146 2501 1268 2531 Magnus,
1283 2497 1387 2528 moral„
1403 2497 1448 2522 lib.
1463 2497 1493 2522 ΙΙΙ
1503 2516 1510 2528 ,
1524 2505 1546 2522 c.
1561 2503 1603 2528 115
1614 2499 1639 2521 et
1655 2497 1682 2521 in
1694 2497 1741 2522 be-

965 2538 1109 2562 nedictione
1126 2536 1198 2560 Cerei
1215 2534 1355 2563 Pas-cnuti&
1369 2533 1533 2563 Ambrosius,
1545 2533 1588 2557 lib.
1600 2532 1630 2556 de
1644 2534 1744 2558 Inearn.

966 2574 1037 2598 Dom.
1056 2574 1216 2597 Sucrmmmto
1227 2590 1233 2599 ,
1248 2578 1269 2595 c.
1289 2576 1329 2600 =*1;
1346 2569 1518 2600 Augustinus,
1537 2568 1566 2592 de
1584 2569 1685 2599 Trinie„
1700 2568 1743 2593 lib.

965 2609 1030 2635 xm.
1043 2617 1066 2632 c.
1077 2614 1089 2632 x
1103 2614 1183 2639 nsque
1195 2607 1225 2631 nul
1239 2612 1308 2636 xvn;
1321 2608 1346 2629 et.
1356 2605 1399 2628 lib.
1411 2604 1441 2627 de
1450 2606 1605 2635 'motorum
1617 2605 1716 2627 mer-ierne
1724 2609 1746 2628 et

966 2645 1120 2672 remissione,
1133 2651 1156 2668 c.
1173 2648 1233 2668 xxvi
1247 2644 1272 2666 et
1284 2647 1354 2666 xxvn
1366 2649 1373 2671 ;
1385 2642 1410 2664 et.
1420 2642 1445 2663 in
1457 2639 1546 2664 Psalm.
1562 2645 1652 2667 uvm.
1662 2640 1693 2664 ad
1705 2640 1747 2664 illa
