2017 2960
28 447 113 468 Divisio.

805 161 994 192 DISTINC'I'.
1019 161 1100 192 VIlI.

336 272 538 304 EXPOSITIO
560 272 725 304 TEXTUS.

298 358 359 382 Post
374 358 496 388 praedicta
510 358 602 390 inquiri
617 358 705 386 debet,
722 360 769 382 etc.

186 432 289 471 Supra
299 433 363 471 egit
375 433 525 473 Magister
539 434 577 464 de
594 434 811 464 incarnatione
825 432 920 464 Verbi

145 487 300 525 quantum
316 486 353 516 ad
370 487 523 517 unionem
540 489 745 524 naturarum,
766 489 795 516 et
815 496 920 526 quan-

144 538 212 566 tum
228 536 266 566 ad
282 537 411 567 unionis
427 538 575 575 modum;
593 538 625 567 in
643 538 701 567 hac
718 540 805 577 parte
822 537 921 567 inten-

143 590 186 620 dit
216 600 312 629 agere
339 596 498 630 qnantum
527 592 564 621 ad
594 591 921 621 communicationem

145 644 334 676 idiomatum
363 648 394 676 et
430 646 671 685 proprietatum.
701 644 739 675 Et
769 645 923 675 dividitur

144 698 213 729 haee
229 708 301 738 pars
322 699 355 729 in
373 699 451 729 duas
475 701 590 739 partes,
617 699 649 729 in
664 708 801 738 quarum
818 699 922 738 prima

144 753 211 791 agit
234 753 271 783 (le
294 753 581 783 communicatione
607 752 798 783 idiomatum
820 752 923 792 respi-

144 806 297 836 cientium
314 809 473 843 naturam3
487 806 519 836 in
535 807 673 837 secunda
688 806 725 836 de
741 805 923 836 communi-

143 858 267 889 catione
293 859 520 899 proprietatum
544 862 573 890 et
599 859 790 890 idiomatum
823 860 922 899 respi-

144 912 295 943 cientium
313 923 493 952 personam,
510 914 592 944 infra
617 917 625 934 ¹
649 924 655 944 :
682 913 770 945 Solet
794 914 890 945 etiam
908 923 925 943 (ι

144 965 339 1005 quibusdam
354 967 491 1006 inquiri.
510 967 586 998 Pars
607 967 711 1007 prima
725 967 877 997 dividitur
891 967 924 997 in

145 1019 226 1050 duas
255 1022 374 1059 partes,
412 1021 444 1050 in
481 1030 619 1061 quarum
659 1021 762 1061 prima
791 1020 926 1061 inquirit

146 1074 257 1103 utrum
286 1074 403 1105 divinae
435 1078 560 1106 naturae
585 1077 743 1115 competat
772 1075 858 1105 nasci
888 1075 925 1105 de.

146 1126 288 1166 Virgine,
301 1129 384 1168 quod
394 1129 523 1168 quidem
532 1132 576 1160 est
587 1129 761 1169 proprietas
770 1129 922 1160 liumanae

147 1183 289 1219 naturae3
312 1182 450 1212 secundo
470 1192 547 1213 vero
569 1182 703 1222 inquirit
723 1185 831 1213 utrum
854 1192 926 1213 caro

149 1233 262 1264 Christi
291 1235 401 1265 debeat
431 1236 556 1266 adorari
590 1236 773 1266 adoratione
804 1236 924 1273 latriae,

147 1287 231 1327 quod
247 1288 375 1327 quidem
391 1291 438 1319 est
453 1289 627 1329 proprietas
645 1290 762 1320 divinae
784 1292 919 1326 naturae,

148 1341 231 1371 infra
250 1343 260 1359 ³
281 1351 288 1372 :
314 1342 470 1374 Proetcrea
491 1344 688 1384 investisset-t
710 1347 839 1383 oportet,
866 1346 924 1374 etc.

151 1393 257 1424 Prima
278 1403 366 1433 parS,
391 1405 463 1436 quae
490 1397 630 1427 continet
652 1400 842 1436 praesentcm
864 1397 926 1427 (lis-

150 1447 354 1486 tinctionem,
387 1449 537 1480 dividitur
567 1450 599 1480 in
629 1454 733 1490 partes
763 1451 862 1487 «luas,
894 1451 928 1481 in

151 1509 288 1539 quartnn
306 1502 408 1541 prima
423 1506 585 1542 comparat
601 1504 798 1534 nativitatem
814 1503 927 1534 Christi

152 1553 189 1584 de
208 1553 340 1594 Virgine
355 1555 392 1586 ad
407 1556 547 1586 divinam
560 1560 724 1595 naturam;
744 1558 776 1587 in
790 1558 929 1588 secunda

151 1616 227 1638 vero
251 1609 447 1639 nativitatem
476 1611 682 1650 temporalem
710 1611 749 1641 ad
775 1613 929 1641 aeternam

151 1665 326 1701 comparat,
354 1663 396 1693 ibi
422 1673 429 1693 :
465 1664 571 1698 Ouoerz'
595 1665 690 1696 etiam
708 1664 802 1702 solet,
821 1668 929 1695 ulrum

154 1714 297 1748 Christus
311 1717 420 1749 debeat
443 1716 512 1748 (lici
528 1717 576 1749 bis
588 1719 727 1757 genitus,
745 1721 804 1748 etc.
818 1717 929 1748 Prima

151 1778 222 1809 pars
246 1770 398 1801 dividitur
424 1770 455 1800 in
482 1773 585 1810 partes
605 1771 700 1808 duas,
730 1771 764 1801 in
789 1780 928 1810 quarum

150 1823 255 1863 prima
270 1824 403 1864 inquirit
417 1825 628 1864 quaestionem
638 1849 646 1861 ,
671 1827 701 1855 et
722 1825 925 1863 determinan

148 1876 181 1907 in
196 1878 334 1908 secunda
353 1887 430 1909 vero
451 1878 578 1909 adducit
598 1878 800 1909 auctoritates
816 1882 925 1909 contra

147 1931 444 1962 determinationem
459 1941 563 1968 suam,
580 1932 624 1962 ibi
643 1943 648 1962 :
670 1932 807 1964 Videtur
820 1936 927 1964 tamen

147 1992 238 2024 posse
254 1985 393 2024 probari.
410 1986 556 2016 Secunda
571 1989 679 2016 autem
695 1995 767 2026 pars
782 1987 928 2017 similiter

149 2038 228 2068 duas
245 2038 338 2069 habet
363 2050 369 2069 ε
393 2039 427 2069 in
450 2039 553 2079 prima
575 2042 683 2070 movet
697 2040 924 2079 quaestionem;

148 2092 180 2122 in
196 2092 334 2123 secunda
349 2093 548 2131 determinat,
574 2093 618 2124 ibi
647 2105 653 2124 :
680 2093 733 2124 Act
757 2094 844 2134 quod
859 2094 928 2125 dcci

146 2148 258 2185 potest,
288 2148 346 2177 etc.
375 2146 617 2178 Subtlivisiones
651 2150 760 2178 autem
787 2149 926 2187 partium

148 2199 323 2230 manit'estae
338 2202 413 2230 sunt
426 2200 460 2230 in
472 2200 588 2231 littera.

479 2308 547 2330 DUB.
572 2308 593 2329 1.

148 2379 209 2408 Quae
225 2379 294 2404 enim
308 2386 349 2403 res
361 2386 414 2404 non
429 2381 467 2403 est
478 2380 508 2403 de
519 2382 591 2410 patre
603 2380 689 2410 genita
698 2398 706 2411 ,
721 2387 774 2404 non
790 2380 882 2404 dicitur
894 2381 925 2404 de

453 2417 534 2440 matre
550 2417 619 2439 nata.

190 2490 304 2522 Contra
318 2502 324 2522 :
343 2492 486 2522 humana
502 2494 617 2522 natura
633 2501 697 2522 non
712 2494 759 2523 est
775 2502 815 2523 ex
838 2495 926 2532 patre

151 2544 260 2584 genita
276 2555 283 2575 :
299 2554 378 2584 ergo
403 2555 467 2576 non
492 2548 539 2576 est
559 2545 597 2576 de
621 2547 722 2577 matre
744 2548 830 2577 nata.
847 2546 925 2577 Item

151 2597 293 2628 Christus
307 2599 483 2630 secundum
497 2600 674 2631 humanam
690 2602 840 2632 naturam
851 2609 926 2633 con-

185 2661 191 2676 ¹
208 2660 271 2684 nist.
283 2665 307 2685 x.
320 2673 346 2678 —-
360 2663 370 2677 ²
384 2661 446 2686 Dist-
462 2667 497 2686 ix.

1695 164 1752 193 ¹83

972 233 1079 268 ceptus
1095 232 1139 260 est
1154 229 1193 259 de
1206 229 1334 267 Spiritu
1345 230 1465 265 sancto,
1479 231 1578 259 natus
1589 236 1631 259 eoe
1646 229 1753 260 Maria

979 283 1124 323 Vimine,
1141 284 1183 314 ita
1199 283 1284 323 quod
1309 282 1446 323 Spiritus
1470 284 1597 312 sanctus
1620 292 1683 312 non
1708 285 1756 313 est

974 338 1044 377 ejus
1058 340 1156 377 pater,
1173 337 1244 367 licet
1259 336 1357 375 Virgo
1373 336 1414 366 sit
1440 336 1511 375 ejus
1531 337 1632 365 mater
1652 346 1658 366 :
1676 344 1755 374 ergo

975 400 1040 421 non
1055 391 1181 421 videtur
1196 390 1379 430 praecedens
1391 398 1496 420 sermo
1514 389 1681 420 veritatem
1697 388 1756 419 ha-

975 444 1060 475 bere.

1017 497 1109 536 Resp.
1137 497 1311 528 Dicendum
1337 497 1421 537 quod
1442 496 1594 536 Magister
1613 496 1758 536 loquitur

977 551 1014 581 de
1038 551 1090 580 illa
1114 550 1297 589 nativitate,
1328 561 1391 591 qua
1422 561 1472 581 res
1503 551 1610 590 aliqua
1642 550 1758 581 dicitur

977 605 1083 641 nasci,
1102 605 1144 634 ita
1164 605 1248 644 quod
1265 605 1413 635 vendicat
1436 605 1495 635 sibi
1517 604 1755 644 proprietatem,

978 658 1046 688 sive
1059 657 1352 688 denominationem
1368 658 1530 688 filiationis
1547 668 1554 688 :
1571 658 1631 688 hoc
1648 660 1757 688 autem

978 721 1043 742 non
1065 711 1160 742 habet
1181 711 1325 742 humana
1341 714 1457 742 natura
1482 711 1516 741 in
1541 710 1665 741 Christo
1691 719 1699 741 :
1728 712 1759 741 et

978 765 1048 796 ideo
1072 774 1136 796 non
1162 768 1208 796 est
1237 767 1322 796 recta
1352 764 1503 795 instantia
1525 766 1638 796 contra
1664 763 1755 802 illud,

979 819 1066 859 quod
1080 818 1154 850 dicit
1167 818 1318 858 Magister
1332 819 1365 849 in
1380 819 1494 849 littera.

1300 938 1369 961 DUB.
1393 938 1426 960 11.

1198 1013 1267 1036 Duas
1282 1019 1343 1044 ergo
1361 1012 1472 1043 Christi,
1489 1014 1538 1037 ete.

1022 1088 1132 1119 lnnuit
1150 1087 1310 1127 Magister,
1327 1088 1410 1128 quod
1437 1097 1535 1118 unam
1558 1088 1759 1118 nativitatem

981 1152 1019 1173 ex
1035 1142 1126 1173 Patre
1140 1152 1344 1180 veneramur,
1357 1151 1431 1182 (111ae
1443 1145 1488 1173 est
1501 1152 1600 1182 supra
1614 1151 1758 1180 causam,

981 1197 1149 1233 rationem,
1166 1199 1294 1236 tempus
1308 1199 1338 1226 et
1354 1198 1519 1234 naturam;
1544 1195 1599 1227 sed
1620 1197 1729 1225 contra
1751 1206 1757 1226 z

983 1250 1148 1281 Generalio
1169 1249 1237 1280 Filii
1264 1249 1316 1280 Dei
1341 1259 1381 1280 ex
1406 1249 1498 1280 Patre
1531 1252 1578 1280 est
1603 1248 1761 1279 naturalis

983 1305 1171 1344 generatio:
1197 1304 1251 1334 sed
1277 1303 1442 1343 generatio
1466 1302 1621 1333 naturalis
1645 1305 1691 1332 est
1712 1311 1760 1333 se-

983 1358 1125 1389 cundum
1136 1361 1297 1396 naturam,
1311 1368 1375 1388 non
1387 1367 1485 1397 supra
1499 1359 1648 1387 naturam
1664 1367 1670 1386 z
1683 1365 1762 1395 ergo

982 1412 1096 1442 falsum
1111 1412 1195 1449 «licit,
1213 1412 1298 1451 quod
1313 1412 1352 1442 sit
1373 1421 1471 1451 supra
1486 1413 1648 1441 naturam.
1667 1409 1763 1441 Juxta

984 1466 1042 1496 hoc
1057 1466 1215 1505 quferimr
1236 1475 1331 1505 penes
1348 1465 1424 1505 quid
1447 1464 1695 1503 distinguuntur
1710 1463 1763 1494 illa

984 1522 1132 1559 quatuor,
1148 1528 1220 1558 quae.
1233 1519 1266 1548 in
1280 1519 1466 1549 auctoritate
1475 1520 1640 1557 ponuntur
1653 1528 1659 1548 :
1672 1517 1761 1547 vide-

984 1576 1037 1603 tur
1049 1574 1135 1603 enim
1148 1572 1232 1613 quod
1250 1582 1314 1603 non
1330 1572 1443 1603 sitnisi
1461 1571 1636 1602 verborum
1658 1570 1760 1602 incul-

985 1627 1076 1658 catio.

1027 1681 1117 1720 Resp.
1133 1680 1304 1711 Dicendum
1315 1680 1399 1720 qnod
1409 1682 1523 1710 natura
1532 1688 1596 1709 non
1608 1678 1762 1718 accipitur

985 1735 1029 1765 ita
1043 1735 1267 1772 communiter,
1285 1734 1337 1764 sed
1353 1743 1410 1774 pro
1422 1736 1535 1764 natura
1546 1735 1661 1763 creata.
1674 1732 1762 1763 Unde

985 1798 1049 1819 nou
1064 1789 1134 1819 vult
1146 1789 1250 1819 dicere
1272 1788 1357 1828 quod
1382 1787 1547 1827 generatio
1566 1786 1637 1817 Filii
1652 1786 1691 1816 sit
1707 1795 1761 1816 su-

985 1852 1041 1883 pra
1054 1845 1203 1873 naturam
1218 1844 1383 1879 aeternam,
1404 1850 1478 1881 quae
1500 1842 1546 1871 est
1569 1842 1685 1870 natura
1704 1849 1763 1870 na-

985 1900 1110 1934 turans,
1138 1896 1190 1926 sed
1212 1904 1308 1935 super
1336 1897 1485 1926 naturam
1508 1895 1665 1930 creatam,
1689 1901 1763 1933 quae

984 1950 1151 1982 consuevit
1164 1949 1223 1980 dici
1234 1951 1350 1980 natura
1362 1950 1521 1979 naturata.
1540 1947 1577 1978 Et,
1588 1950 1663 1978 nota
1676 1946 1762 1987 quod

985 2006 1043 2036 ista
1057 2007 1196 2045 quatuor
1211 2003 1457 2042 distinguuntur
1471 2002 1527 2041 sie,
1545 2005 1581 2033 ut
1605 2011 1701 2032 causa
1712 2011 1763 2032 re-

984 2060 1104 2090 feratur
1117 2059 1156 2089 ad
1169 2060 1317 2088 naturam
1333 2056 1523 2096 angelicam,
1538 2055 1619 2086 ratio
1641 2055 1680 2086 ad
1703 2064 1763 2085 na-

984 2115 1091 2144 turam
1133 2113 1310 2142 humanam
1324 2135 1332 2149 ,
1368 2113 1496 2150 tempus
1533 2109 1573 2140 ad
1610 2109 1763 2140 virtutem

984 2166 1162 2203 coelestem,
1183 2167 1215 2196 et
1231 2168 1346 2195 natura
1372 2165 1411 2195 ad
1433 2164 1585 2195 virtutem
1606 2162 1764 2193 inferioris

984 2222 1155 2257 creaturae,
1172 2222 1208 2250 ut
1223 2219 1262 2249 sit
1277 2227 1388 2249 sensus
1413 2229 1419 2249 :
1447 2217 1615 2248 Generatio
1641 2216 1695 2246 illa
1716 2217 1763 2247 est

984 2283 1081 2313 supra
1103 2282 1248 2311 causam,
1276 2273 1309 2303 id
1327 2274 1374 2303 est
1392 2272 1546 2303 virtutem
1563 2270 1759 2310 angelicam;

984 2331 1015 2359 et
1030 2328 1204 2365 rationem,
1220 2327 1252 2358 id
1268 2329 1314 2357 est
1333 2326 1487 2358 virtutem
1514 2325 1707 2362 humanam3
1731 2326 1762 2354 et

983 2385 1127 2422 tempus,
1150 2381 1181 2412 id
1203 2383 1261 2419 est,
1284 2380 1503 2421 operationem
1531 2379 1704 2415 coelestem;
1731 2380 1762 2408 et

983 2437 1152 2474 naturam,
1172 2435 1203 2466 id
1227 2437 1289 2472 est,
1307 2434 1459 2465 virtutem
1481 2433 1663 2464 interiorem
1687 2441 1695 2463 :
1711 2432 1761 2463 vel

983 2489 1084 2527 aliter,
1101 2491 1138 2520 ut
1152 2498 1248 2520 causa
1262 2489 1418 2519 referatur
1433 2487 1472 2518 ad
1486 2487 1640 2518 virtutem
1659 2495 1759 2525 agen-

982 2547 1058 2582 tem,
1076 2546 1106 2574 et
1120 2543 1201 2574 ratio
1216 2543 1255 2574 ad
1269 2542 1443 2583 potentiam
1465 2542 1708 2580 agnoscentem,
1730 2543 1761 2571 et

982 2600 1110 2638 tempus
1121 2597 1160 2628 ad
1172 2606 1357 2628 mensuram
1369 2596 1570 2633 limitantem,
1594 2596 1712 2626 natura
1720 2593 1760 2625 ad

984 2651 1070 2683 modi
1084 2651 1237 2692 operandi
1251 2648 1529 2682 consuetudinem.
