2017 2960
808 181 995 212 DISTINCT.
1020 179 1055 210 X,
1691 187 1745 216 221

142 252 239 290 ciant,
261 261 301 283 ne
323 251 419 282 minis
445 250 634 289 elongemus
662 259 720 280 nos
744 250 784 280 ab
810 249 915 280 1111611-
971 248 1046 279 satis
1067 250 1168 287 potest
1195 249 1281 279 sumi
1296 250 1376 282 ratio
1398 250 1586 282 discutiendi
1602 259 1659 289 ea,
1675 260 1748 291 quae

142 304 227 334 tione
242 303 382 342 Magistri
404 302 461 333 :in
484 302 635 333 omnibus
656 301 743 332 enim
759 300 918 340 praedictis
972 301 1123 333 dicuntur
1135 302 1166 332 in
1180 301 1294 334 littera.

728 465 1071 512 DSTINCTIO
1126 468 1168 512 X

142 607 179 628 DE
205 605 475 628 COMMUNICATIONE
496 605 667 628 IDIOMATUM
691 605 729 626 ET
749 605 982 627 PROPRIETATUM
1006 605 1235 628 RESPICIENTIUM
1263 607 1432 638 PERSONAM,
1454 608 1550 630 PROUT
1572 609 1691 631 SONANT
1720 610 1752 630 IN

336 664 554 694 NOBILITATEM,
570 663 707 685 SCILICET
723 663 759 685 DE
785 663 952 685 PERSONALI
975 663 1157 685 CONDITIONE
1177 665 1215 686 ET
1237 665 1349 687 FILIALI
1371 665 1553 688 ADOPTIONE.

186 764 276 798 Solet
290 765 388 798 etiam
405 776 423 797 a
437 763 636 808 quibusdam
652 763 777 808 inquiri
796 767 909 796 utrum
925 763 1085 805 Christus,
1103 764 1284 797 secundum
1308 765 1396 809 quod
1413 765 1524 808 homo,
1542 766 1583 798 sit
1598 777 1747 810 persona,
1767 780 1875 801 Auem-52<

1767 814 1799 831 tus
1808 828 1813 837 ‚
1844 818 1875 831 se-

141 823 193 856 vel
209 823 306 856 etiam
321 823 362 855 sit
376 822 515 866 aliquid.
532 822 582 854 Ex
599 826 739 865 utraque
759 825 850 865 parte
870 821 971 865 hujus
991 822 1182 866 quaestionis
1200 827 1393 866 argumenta
1414 828 1628 857 concurrunt.
1655 824 1749 864 Quod
1766 843 1858 863 mudum

141 880 227 913 enim
242 891 379 925 persona
394 880 446 921 sit,
464 880 514 912 his
530 879 713 912 edisserunt
739 879 933 912 rationibus.
958 879 1006 921 Si,
1031 880 1213 913 secundum
1235 881 1321 925 quod
1345 881 1456 923 homo,
1479 882 1606 927 aliquid
1623 887 1680 924 est,
1698 883 1749 915 vel
1767 874 1823 901 ΨΜ
1839 874 1876 893 Μ’

1779 912 1812 925 mu)
1823 921 1827 929 ,
1839 905 1865 925 sii

142 949 291 982 persona,
308 938 362 971 vel
375 937 569 978 substantia,
586 937 639 971 vel
654 936 745 969 aliud
761 941 808 969 651
825 950 832 969 :
850 937 904 969 5611
920 937 1011 970 aliud
1028 949 1094 970 11011
1113 951 1119 970 1
1143 950 1220 981 ergo
1246 950 1396 983 persona,
1431 940 1482 972 vel
1501 940 1683 972 substantia
1702 953 1708 972 :
1726 944 1752 975 Si
1769 943 1875 963 ¹³⁰‘⁵‘¹¹¹⁵³‘

1778 969 1810 989 vel
1826 968 1867 988 1111-

142 995 325 1028 substantia
339 1000 397 1038 est,
416 996 466 1028 vel
482 994 663 1035 rationalis,
682 995 734 1027 vel
759 994 961 1028 irrationalis
979 1009 985 1028 z
1008 995 1061 1027 sed
1088 1007 1154 1028 non
1174 1001 1220 1028 est
1243 996 1442 1029 irrationalis
1457 998 1657 1030 substantia:
1675 1009 1752 1041 ergo
1777 1000 1837 1026 ‘wid-

142 1053 322 1086 rationalis.
342 1053 377 1085 Si
391 1064 481 1094 vero,
499 1052 680 1085 secundum
696 1052 785 1096 quod
801 1052 912 1093 homo,
928 1057 976 1085 651
1000 1053 1168 1086 rationalis
1188 1054 1385 1095 substantia,
1408 1067 1485 1098 ergo
1507 1067 1658 1100 persona,
1675 1056 1754 1100 quia

142 1110 208 1144 haec
223 1117 270 1143 651
284 1111 433 1143 definitio
449 1122 594 1155 personae.
613 1122 619 1142 ε
647 1110 839 1142 Substantia
860 1110 1029 1143 rationalis
1051 1111 1230 1144 individuae
1253 1117 1395 1145 natura).
1414 1112 1450 1145 Si
1465 1125 1555 1155 ergo,
1573 1115 1753 1147 secundum

142 1169 229 1212 quod
247 1169 357 1210 homo,
376 1173 422 1201 est
444 1169 582 1212 aliquid,
613 1172 644 1201 et
672 1168 852 1200 secundum
881 1169 969 1212 qnod
992 1168 1102 1209 homo,
1134 1181 1273 1213 persona
1301 1175 1358 1202 est.
1380 1171 1443 1203 Sed
1467 1182 1484 1203 e
1505 1183 1661 1204 converso
1679 1185 1685 1204 :
1704 1172 1752 1213 Si,

142 1227 322 1259 secundum
339 1226 427 1270 quod
454 1226 565 1267 homo,
595 1237 732 1270 persona
749 1229 808 1266 est,
825 1225 877 1257 vel
894 1226 988 1258 tertia
1005 1226 1039 1258 in
1055 1226 1227 1268 Trinitate,
1246 1227 1298 1260 vel
1313 1228 1377 1260 alia
1395 1240 1401 1260 :
1419 1228 1473 1261 sed
1489 1229 1553 1261 alia
1570 1241 1636 1262 non
1653 1242 1659 1261 ε
1677 1241 1754 1273 ergo

145 1284 239 1317 tertia
255 1285 289 1317 in
304 1284 466 1317 Trinitate
479 1295 629 1328 persona.
647 1285 691 1315 At
709 1284 735 1315 si
760 1283 941 1316 secundum
960 1284 1048 1328 quod
1074 1284 1173 1317 homo
1196 1296 1334 1328 persona
1353 1289 1400 1318 est
1415 1286 1510 1319 tertia
1527 1287 1561 1319 in
1578 1287 1751 1329 Trinitate,

143 1353 220 1385 ergo
235 1342 332 1375 Deus.
358 1342 498 1386 Propter
526 1341 594 1374 haec
623 1341 889 1374 inconvenientia
917 1344 948 1374 et
971 1342 1048 1383 alia,
1078 1342 1213 1386 quidam
1243 1342 1356 1376 dicunt
1384 1343 1551 1377 Christum
1572 1345 1753 1378 secundum

145 1399 311 1432 hominem
328 1411 395 1432 non
411 1411 477 1432 esse
493 1410 678 1444 personam,
696 1410 755 1431 1166
770 1399 896 1443 aliquid
914 1412 921 1439 ;
947 1399 1011 1431 nisi
1026 1399 1109 1432 forte
1124 1400 1303 1433 secundum
1319 1402 1360 1434 sit
1376 1402 1601 1446 expressivum
1617 1404 1754 1436 unitatis

143 1468 299 1502 personae.
326 1457 514 1490 Secundum
547 1457 635 1490 enim
662 1457 760 1489 hahet
792 1457 1008 1501 multiplicem
1041 1458 1202 1490 rationem
1234 1471 1240 1491 :
1273 1459 1452 1504 aliquando
1481 1461 1569 1494 enim
1599 1462 1754 1506 exprimit

145 1515 364 1548 conditionem
381 1516 433 1548 vel
448 1515 678 1559 proprietatem
691 1515 811 1548 divinae
826 1518 954 1548 naturae
970 1516 1021 1548 vel
1037 1515 1204 1557 humanae,
1223 1517 1402 1562 aliquando
1418 1518 1578 1552 unitatem
1592 1531 1751 1564 personae,

145 1573 324 1617 aliquando
346 1577 437 1606 notat
459 1573 627 1616 habitum,
659 1572 837 1617 aliquando
860 1584 1003 1605 causam.
1031 1573 1133 1617 Cujus
1151 1574 1370 1607 distinctionis
1391 1577 1551 1610 rationem
1576 1577 1752 1621 diligenter

144 1631 245 1664 lector
259 1630 511 1672 animadvertat,
529 1635 627 1675 atque
656 1631 691 1663 in
719 1631 793 1663 sinu
810 1631 977 1664 memoriae
993 1631 1159 1674 recondat,
1190 1644 1231 1665 116
1259 1633 1329 1677 ejus
1346 1634 1593 1668 confundantur
1618 1647 1746 1679 56115115,

142 1700 217 1722 611111
233 1689 272 1721 de
290 1688 418 1722 Christo
432 1700 540 1721 sermo
556 1688 744 1721 occurrerit.

185 1746 274 1779 Illud
290 1750 398 1779 tamen
416 1758 483 1779 non
497 1746 647 1791 sequitur
670 1745 759 1790 quod
783 1746 818 1779 in
839 1747 1124 1789 argumentatione
1149 1748 1312 1792 superiori
1336 1748 1509 1782 inductum
1526 1755 1585 1792 est,
1612 1752 1700 1796 quod
1721 1752 1748 1785 si
1801 1760 1842 1782 [tsi

1772 1793 1876 1820 (hristus,

141 1804 302 1846 Christus,
319 1804 500 1837 seeundum
515 1804 604 1849 quod
619 1804 730 1846 homo,
754 1808 800 1836 est
820 1804 1003 1837 substantia
1028 1805 1209 1847 rationalis,
1231 1817 1308 1849 ergo
1331 1817 1470 1850 persona
1488 1819 1494 1840 :
1513 1819 1589 1841 nam
1605 1813 1637 1842 et
1652 1810 1748 1843 modo
1783 1830 1858 1844 sven„-

1797 1856 1847 1876 1111111

140 1862 251 1895 anima
265 1862 386 1896 Christi
401 1867 448 1896 est
463 1862 647 1895 substantia
661 1862 843 1904 rationalis,
866 1874 932 1895 non
949 1867 1058 1896 tamen
1076 1875 1226 1907 persona,
1250 1864 1329 1908 quia
1351 1876 1417 1897 non
1433 1870 1480 1898 est
1489 1877 1550 1911 per
1564 1878 1597 1899 se
1612 1878 1745 1908 sonans,
1769 1888 1825 1912 qumi
1842 1888 1877 1907 lm.

142 1919 210 1954 imo
234 1921 290 1953 alii
312 1920 360 1954 rei
379 1921 565 1965 conjuncta.
600 1921 662 1954 Illa
686 1925 796 1954 tamen
818 1932 964 1966 personae
996 1921 1169 1966 descriptio
1202 1933 1269 1954 non
1297 1926 1345 1955 est
1366 1923 1442 1956 slata
1472 1935 1531 1969 pro
1554 1924 1622 1958 illis
1644 1925 1750 1958 tribus
1766 1919 1867 1943 ’ΝΛΜ

1766 1952 1799 1969 tur
1827 1950 1874 1979 sub-

144 1978 304 2022 personis.
1782 1982 1859 2001 stanna

1777 2013 1867 2032 rationa-

190 2035 254 2068 Sed
278 2035 385 2069 adhuc
407 2036 503 2069 aliter
523 2037 677 2069 nituntur
701 2037 839 2081 probare
865 2036 1032 2070 Christum
1056 2037 1238 2070 secundum
1264 2038 1431 2071 hominem
1456 2051 1523 2072 esse
1550 2052 1722 2084 personam
1741 2055 1748 2075 ι
1767 2043 1806 2069 '¹¹⁵⁷
1833 2051 1874 2064 ¹¹⁰¹¹

1767 2076 1815 2094 11116
1847 2078 1877 2094 tn-

144 2093 222 2138 quia
235 2093 397 2137 Christus,
414 2094 594 2127 secundum
609 2094 698 2139 quod
709 2094 807 2127 homo
815 2094 1077 2139 praedestinatus
1092 2102 1139 2128 est
1154 2101 1191 2128 ut
1200 2096 1244 2128 sit
1255 2108 1275 2128 α
1290 2096 1353 2129 Dea·
1366 2097 1472 2131 Filius
1488 2098 1494 2114 ¹
1511 2111 1517 2130 :
1535 2098 1590 2131 sed
1605 2099 1690 2132 illud
1705 2104 1750 2132 est
1769 2113 1874 2163 mihif-

147 2151 249 2196 quod,
267 2155 304 2184 ut
318 2152 371 2195 sit,
389 2152 639 2197 praedestinatus
654 2156 697 2185 est
718 2165 724 2184 :
747 2163 823 2196 ergo
840 2152 866 2184 si
881 2152 1131 2197 praedestinatus
1147 2157 1206 2195 est,
1232 2154 1415 2187 secundum
1429 2155 1516 2199 quod
1533 2155 1645 2198 homo,
1663 2161 1698 2190 ut
1712 2157 1753 2189 sit
1783 2177 1795 2194 η
1800 2177 1831 2188 ιιιιι
1834 2170 1840 2189 1

149 2209 240 2243 filius
254 2209 326 2252 Dei,
343 2214 386 2252 et,
403 2210 584 2243 secundum
600 2210 689 2255 quod
706 2210 818 2252 homo,
836 2214 883 2243 est
911 2210 1000 2243 filius
1023 2210 1095 2244 Dei.
1115 2211 1168 2244 Ad
1183 2212 1269 2256 quod
1285 2212 1348 2245 diei
1364 2217 1479 2257 potest,
1498 2213 1666 2247 Christum
1687 2226 1753 2247 esse
1776 2208 1801 2227 μ’
1812 2207 1868 2220 *⁰¹¹³

1791 2208 1822 2220 111

1780 2235 1866 2257 511,56-

151 2267 184 2300 id
199 2267 301 2312 quod,
318 2272 355 2300 ut
369 2268 421 2310 sit,
440 2268 687 2312 praedestinatus
702 2272 749 2301 est
766 2281 772 2301 :
789 2272 836 2301 est
850 2268 938 2301 6111111
962 2269 1211 2313 praedestinatus
1235 2274 1272 2303 ut
1286 2270 1327 2303 sit
1341 2270 1446 2303 Filius
1461 2271 1531 2313 Dei,
1549 2276 1580 2304 et
1594 2272 1662 2317 ipse
1677 2284 1752 2305 vere
1775 2264 1868 2284 “¹¹¹“¹¹¹¹¹¹

1769 2296 1824 2321 quoi
1842 2296 1878 2316 llu-

145 2329 195 2358 est
208 2325 315 2359 Filius
329 2326 401 2359 Dei.
426 2326 491 2359 Sed
513 2327 695 2360 secundum
717 2327 885 2360 hominem
909 2327 1159 2371 praedestinatus
1178 2331 1237 2370 est,
1265 2332 1302 2361 ut
1324 2328 1365 2361 sit
1389 2329 1492 2362 Filius
1514 2329 1587 2371 Dei,
1603 2330 1682 2374 quia
1697 2341 1752 2374 per
1770 2334 1810 2346 ¹¹¹⁰·

1800 2361 1815 2377 Α
1828 2358 1832 2377 1

147 2384 286 2426 gratiam
301 2383 398 2417 habet
413 2384 474 2418 hoc
484 2385 665 2418 secundum
681 2384 850 2418 homiuem
869 2397 875 2417 :
900 2396 960 2417 nec
979 2388 1089 2417 tamen
1109 2385 1289 2418 secundum
1311 2385 1479 2419 hominem
1498 2391 1546 2419 est
1559 2387 1664 2420 Filius
1679 2387 1749 2429 Dei,
1774 2358 1871 2446 Ιᾛὶἒῖῑῡ

147 2440 212 2474 nisi
226 2442 308 2475 forte
323 2441 503 2476 secunclmn
519 2443 656 2476 unitatis
671 2454 816 2487 personae
831 2443 873 2475 sit
886 2443 1124 2487 expressivum,
1143 2449 1178 2476 ut
1192 2444 1234 2476 sit
1248 2456 1362 2477 sensus
1379 2457 1385 2477 :
1403 2445 1487 2489 Ipse,
1503 2445 1561 2489 qui
1577 2449 1623 2477 651
1639 2445 1748 2486 homo,
1774 2453 1871 2496 Chustys

150 2502 197 2532 est
211 2499 270 2532 Dei
283 2499 389 2533 Filius
406 2512 413 2534 :
431 2504 469 2533 ut
482 2505 592 2534 autem
607 2501 688 2546 ipse,
705 2512 762 2533 6115
777 2500 889 2544 1101110,
906 2501 947 2533 511
966 2500 1026 2533 Dei
1040 2501 1158 2544 Filius,
1173 2513 1230 2546 per
1245 2503 1387 2545 gratiam
1404 2503 1500 2535 habet
1519 2514 1526 2534 2
1544 2503 1599 2534 sed
1612 2503 1639 2534 si
1654 2514 1752 2536 causa
1768 2486 1880 2535 siiiapfss.

146 2560 292 2598 notetur,
305 2557 426 2591 falsum
440 2562 498 2592 est.
515 2558 589 2593 Non
604 2559 692 2592 enim
707 2569 773 2603 quo
788 2558 887 2593 homo
898 2562 958 2601 est,
975 2570 1012 2592 eo
1024 2559 1084 2592 Dei
1098 2559 1204 2592 Filius
1219 2564 1279 2593 est.
1767 2545 1875 2604 31111ῗὲ

182 2614 189 2631 ¹
202 2614 281 2644 Rom„
293 2620 312 2646 1,
327 2616 350 2640 4.
1768 2615 1813 2630 ¹¹²⁰·

183 2660 216 2689 (ιι)
235 2659 308 2691 Vulq.
323 2661 519 2691 praedestinatus
531 2664 569 2686 est
584 2662 660 2686 Filius
675 2661 730 2686 Dei.
