2017 2960
834 126 1024 158 DISTINCT.
1045 126 1153 158 XXIII.

182 194 305 234 Jectum
316 219 325 232 ,
344 195 374 225 et
395 193 441 224 sic
462 194 618 225 diffinitur
633 203 652 224 a
667 193 816 234 Dionysio
832 193 865 224 in
880 194 962 224 libro

187 248 226 280 de
243 248 377 280 Divinis
391 247 585 279 Nominibus
598 271 605 285 ,
626 248 728 287 capite
752 249 770 277 7
783 247 791 263 ¹
818 256 825 278 ε
842 258 857 276 «
873 246 964 277 Fides

188 303 235 333 est
248 301 382 333 unicum
398 301 596 332 credentium
618 301 866 332 fundamentum
879 325 886 337 ,
910 309 964 330 eos

188 355 343 386 collocans
363 353 398 384 in
416 354 558 385 veritate.
581 366 595 383 »
616 354 840 385 Consideratur
867 354 963 383 etiam

188 407 222 437 in
236 406 473 446 comparatione
494 407 534 437 ad
556 407 683 437 habitus
704 407 783 437 alios
805 408 964 446 quantum

188 459 227 490 ad
246 459 437 491 assentiendi
457 459 610 497 modum,
626 461 658 490 et
678 460 722 490 sic
745 459 900 489 diffinitur
924 459 964 488 ab

188 511 343 552 Hugone,
369 513 403 543 in
418 512 499 543 libro
515 512 553 544 de
570 512 784 544 Sacramentis
797 512 825 542 ’2
842 524 857 540 «
871 511 965 542 Fides

188 568 235 596 est
258 566 413 597 certitudo
432 566 581 606 quaedam
602 566 640 597 de
659 566 756 597 rebus
770 565 962 603 absentibus,

188 629 286 660 supra
300 621 486 660 opinionem
499 645 506 659 ‚
523 622 554 651 et
570 620 651 650 infra
665 619 829 650 scientiam
845 618 964 649 consti-

187 674 267 703 tuta.
285 684 299 701 »
318 673 366 704 Ex
380 674 431 704 his
445 675 541 713 patet,
557 673 643 713 quod
659 673 737 703 fides
752 673 848 703 habet
862 671 966 702 diver-

187 726 308 758 simode
324 727 496 765 notificari,
515 726 691 757 secundum
706 726 793 766 quod
806 725 902 756 habet
917 725 966 755 di-

186 779 365 811 versimode
389 780 600 817 considerari,
616 779 764 810 videlicet
784 779 817 809 in
833 787 966 818 compa-

186 832 309 863 ratione
331 833 368 863 ad
388 842 494 872 genus
518 833 703 873 proprium,
721 833 760 864 ad
777 833 873 863 finem
890 833 965 863 ulti-

187 895 289 924 mum,
307 886 346 917 ad
361 886 535 926 objectum,
552 886 592 917 ad
608 888 715 917 aetum
730 885 908 926 proprium,
927 886 966 916 ad

186 939 378 979 subjeetum,
391 939 430 970 ad
442 939 588 969 habitum
603 938 812 978 disparatum.
829 939 877 969 Ad
888 939 966 970 illud

186 992 272 1032 quod
296 992 400 1032 primo
428 992 578 1032 objicitur
604 992 643 1022 de
672 991 805 1029 Thema,
830 992 914 1032 quod
937 995 968 1023 et

187 1045 277 1082 vidit,
293 1047 324 1076 et
338 1045 486 1084 credidit,
503 1045 674 1076 dicendum
690 1045 774 1085 quod
793 1045 879 1075 aliud
895 1055 966 1076 cre-

188 1098 284 1137 didit,
301 1098 420 1129 scilicet
438 1098 649 1137 divinitatem,
664 1101 695 1129 et
708 1099 794 1129 aliud
810 1098 904 1136 vidit,
921 1098 966 1128 vi-

187 1151 299 1182 delicet
314 1151 552 1182 humanitatem
565 1163 572 1182 :
588 1151 641 1182 sed
654 1151 714 1182 hoc
730 1152 846 1182 melius
859 1152 942 1182 infra
957 1152 968 1168 ³

187 1204 462 1242 determinabitur,
476 1214 551 1235 cum
559 1207 674 1244 agetur
687 1205 726 1236 de
741 1205 865 1244 obJecto
877 1205 963 1235 fidei.

511 1287 580 1309 DUB.
602 1287 636 1308 11.

319 1338 447 1374 Accipitur
461 1343 548 1367 autem
562 1342 626 1366 fides
641 1342 722 1367 tribus
737 1343 830 1367 modis.

226 1416 359 1448 Videtur
379 1417 465 1457 quod
480 1417 707 1448 insufficienter
724 1417 901 1457 distinguat
916 1419 966 1458 ip-

187 1480 256 1502 sam
271 1471 368 1502 fidem
384 1481 391 1503 :
406 1471 553 1503 videmus
572 1471 658 1502 enim
676 1471 772 1502 fidem
793 1471 966 1511 aliquando

187 1524 286 1564 accipi
307 1533 365 1564 pro
380 1524 448 1564 ipsa
463 1524 655 1555 conscientia
666 1548 673 1561 ‚
691 1525 865 1555 secundum
880 1525 967 1565 quod

187 1578 304 1609 dicitur
316 1580 327 1597 ⁸
342 1589 350 1609 :
371 1578 485 1616 Omne,
500 1577 587 1618 quod
599 1586 664 1610 non
679 1581 724 1609 est
741 1586 780 1609 ex
795 1578 875 1616 fide,
889 1587 967 1618 pec-

188 1635 295 1663 calum
309 1635 355 1664 est
364 1642 378 1672 ,·
391 1632 476 1672 quod
493 1641 558 1663 non
578 1633 759 1662 continetur
778 1632 837 1663 suh
860 1633 968 1673 aliquo

188 1686 427 1726 praedictorum.
442 1685 539 1717 Juxta
553 1686 613 1717 hoc
627 1686 785 1726 quaeritur
799 1689 877 1727 quot
900 1696 967 1718 mo-

188 1741 236 1772 dis
251 1742 330 1773 fides
343 1742 477 1773 dicatur.

228 1794 319 1835 Resp.
338 1794 513 1826 Dicendum
527 1795 612 1834 quod
633 1794 712 1826 fides
732 1794 895 1826 iuvenitur
913 1805 965 1826 ac-

188 1849 251 1890 cipi
265 1850 374 1880 decem
389 1849 502 1880 modis.
515 1849 698 1889 Aliquando
711 1850 797 1881 enim
813 1851 968 1890 accipitur

188 1912 247 1943 pro
265 1902 434 1943 sponsione
449 1905 459 1922 ⁵
475 1913 483 1934 ε
500 1903 641 1934 Primam
655 1903 752 1942 fidem
770 1905 902 1936 irritam
922 1905 966 1943 fe-

188 1959 312 1988 cerunt.
339 1956 519 1996 Aliquando
546 1966 603 1997 pro
630 1957 780 1988 fidelitate
793 1961 803 1976 ⁵
831 1969 839 1989 ε
866 1958 969 1990 Periit

189 2009 270 2048 fides
297 2012 325 2041 et
350 2012 483 2041 sanctus
512 2009 549 2041 de
578 2012 674 2042 terra.
701 2010 882 2051 Aliquando
910 2020 968 2051 pro

189 2063 402 2094 conscientia·
419 2073 427 2094 :
446 2063 543 2094 Omne
564 2063 649 2102 quod
670 2071 736 2096 non
750 2067 795 2096 esc
815 2071 858 2095 eoe
879 2064 966 2103 fide,

186 2118 351 2156 peccatum
385 2118 442 2148 est.
476 2115 657 2155 Aliquando
684 2126 743 2156 pro
770 2120 968 2148 sacramento

189 2169 274 2208 fidei,
295 2169 474 2200 secundum
497 2169 582 2209 quod
605 2170 680 2201 dicit
699 2170 904 2210 Augustinus
925 2171 969 2203 ad

190 2223 398 2262 Bonifacium
408 2225 430 2261 ⁷,
446 2223 531 2263 quod
547 2235 562 2254 α
575 2232 642 2255 non
656 2227 702 2255 est
716 2224 803 2255 aliud
818 2225 968 2265 parvulos

189 2277 306 2309 hahere
320 2278 430 2317 fidem,
447 2288 546 2318 quam
559 2279 677 2310 habere
692 2280 765 2310 fidei
785 2289 968 2311 sacramen-

190 2333 270 2363 tum.
284 2343 300 2360 n
319 2332 498 2372 Aliquando
514 2341 571 2372 pro
590 2333 772 2364 assensione
791 2334 970 2365 conclusio-

191 2384 240 2414 nis
258 2394 315 2424 per
333 2385 491 2416 rationem
507 2385 665 2425 probatae,
682 2386 860 2417 secundum
883 2387 969 2427 quod

191 2437 267 2468 dicit
286 2437 414 2470 Boetius
431 2449 439 2471 ε
461 2451 476 2469 α
490 2439 731 2479 Argumentum
751 2443 797 2471 est
819 2440 900 2471 ratio
923 2440 969 2471 rei

223 2532 232 2548 ¹
243 2532 319 2557 Dion.
328 2533 434 2564 Areop.,
444 2533 474 2557 cle
483 2534 540 2558 Div.
550 2534 635 2565 Nom„
645 2541 666 2559 c.
678 2540 724 2565 vn,
735 2541 789 2559 non
798 2535 874 2567 longe
885 2542 900 2559 a
908 2535 968 2559 fine.

192 2579 222 2584 —
233 2567 244 2583 ¹
258 2568 335 2599 Hug„
352 2568 382 2591 de
399 2569 523 2600 Sacram„
538 2577 564 2600 p.
578 2576 606 2601 x,
618 2577 641 2594 c.
658 2577 675 2595 r.
688 2584 719 2588 —
735 2571 746 2587 ³
765 2571 830 2596 Dist.
852 2577 924 2595 xx1v.
940 2585 968 2589 —

193 2603 203 2620 ⁸
216 2604 294 2633 Rom„
308 2609 362 2635 siv,
376 2605 448 2629 28.-
460 2604 470 2621 ⁸
482 2605 491 2628 1
506 2605 578 2637 Tim„
594 2612 620 2636 v,
637 2608 708 2631 ¹2—
721 2607 731 2623 θ
745 2607 849 2638 Jerem„
861 2613 908 2639 vn,
929 2609 968 2632 28.

1737 136 1796 166 479

1018 193 1125 225 dubiae
1139 195 1256 226 faciens
1268 195 1374 227 fidem.
1391 207 1405 225 n
1419 198 1599 238 Aliquando
1614 209 1671 239 pro
1686 202 1797 240 cogni-

1019 246 1103 277 tione
1124 248 1432 288 comprehensionis,
1449 251 1626 282 secundum
1646 254 1729 292 quod
1747 255 1795 285 di-

1019 300 1123 331 citur⁸
1151 312 1158 332 :
1183 302 1319 334 Justitz'a
1344 303 1400 335 Dei
1426 305 1583 337 revelatur
1606 314 1648 337 ατ
1672 306 1736 345 fide
1760 309 1797 339 in

1019 353 1130 392 fidene
1143 354 1249 384 Glossa
1266 365 1272 385 :
1294 368 1307 384 «
1322 356 1360 386 1η
1375 356 1473 395 fidem
1487 358 1554 398 spei
1565 383 1572 396 ,
1592 368 1665 398 quae
1682 360 1798 390 dicitur

1019 408 1107 446 fides,
1130 410 1205 448 quia
1226 410 1434 442 fidentissima
1456 415 1487 443 et
1509 414 1684 444 certissima
1705 418 1793 445 est.»

1019 461 1200 501 Aliquando
1215 473 1271 502 pro
1286 464 1398 495 habitu
1413 466 1485 496 fidei
1501 467 1663 497 informis⁹
1678 477 1685 498 :
1698 469 1796 501 Fides

1019 515 1090 545 sine
1104 515 1251 554 operibus
1267 521 1391 549 ηιυνῑιια
1405 522 1460 550 est.
1476 519 1656 559 Aliquando
1671 530 1728 560 pro
1744 521 1798 552 ha-

1020 568 1088 597 bitu
1109 568 1182 598 fidei
1206 569 1373 600 formatae⁹
1390 581 1398 601 ι
1421 572 1530 603 Juslus
1553 582 1593 604 ex
1615 574 1680 612 fide
1700 575 1796 607 vivit.

1019 621 1198 661 Aliquando
1221 631 1279 662 pro
1298 626 1372 654 actu
1398 624 1490 663 fidei,
1515 627 1691 657 secundum
1714 629 1798 668 quod

1020 673 1095 703 dicit
1132 673 1336 713 Augustinus
1355 676 1376 693 ¹0
1397 684 1404 705 :
1436 688 1449 704 «
1474 676 1564 707 Fides
1590 680 1638 708 est
1670 680 1798 711 credere

1020 726 1106 765 quod
1130 735 1195 757 non
1221 727 1319 758 vides.
1348 738 1362 756 ›)
1390 728 1571 768 Aliquando
1595 740 1652 770 pro
1677 733 1799 771 obJecto

1020 779 1119 819 ipsius
1134 779 1218 817 fidei,
1235 781 1411 811 secundum
1428 782 1512 821 quod
1529 783 1645 814 (licitur
1659 784 1693 815 in
1708 785 1800 826 Sym-

1021 832 1093 863 bolo
1108 833 1292 864 Athanasii:
1307 835 1380 866 Hoec
1396 838 1440 867 est
1451 836 1532 874 fides
1549 837 1724 877 Catholica,
1738 842 1798 871 etc.

1021 886 1063 917 De
1078 887 1228 918 omnibus
1247 890 1356 918 autem
1379 888 1428 919 his
1449 890 1552 920 modis
1575 892 1732 931 contingit
1752 893 1799 923 di-

1022 949 1091 970 cere
1108 940 1203 971 fidem
1218 940 1395 971 secundum
1414 943 1587 981 quamdam
1603 944 1798 984 analogiam,

1021 1004 1078 1034 pro
1093 1003 1129 1025 eo
1153 995 1239 1034 quod
1255 995 1289 1025 in
1306 996 1455 1026 omnihus
1477 997 1635 1036 reperitur
1651 1000 1799 1038 quaedam

1022 1048 1112 1086 ratio,
1127 1051 1158 1078 et
1171 1058 1318 1079 assensus
1332 1049 1523 1081 credulitatis
1538 1052 1717 1090 cujusdam,
1730 1053 1801 1084 licet

1022 1110 1086 1131 non
1101 1101 1314 1132 uniformiter.
1329 1102 1369 1133 De
1384 1103 1434 1133 his
1448 1107 1557 1135 aulem
1573 1105 1682 1136 decem
1698 1107 1800 1138 modis

1023 1154 1173 1193 Magister
1196 1155 1299 1186 solum
1324 1159 1386 1187 tres
1412 1158 1565 1197 assumit;
1593 1161 1624 1189 et
1643 1160 1688 1190 illi
1712 1163 1798 1198 sunt,

1022 1209 1076 1248 qui
1093 1209 1212 1239 faciunt
1227 1210 1263 1239 ad
1281 1219 1377 1240 suum
1392 1212 1590 1251 propositum
1612 1214 1798 1254 principale,

1021 1261 1166 1293 videlicet
1184 1263 1224 1293 ad
1239 1263 1415 1303 praemissae
1432 1265 1632 1297 diffinitionis
1647 1267 1798 1308 explana-

1022 1315 1152 1346 tionem.

1346 1387 1414 1409 DUB.
1439 1388 1483 1409 111.

1137 1450 1211 1475 Aliud
1225 1453 1264 1476 est
1278 1452 1346 1476 enim
1362 1453 1466 1477 credere
1482 1453 1508 1478 in
1523 1455 1604 1479 Deum
1614 1474 1622 1486 ,
1639 1458 1688 1481 etc.

1064 1527 1179 1558 Contra
1196 1539 1202 1559 :
1222 1528 1252 1559 Si
1271 1529 1400 1561 habitus
1416 1531 1661 1572 distinguuntur
1677 1544 1734 1574 per
1747 1545 1802 1566 ac-

1023 1583 1090 1618 tus,
1107 1581 1233 1613 videtur
1249 1583 1334 1622 quod
1352 1593 1417 1614 non
1433 1584 1472 1615 sit
1488 1586 1583 1616 unius
1600 1588 1673 1618 fidei
1694 1590 1801 1620 omnia

1023 1635 1082 1665 ista
1108 1635 1220 1673 facere,
1243 1636 1297 1666 sed
1325 1636 1525 1669 dlvorsarum
1551 1648 1559 1670 z
1582 1641 1800 1680 quodfalsum

1024 1691 1087 1726 est,
1106 1689 1181 1728 quia
1196 1698 1261 1719 una
1278 1690 1339 1720 tide
1356 1691 1465 1721 omnia
1488 1691 1557 1723 haec
1573 1694 1633 1724 tria
1654 1695 1799 1727 facimus.

1025 1741 1103 1772 Item
1117 1742 1244 1772 videtur
1263 1743 1349 1782 quod
1370 1744 1451 1774 male
1470 1744 1604 1776 diffiniat
1622 1748 1745 1780 credere
1766 1751 1801 1781 in

1024 1795 1133 1833 Deum,
1161 1805 1235 1826 cum
1260 1796 1335 1826 dicit
1356 1798 1441 1836 quod
1461 1810 1475 1826 «
1494 1799 1620 1830 credere
1644 1801 1677 1831 in
1701 1802 1801 1834 Deum

1024 1850 1070 1878 est
1085 1848 1241 1879 credendo
1262 1859 1388 1886 amare,
1407 1861 1420 1878 »
1440 1853 1498 1881 etc.
1519 1851 1553 1882 Si
1568 1854 1653 1885 enlm
1676 1857 1803 1888 credere

1024 1904 1055 1932 et
1070 1911 1177 1932 amare
1192 1905 1266 1933 sunt
1281 1906 1369 1933 actus
1383 1903 1550 1944 disparati,
1568 1907 1696 1940 videtur
1716 1912 1801 1950 quod

1024 1965 1109 1986 unus
1121 1965 1178 1995 per
1191 1955 1328 1987 alterum
1350 1965 1416 1987 non
1430 1957 1546 1988 haheat
1560 1960 1701 1993 diffiniri.
1723 1963 1801 1995 Item

1024 2009 1151 2039 videtur
1164 2017 1231 2039 esse
1244 2009 1414 2040 inculcatio
1429 2012 1619 2052 verborum,
1639 2024 1712 2046 cum
1727 2018 1803 2048 dicit

1024 2061 1180 2093 credendo
1197 2070 1322 2099 amare,
1338 2063 1496 2096 credendo
1513 2066 1547 2097 in
1566 2075 1636 2099 enm
1657 2070 1720 2108 ire,
1737 2079 1800 2102 cre-

1025 2114 1130 2146 dendo
1151 2116 1354 2155 incorporari
1370 2128 1376 2146 :
1393 2116 1477 2148 idem
1498 2120 1585 2150 enim
1602 2121 1728 2154 videtur
1746 2134 1803 2164 per

1024 2168 1123 2199 verba
1137 2167 1191 2198 illa
1206 2168 1280 2199 dici.

1066 2221 1158 2261 Resp.
1184 2221 1358 2252 Dicendum
1378 2223 1475 2264 quod,
1497 2226 1578 2258 sicut
1599 2228 1673 2260 dicit
1687 2230 1802 2271 Magis-

1025 2277 1090 2313 ter,
1113 2275 1199 2306 aliud
1221 2278 1252 2306 et
1275 2276 1363 2307 aliud
1386 2279 1449 2316 est,
1475 2279 1542 2310 sive
1560 2281 1641 2313 alius
1667 2286 1696 2314 et
1719 2285 1801 2316 alius

1025 2327 1139 2359 modus
1154 2328 1301 2359 credendi
1317 2338 1325 2359 ε
1343 2330 1470 2362 credere
1492 2331 1572 2372 Deo,
1589 2336 1619 2365 et
1638 2335 1755 2375 Deum,
1771 2342 1802 2369 et

1026 2381 1059 2412 in
1081 2381 1192 2412 Deum.
1210 2381 1249 2412 Et
1272 2381 1324 2412 isti
1347 2383 1476 2422 quidem
1498 2390 1587 2417 actus
1609 2393 1741 2428 possunt
1761 2393 1801 2423 ad

1025 2435 1168 2466 diversos
1189 2434 1318 2466 habitus
1346 2437 1504 2476 pertinere
1517 2450 1526 2476 ;
1553 2444 1684 2479 possunt
1706 2445 1801 2476 etiam

1026 2547 1056 2552 -
1070 2534 1080 2551 ⁷
1093 2534 1169 2564 Aug,
1184 2532 1219 2557 ad
1236 2534 1333 2567 Bom'f„
1351 2535 1428 2567 Epist.
1445 2543 1520 2567 xxm,
1535 2537 1567 2562 al.
1583 2545 1676 2571 xcvut,
1690 2548 1716 2566 n.
1733 2544 1755 2569 9.
1771 2558 1803 2563 —

1025 2570 1036 2586 ⁸
1049 2570 1126 2600 Rom,
1140 2575 1158 2599 i,
1176 2570 1212 2593 Π.
1225 2570 1274 2587 —9
1288 2571 1351 2602 lac„
1364 2577 1392 2601 Π,
1410 2573 1448 2603 10,
1463 2574 1501 2597 96.
1516 2587 1542 2591 -
1556 2575 1577 2592 ¹⁰
1593 2576 1667 2608 Aug„
1681 2578 1706 2602 in
1719 2580 1802 2614 Joan.‚

1027 2609 1099 2630 tract.
1116 2611 1160 2636 XL,
1175 2612 1202 2636 n,
1215 2607 1239 2629 9.
