2017 2960
124 1594 152 1613 {d
163 1600 213 1620 Offirp.

239 238 298 267 100

237 302 344 333 Glossa
357 302 472 332 dicitur
487 313 493 332 ;
511 314 526 330 (ι
539 301 618 332 Cum
632 301 792 340 benignus
806 302 835 330 et
851 300 1005 330 humana-

234 358 286 386 tus
309 355 389 386 Deus
405 358 510 385 noster
529 354 722 394 apparuerit.
738 364 751 381 n
776 353 861 391 Ergo
881 352 1006 382 videtur

235 409 319 449 quod
333 408 402 439 Filii
420 408 468 438 Dei
483 407 668 438 humanatio
682 415 745 436 non
762 406 853 436 fuerit
868 405 1006 435 median-

235 462 320 492 tibus
335 461 448 492 nostris
463 461 591 491 meritis.

276 515 353 546 110111
371 523 465 553 super
480 513 556 543 illud
576 512 707 542 l‘salmi¹
727 521 734 542 :
754 511 883 550 Respice
898 511 934 542 in
950 513 1006 542 tes—

235 572 409 601 tamentum
438 571 526 599 τιιιιιη
538 578 550 601 ,·
584 566 690 596 Glossa
713 576 719 596 z
755 577 768 594 «
794 564 1007 596 Meminerunt

235 621 466 662 proniissinnis,
488 620 564 660 quia
583 619 695 649 merita
714 619 894 649 defecerunt
913 629 919 648 :
938 628 952 645 n
977 619 1007 648 et

234 675 376 715 loquitur
393 674 431 705 de
453 673 659 714 promissione
682 671 933 702 incarnationis:
955 680 1004 701 er-

235 736 289 767 go,
306 730 363 758 etc.

277 780 353 811 Item
373 789 429 820 pro
451 789 487 810 eo
507 779 590 819 quod
611 788 666 818 per
685 778 798 808 merita
817 776 1005 816 acquiritur,

236 843 299 864 11011
315 836 436 864 tantum
454 835 600 863 tenemur
612 832 651 862 ad
664 832 842 871 gratiarum
857 830 1005 868 1101101100,

235 887 313 917 sicut
329 895 384 926 pro
397 896 434 916 eo
447 885 530 925 quod
544 885 643 924 gratis
653 885 745 915 datur
758 893 765 914 :
778 884 831 914 sed
844 883 882 913 de
895 882 1006 912 Christi

235 939 402 970 donatione
412 941 559 969 tenemur
569 938 608 968 ad
619 937 818 967 omnimodas
828 936 1007 975 gratiarum

235 993 373 1022 action-»s
389 1002 396 1022 :
414 1001 491 1030 ergo
509 991 635 1021 videtur
650 990 734 1030 quod
755 990 840 1020 illam
860 999 925 1020 non
946 989 1005 1018 im-

237 1047 442 1085 petraverunt
457 1044 568 1074 merita
586 1043 742 1073 Ecclesiae.

278 1098 366 1135 Item,
382 1097 466 1137 quod
480 1099 523 1127 est
538 1097 549 1125 f
552 1096 782 1126 undamentum
795 1095 891 1125 totius
905 1094 1008 1124 meriti

236 1151 392 1188 Ecclesiae,
409 1149 529 1180 meritis
544 1150 613 1189 ejus
627 1158 692 1179 11011
708 1150 808 1188 potest
827 1147 913 1178 reddi
932 1158 938 1178 z
955 1147 1007 1178 sed

237 1205 349 1236 Christi
375 1203 550 1234 incarnatio
575 1205 621 1233 est
644 1202 888 1233 fundamentum
914 1201 1009 1232 totius

237 1258 341 1288 meriti
361 1257 521 1294 Ecclesiae,
543 1256 618 1296 quia
640 1265 695 1295 per
715 1255 832 1295 ipsum,
853 1256 1009 1294 quotquot

237 1314 322 1349 sunt,
338 1310 528 1341 reconciliati
543 1312 617 1339 sunt
634 1309 694 1339 1)οο
715 1310 745 1339 et
764 1308 859 1346 Patri,
878 1316 935 1338 nec
949 1307 1008 1337 ali—

236 1365 308 1404 quis
322 1364 462 1395 salvatur
478 1363 539 1394 nisi
557 1372 612 1403 per
627 1371 701 1393 eum
717 1371 724 1392 :
744 1371 822 1400 ergo
837 1370 903 1391 000
922 1361 1010 1391 vide-

236 1420 289 1447 tur
307 1417 390 1457 quod
410 1417 585 1447 incarnatio
606 1415 717 1446 Christi
740 1423 795 1454 per
815 1414 928 1444 merita
950 1422 1003 1452 pa-

236 1474 340 1509 trum,
366 1471 432 1501 sive
456 1470 555 1510 ipsius
578 1468 723 1500 Ecclesiae
748 1468 886 1508 potuerit
908 1467 1010 1506 impe-

239 1525 324 1555 [rari.

279 1578 337 1608 Sed
352 1579 481 1608 contra:
500 1585 596 1615 super
611 1574 689 1605 illud
708 1573 841 1603 Ρεο111112
859 1584 865 1604 2
884 1573 1012 1611 Propter

237 1631 402 1662 miseriam
430 1631 561 1669 inopum
587 1631 614 1659 et
637 1629 789 1667 qenttltmz
816 1635 1012 1666 pauperum,-

237 1684 352 1722 Glossa,
372 1684 413 1714 ibi
431 1694 437 1714 :
459 1695 472 1711 ι(
489 1683 664 1722 Ειῖιινῃαηι,
686 1681 715 1710 iil
736 1682 793 1718 est,
815 1680 938 1710 mittam
959 1680 1012 1710 Fi-

235 1739 314 1769 lium
342 1746 449 1768 meum
476 1738 604 1776 propter
627 1735 785 1774 gemitum
811 1743 1010 1773 pauperum,

235 1792 290 1832 qui
307 1800 363 1831 pro
379 1790 471 1821 malis
485 1791 632 1829 gemunt,
650 1790 680 1819 et
695 1789 829 1828 peccatis
844 1790 1012 1818 conterun-

235 1848 288 1875 tur
306 1855 312 1875 :
330 1853 405 1874 nam
420 1843 509 1873 aliter
527 1852 592 1873 non
610 1843 713 1872 essent
735 1841 825 1880 digni
846 1841 977 1872 auxilio.
997 1852 1011 1869 ι)

237 1898 321 1936 Ergo
345 1897 370 1926 si
393 1899 522 1936 propter
546 1895 703 1934 gemitum
727 1894 798 1924 sacti
823 1896 898 1924 sunt
921 1894 1012 1933 digni

237 1950 386 1981 missione
406 1949 475 1980 Filii
493 1949 557 1986 Dei,
576 1948 701 1978 videtur
719 1947 802 1987 quod
824 1947 1010 1985 incarnatio,

238 2004 305 2033 sive
320 2003 389 2033 Filii
405 2003 455 2032 lJei
472 2002 636 2042 conceptio
651 2010 764 2032 eorum
779 2001 899 2031 meritis
914 2001 1013 2040 impe-

239 2059 320 2087 trata
334 2056 439 2086 fuerit.

280 2112 309 2140 -2,
326 2109 415 2145 item,
434 2109 490 2148 qui
507 2110 645 2139 meretur
664 2107 849 2147 principale,
873 2110 1014 2138 meretur

241 2167 269 2194 et
285 2163 495 2194 accessorium
513 2172 519 2192 :
537 2163 588 2193 sefl
607 2162 782 2192 incarnatio
800 2161 871 2191 Filii
887 2161 940 2192 Dei
955 2161 1014 2191 suit

241 2217 386 2248 ordinata
412 2217 450 2247 ad
476 2219 617 2246 nostram
643 2215 906 2255 glorificationem
931 2226 936 2245 :
961 2215 1014 2245 sed

241 2273 382 2301 nostram
413 2269 676 2308 glorificationem
705 2270 876 2307 potueruut
909 2267 1015 2298 Sancti

243 2323 359 2354 mereri
377 2333 383 2353 :
406 2331 484 2361 ergo
500 2325 530 2352 et
545 2321 783 2360 conceptionem
798 2321 921 2351 Christi.

283 2379 311 2408 3.
330 2376 419 2413 Item,
435 2375 489 2415 qui
507 2377 645 2405 meretur
660 2374 744 2414 quod
760 2375 864 2413 majus
879 2377 934 2412 est,
952 2384 1016 2405 me-

242 2431 305 2462 reri
321 2432 421 2470 potest
436 2430 530 2460 etiam
545 2429 628 2469 quod
643 2429 749 2458 minus
760 2431 806 2458 est
821 2437 827 2457 ε
844 2429 897 2459 sed
912 2430 1016 2469 majus

243 2487 289 2515 est
304 2487 410 2514 nostra
425 2483 624 2519 beatificatio,
641 2491 737 2521 quam
752 2482 792 2511 sit
808 2481 880 2511 Filii
897 2482 949 2511 Dei
965 2483 1015 2512 in-

244 2538 398 2574 carnatio,
423 2537 499 2577 quia
525 2536 600 2567 illud
628 2538 673 2566 est
701 2535 774 2565 finis
802 2535 915 2566 istius:
938 2545 1016 2575 ergo

245 2600 318 2621 cuin
337 2593 525 2621 meruerunt
539 2589 635 2620 sancti
653 2588 758 2619 Patres
773 2597 865 2618 suam
882 2588 1016 2619 beatitu-

245 2643 367 2681 dinem,
397 2646 584 2674 meruerunt
606 2651 684 2682 ergo
707 2644 738 2673 et
762 2641 833 2672 Filii
857 2642 909 2672 Dei
938 2652 1016 2673 con-

245 2696 431 2734 ceptionem.

797 229 1107 265 SENTENTIARUM
1129 230 1203 261 LlB.
1227 229 1280 262 Ill.

1101 299 1131 327 li.
1153 296 1242 334 item,
1266 295 1321 335 qui
1341 295 1417 335 petit
1438 295 1555 335 aliquid
1578 295 1611 325 in
1632 295 1773 326 oratione
1794 304 1834 326 ex

1062 350 1212 380 charitate
1233 350 1480 388 perseveranter,
1498 349 1560 388 pie,
1581 350 1611 379 ct
1629 348 1666 379 ad
1687 347 1832 386 salutem,

1063 405 1202 433 meretur
1216 402 1292 432 illud
1310 401 1395 441 quod
1414 402 1500 440 petit,
1518 402 1658 432 maxime
1676 410 1750 432 cuni
1765 401 1835 432 talis

1062 456 1107 486 rei
1129 456 1236 496 petitio
1261 456 1320 485 1100
1344 455 1487 494 placeat:
1511 455 1563 485 sed
1587 454 1707 494 antiqui
1733 456 1836 494 patres

1063 510 1204 540 maximo
1225 509 1378 540 desiderio
1400 508 1547 548 petebant
1567 507 1636 538 Filii
1657 508 1708 538 1101
1730 508 1835 538 incar-

1062 565 1237 602 natiouem,
1259 566 1291 595 et
1309 564 1369 594 hoc.
1387 564 1635 603 perseveranter,
1658 563 1725 603 pie,
1745 565 1772 593 et
1796 562 1833 593 ad

1062 618 1207 656 salutem,
1223 620 1253 648 et
1273 617 1334 648 Deo
1353 617 1494 657 placebat
1512 616 1596 655 quod
1609 616 1670 646 tale
1685 615 1761 655 quid
1778 625 1836 655 pe-

1063 674 1185 703 terent:
1209 681 1287 711 ergo
1306 671 1433 702 videtur
1453 670 1537 710 quod
1559 670 1747 700 meruerunt
1769 669 1837 700 Filii

1063 725 1116 755 Dei
1134 724 1396 755 incarnationem.

1333 864 1558 896 CONCLUSIO.

1063 946 1219 972 Incarnatz'o
1237 945 1337 971 Christi
1350 947 1479 978 quantum
1497 944 1533 971 ad
1546 945 1686 971 essentiam
1701 951 1754 970 non
1769 944 1842 971 cadit

1098 990 1145 1017 sub
1160 991 1270 1019 merito,
1294 989 1340 1016 secl
1354 991 1391 1015 est
1406 998 1439 1015 ‹2ae
1453 997 1525 1015 mera
1543 990 1650 1022 qratia,
1673 988 1733 1015 licet
1755 988 1844 1022 quoad

1099 1035 1331 1061 circumstantiam
1347 1035 1472 1068 temporis
1493 1033 1573 1060 cadat
1592 1033 1640 1060 sub
1664 1034 1778 1066 merit03
1797 1032 1844 1060 sed

1099 1078 1188 1112 quoad
1201 1078 1347 1111 efficaciam
1358 1078 1472 1104 mediam
1488 1077 1600 1112 quodam
1617 1077 1692 1103 modo
1707 1078 1746 1104 sic
1755 1096 1763 1110 ‚
1780 1084 1843 1111 quo-

1101 1123 1163 1149 dam
1178 1122 1252 1149 modo
1268 1130 1331 1149 non.

1103 1201 1196 1241 Resp.
1216 1201 1252 1231 ad
1267 1210 1337 1239 arg.
1358 1201 1532 1231 Dicendum
1545 1201 1630 1240 quod
1642 1200 1680 1231 de
1693 1200 1843 1232 beneficio

1064 1254 1301 1291 incarnationis,
1318 1254 1401 1284 sicut
1414 1254 1450 1283 de
1465 1254 1534 1284 aliis
1550 1254 1713 1284 beneficiis
1728 1253 1844 1284 divinis

1064 1307 1151 1347 loqui
1176 1310 1222 1338 est
1249 1307 1429 1347 tripliciter,
1454 1306 1598 1337 videlicet
1621 1308 1781 1346 quantum
1803 1307 1843 1337 ad

1066 1361 1287 1398 substantiam,
1310 1361 1360 1391 vel
1380 1361 1557 1398 essentiam,
1579 1362 1609 1391 et
1627 1362 1782 1400 quantum
1803 1359 1843 1391 ad

1065 1414 1250 1451 efficaciam,
1274 1416 1303 1444 et
1328 1416 1485 1454 quantum
1508 1413 1546 1444 ad
1570 1414 1842 1444 circumstantiam

1065 1469 1227 1508 temporis.
1245 1468 1278 1499 Si
1298 1469 1468 1508 loquamur
1483 1468 1520 1498 dc
1539 1468 1607 1507 ipso
1628 1469 1784 1507 quantum
1802 1467 1842 1499 ad

1066 1521 1246 1559 essentiam,
1267 1522 1311 1552 sic
1332 1521 1500 1552 dicendum
1520 1521 1604 1560 quod
1624 1521 1702 1551 illud
1721 1521 1842 1551 benefi-

1067 1575 1153 1605 cium
1173 1572 1241 1605 era‘t
1255 1585 1290 1605 su
1296 1584 1352 1614 pra
1367 1576 1549 1605 sanctorum
1568 1573 1699 1604 Patrum
1716 1574 1840 1611 merita,

1067 1631 1234 1668 propterea
1253 1629 1327 1668 quia
1346 1637 1410 1659 non
1432 1629 1478 1658 est
1495 1628 1590 1667 justae
1613 1627 1842 1666 retributionis,

1067 1683 1120 1713 sed
1144 1682 1336 1721 (lignationis
1358 1680 1630 1718 eminentissimae,
1654 1682 1684 1711 et
1706 1689 1771 1711 non
1794 1689 1844 1711 se-

1067 1735 1178 1774 quitur
1199 1735 1311 1765 merita
1331 1733 1471 1764 hominis
1491 1733 1582 1772 lapsi,
1601 1733 1652 1764 sed
1674 1733 1778 1773 potius
1798 1735 1845 1764 est

1067 1789 1313 1818 fundamentum
1343 1787 1447 1818 omnis
1474 1786 1579 1817 meriti
1603 1797 1610 1818 :
1633 1787 1710 1826 quia
1737 1786 1845 1817 nullus

1068 1843 1130 1874 Deo
1146 1843 1268 1882 placere
1287 1842 1391 1882 potuit
1410 1843 1480 1881 post
1498 1841 1623 1880 lapsum
1643 1841 1762 1880 absque
1780 1841 1843 1872 fide

1069 1896 1159 1926 istius
1178 1895 1332 1933 beneficii,
1354 1894 1403 1924 vel
1423 1894 1457 1924 in
1477 1893 1630 1933 generali,
1652 1894 1703 1924 vel
1724 1894 1758 1924 in
1777 1903 1845 1934 spe-

1069 1949 1138 1980 ciali
1155 1960 1160 1979 :
1177 1950 1207 1979 et
1220 1948 1397 1979 secuudum
1409 1947 1491 1978 hanc
1503 1947 1592 1977 viam
1607 1947 1783 1986 procedunt
1797 1956 1847 1978 ra-

1070 2003 1171 2033 tiones
1184 2004 1215 2032 et
1227 2001 1429 2032 auctoritates
1444 2001 1482 2031 ad
1498 2001 1635 2040 primam
1651 2003 1773 2041 partem
1789 2001 1846 2032 ad-

1070 2056 1184 2086 ductae.
1199 2055 1231 2086 Si
1247 2064 1322 2086 vero
1338 2055 1510 2094 loquamur
1524 2054 1562 2084 de
1578 2054 1731 2085 beneficio
1745 2054 1847 2085 incar-

1071 2109 1207 2139 nationis
1220 2111 1377 2148 quantum
1390 2108 1429 2139 ad
1441 2108 1624 2147 efficaciam,
1635 2108 1680 2138 sic
1690 2117 1765 2138 cum
1777 2109 1847 2148 ejus

1071 2163 1209 2193 efficacia
1224 2164 1305 2193 esset
1318 2162 1448 2201 duplex,
1463 2161 1609 2192 videlicet
1623 2161 1709 2201 quod
1725 2161 1846 2192 ordina-

1072 2217 1165 2247 batur
1182 2217 1222 2248 ad
1240 2217 1457 2247 liberationem
1474 2226 1492 2246 a
1512 2216 1663 2247 servitute
1684 2216 1797 2256 culpae,
1817 2218 1849 2248 et

1071 2280 1090 2300 a
1104 2272 1195 2301 reatu
1209 2271 1356 2301 carentiae
1372 2269 1502 2300 visionis
1517 2269 1584 2307 Dei,
1598 2269 1737 2309 quodam
1752 2269 1848 2300 modo

1073 2323 1153 2354 cadit
1167 2324 1226 2354 sub
1246 2323 1369 2361 merito,
1390 2322 1530 2362 quodam
1551 2322 1646 2353 modo
1665 2331 1743 2353 non.
1766 2321 1847 2354 Nam

1072 2379 1230 2416 quantum
1252 2376 1290 2407 ad
1312 2376 1530 2406 liberationem
1549 2385 1568 2406 a
1588 2377 1679 2406 reatu
1700 2375 1847 2406 carentiae

1073 2429 1190 2460 divinae
1206 2429 1349 2466 visionis,
1366 2430 1397 2459 et
1411 2428 1631 2468 captivationis
1645 2427 1772 2466 diaboli,
1787 2428 1848 2459 hoc

1075 2485 1260 2514 meruerunt
1283 2482 1382 2513 sancti
1403 2483 1523 2521 patres,
1547 2483 1578 2511 et
1599 2480 1680 2510 cadit
1700 2481 1759 2511 suh
1780 2490 1847 2512 me-

1073 2537 1152 2573 rito;
1173 2538 1330 2575 quantum
1347 2544 1423 2566 vero
1441 2534 1479 2565 ad
1496 2533 1690 2573 ereptionem
1709 2533 1747 2564 de
1764 2535 1849 2565 statu

1073 2590 1186 2629 culpae,
1205 2598 1270 2619 non
1285 2589 1366 2619 cadit
1380 2587 1439 2619 sub
1455 2586 1579 2624 merim,
1595 2586 1658 2616 nisi
1674 2586 1746 2626 quis
1758 2586 1849 2626 large

1073 2645 1178 2673 sumat
1194 2642 1343 2673 meritum
1357 2642 1396 2672 ad
1411 2640 1562 2671 meritum
1576 2640 1714 2679 congrui
1730 2642 1760 2671 et
1774 2649 1849 2672 con-

1109 2706 1115 2720 ῑ
1132 2703 1197 2728 Psal.
1209 2710 1301 2734 Lxxm,
1315 2704 1410 2729 20.-²
1421 2701 1493 2727 Psal.
1508 2706 1543 2731 ΣΙ,
1560 2702 1583 2725 6.
