2017 2960
792 189 980 222 DISTINCT.
1004 190 1085 226 xm,
1675 194 1734 223 27³

662 364 1027 410 DISTINCTIO
1072 365 1207 410 XIII

135 507 175 528 AN
193 505 353 535 CHRISTUS,
375 505 532 527 SECUNDUM
554 504 699 526 NATURAM
722 504 870 534 HOMINIS,
887 504 919 525 IN
944 504 1105 526 SAPIENTIA
1134 505 1172 525 ET
1194 504 1306 526 GRATIA
1327 505 1491 528 PROFICERE
1517 504 1677 536 POTUERIT,
1703 504 1741 526 ET

860 562 1055 584 PROFECERIT·

180 665 342 698 Praeterea
357 663 525 696 sciendum
548 667 606 705 est,
632 662 798 696 Christum
825 662 1007 695 secundum
1030 661 1199 694 hominem
1227 662 1268 694 ab
1302 662 1372 706 ipsa
1397 663 1606 707 conceptione
1629 663 1741 705 gratiae
1774 678 1864 702 Quomo.

137 721 377 766 plenitudinem
388 721 557 765 recepisse,
574 721 627 753 cui
643 720 785 764 Spiritus
809 719 908 752 datus
931 726 978 752 est
1000 731 1066 752 uon
1093 719 1139 752 ad
1156 731 1347 752 mensuram
1363 720 1383 760 ¹,
1401 720 1480 753 etin
1496 731 1557 764 quo
1565 719 1741 764 plenitudo
1756 709 1865 761 ζιζηνὲζῗξζ

138 779 325 813 divinitatis
341 779 554 823 corporaliter
569 778 728 810 habicffl.
751 778 798 810 Ita
822 789 900 810 vero
925 777 1064 819 habitat,
1094 782 1132 810 ut
1153 778 1198 810 ait
1220 777 1430 821 Augustinus
1449 777 1495 810 ad
1512 777 1726 810 Dardanum³
1756 776 1781 792 ⁵¹¹
1795 779 1864 792 *¹¹⁰³*

1731 803 1740 819 ²
1758 805 1813 824 natio
1834 810 1865 824 or-

139 837 227 882 quod
244 838 334 870 omni
349 836 454 879 gratia
468 836 585 880 plenus
598 840 656 868 est.
675 835 747 869 Non
763 835 808 868 ita
823 835 950 868 habitat
964 835 998 867 in
1014 835 1143 868 sanctis.
1162 836 1205 868 Ut
1220 836 1255 868 111
1266 840 1377 869 nostro
1388 847 1522 880 corpore
1536 836 1621 869 inest
1628 846 1743 868 sensus
1768 836 1852 855 ⁶¹¹¹&OE

1770 868 1854 887 adnos-

139 895 279 938 singulis
296 894 464 936 membris,
481 894 535 927 sed
562 906 629 927 non
655 898 818 938 quantum
845 894 880 926 in
909 894 1011 938 capite
1037 894 1107 939 (ibi
1132 894 1220 927 enim
1249 898 1280 927 et
1296 894 1385 927 visus
1400 898 1459 936 est,
1489 899 1521 927 et
1537 894 1682 936 auditus,
1713 897 1744 926 et
1759 900 1812 918 (ΓΜ)
1834 904 1866 917 ¹0·

140 952 290 994 olfactus,
307 956 338 985 et
352 957 480 995 gustus,
497 956 528 985 et
547 956 671 993 tactus;
688 952 723 984 in
744 952 869 985 caeteris
883 956 994 985 autem
1016 952 1105 985 solus
1128 956 1176 985 est
1191 956 1295 985 tactus
1313 965 1319 984 :
1333 953 1341 996 )
1360 952 1405 985 ita
1425 952 1460 984 in
1475 952 1604 985 Christo
1619 951 1745 984 habitat
1759 930 1866 981 ‹10:130-

142 1011 248 1043 omnis
263 1010 434 1055 plenitudo
457 1010 657 1052 divinitatis,
674 1010 753 1054 quia
773 1010 829 1042 ille
852 1014 899 1043 est
925 1014 1035 1054 caput,
1057 1010 1091 1042 in
1109 1021 1176 1055 quo
1195 1015 1272 1043 sunt
1292 1022 1406 1043 omnes
1426 1021 1556 1052 sensus;
1576 1011 1611 1043 in
1626 994 1868 1057 53110115ξέἷᾶἓῖἒέιῖ-

143 1080 218 1102 vero
246 1070 339 1113 quasi
367 1069 457 1101 solus
485 1072 531 1100 est
558 1072 674 1108 tactus,
690 1068 812 1112 quibus
839 1068 935 1101 datus
963 1072 1010 1100 est
1038 1068 1172 1112 spiritus
1200 1068 1239 1101 ad
1264 1080 1466 1110 mensuram,
1490 1080 1566 1101 cum
1594 1067 1635 1100 de
1655 1067 1745 1100 illius
1760 1055 1867 1112 ἐῗῇζξῗῐ

139 1126 348 1171 plenitudine
375 1133 570 1170 acceperunt
588 1129 608 1158 ⁶.
644 1127 849 1170 Acceperunt
879 1130 989 1159 autem
1026 1127 1066 1158 de
1102 1126 1191 1158 illius
1223 1126 1428 1170 plenitudine
1462 1137 1530 1158 non
1564 1116 1867 1169 secundumfissffffi,

143 1184 328 1225 essentiam,
349 1184 403 1216 sed
423 1184 604 1217 secundum
630 1184 882 1217 similitudinem
902 1197 908 1224 ;
933 1184 1012 1228 quia
1031 1195 1206 1228 nunquam
1229 1184 1321 1216 illam
1349 1184 1498 1217 eamdem
1519 1183 1744 1225 essentialiter,

143 1242 198 1274 sed
212 1241 354 1274 similem
369 1246 562 1286 acceperunt
577 1242 729 1285 gratiam.
755 1241 843 1274 Puer
868 1253 946 1285 ergo
972 1242 1027 1274 ille
1052 1242 1170 1285 plenus
1195 1242 1355 1286 sapientia
1374 1246 1404 1275 et
1425 1242 1532 1285 gratia
1546 1241 1609 1274 fuit
1624 1241 1665 1274 ab
1679 1240 1749 1285 ipsa

142 1299 362 1343 conceptione.
383 1299 474 1332 Unde
492 1299 648 1332 Jeremias
660 1304 745 1332 recte
759 1299 837 1332 dicit
854 1303 863 1318 ⁵
882 1312 888 1332 :
907 1301 1038 1334 Novum
1050 1300 1157 1344 faciet
1171 1300 1334 1334 Dominus
1348 1311 1444 1345 super
1460 1306 1585 1333 terram
1602 1312 1613 1331 .·
1628 1299 1748 1332 mulier

144 1357 364 1390 circumdabit
391 1357 497 1390 virum
513 1370 524 1395 ,·
546 1358 625 1402 quia
652 1358 687 1390 in
708 1362 802 1390 utero
823 1357 972 1401 Virginis
997 1357 1158 1402 perfectus
1181 1358 1233 1391 vir
1256 1358 1363 1391 extitit
1388 1369 1456 1391 non
1479 1358 1587 1391 solum
1618 1361 1751 1401 propter

145 1415 290 1448 animam
305 1419 336 1447 et
350 1426 494 1457 carnem,
511 1415 566 1448 sed
581 1415 679 1448 etiam
695 1420 827 1460 propter
847 1416 1041 1460 sapientiam
1057 1419 1089 1448 ct
1103 1416 1256 1459 gratiam,
1271 1428 1338 1460 qua
1352 1415 1470 1460 plenus
1484 1419 1564 1448 erat.

189 1472 275 1505 Huic
305 1477 415 1505 autem
442 1473 610 1506 sententiae
640 1473 770 1506 videtur
796 1473 929 1507 obviare
957 1474 1045 1517 quod
1074 1473 1108 1506 in
1132 1473 1230 1506 Lucae
1255 1474 1441 1517 Evcmqelz'o
1469 1473 1615 1517 legitur‘
1632 1485 1639 1505 :
1655 1473 1747 1505 lesus
1776 1501 1872 1521 Auctori-

139 1531 339 1575 proficz'ebat
375 1531 554 1576 sapientia,
592 1538 623 1564 et
657 1538 768 1573 aetate,
815 1537 846 1564 et
882 1532 996 1576 qratia
1033 1531 1125 1576 apud
1160 1533 1266 1564 Deum
1309 1537 1340 1564 et
1384 1531 1543 1564 homines.
1582 1531 1618 1564 Si
1658 1531 1746 1564 enim
1763 1535 1872 1589 ffiffimqgss

146 1589 337 1633 proficiebat
364 1589 534 1633 sapientia,
565 1594 596 1622 et
624 1594 727 1631 aetate,
758 1593 789 1622 et
814 1590 932 1633 gratia,
962 1600 1029 1622 non
1057 1589 1189 1622 videtur
1220 1601 1239 1622 a
1266 1589 1476 1634 conceptione
1503 1589 1656 1622 habuisse
1680 1588 1748 1632 ple·
1774 1595 1861 1645 Lidviilss

146 1647 332 1680 nitudinem
348 1647 459 1690 gratiae
475 1648 544 1680 sine
560 1659 725 1680 mensura.
748 1648 800 1680 Ad
820 1647 909 1692 quod
931 1659 1008 1680 sane
1028 1647 1091 1680 dici
1110 1652 1227 1692 potest,
1251 1648 1361 1692 ipsum
1384 1647 1565 1681 secundum
1579 1646 1748 1680 hominem
1866 1640 1871 1645 ⁸

147 1708 271 1737 tantam
295 1717 314 1737 a
338 1705 547 1750 conceptione
570 1706 728 1749 accepisse
748 1705 915 1750 sapientiai
940 1709 971 1738 et
989 1705 1104 1748 gratiae
1120 1705 1374 1749 plenitudinem,
1395 1709 1432 1738 ut
1454 1705 1542 1738 Deus
1566 1705 1595 1738 ei
1619 1705 1750 1749 plenius

146 1763 293 1795 conferre
308 1774 375 1795 non
385 1763 528 1807 potuerit
546 1776 553 1804 ;
570 1767 602 1795 et
622 1767 731 1796 tamen
750 1774 827 1796 vere
846 1763 967 1796 dicitur
989 1763 1163 1807 profecisse
1182 1763 1342 1807 sapientia
1365 1767 1396 1796 et
1415 1763 1522 1806 gratia
1534 1773 1602 1796 non
1615 1762 1751 1807 quidem

147 1819 182 1852 in
197 1831 242 1862 se,
260 1820 314 1853 sed
342 1820 377 1853 in
405 1820 490 1863 aliis,
520 1821 579 1865 qui
605 1821 645 1853 de
673 1821 744 1865 ejus
771 1821 932 1865 sapientia
960 1824 992 1853 et
1019 1820 1125 1864 gratia
1152 1820 1378 1865 proficiebant,
1411 1820 1492 1853 dum
1520 1820 1566 1853 eis
1583 1820 1751 1865 sapientiae

148 1882 179 1910 et
206 1877 320 1921 gratiae
347 1889 486 1911 munera
515 1879 696 1911 secundum
726 1890 914 1923 processum
938 1878 1041 1912 aetatis
1069 1878 1174 1921 magis
1199 1889 1236 1911 ac
1265 1878 1369 1921 magis
1396 1878 1623 1922 patefaciebat.
1654 1878 1751 1911 Unde

149 1934 328 1977 Gregorius
351 1941 361 1957 ⁷
383 1936 419 1968 in
445 1936 587 1980 quadam
611 1937 748 1970 homilia
770 1937 814 1970 ait
832 1949 838 1969 :
859 1949 875 1968 «
896 1936 997 1970 Juxta
1020 1936 1164 1969 hominis
1183 1940 1337 1969 naturam
1358 1935 1548 1980 proficiebat
1566 1935 1725 1979 sapientia
1742 1949 1748 1967 ι

150 2004 218 2025 11011
246 1992 335 2037 quod
358 1993 426 2037 ipse
447 1994 624 2037 sapientior
648 1999 730 2027 esset
751 2006 790 2027 ex
812 1998 970 2038 tempore,
1002 1994 1061 2038 qui
1091 2005 1111 2027 a
1138 1994 1246 2038 prima
1273 1993 1494 2038 conceptionis
1525 1993 1606 2026 hora
1635 1993 1752 2038 spiritu

151 2051 317 2095 sapientiae
337 2051 454 2095 plenus
474 2052 710 2095 permanebat3
743 2052 799 2085 sed
827 2052 988 2094 eamdem,
1017 2063 1083 2096 qua
1106 2051 1226 2096 plenus
1246 2055 1327 2093 erat,
1352 2051 1547 2095 sapientiam
1575 2051 1700 2084 caeteris
1713 2062 1753 2085 ex

152 2112 297 2153 tempore
318 2108 477 2153 paulatim
499 2109 752 2142 demonstrabat.
774 2109 872 2142 Juxta
890 2109 1034 2142 hominis
1055 2113 1209 2142 naturam
1233 2108 1424 2153 proficiebat
1446 2112 1540 2142 aetate
1556 2109 1597 2142 ab
1614 2109 1754 2142 infantia

152 2166 192 2199 ad
207 2166 428 2210 juventutem.
446 2166 547 2200 Juxta
562 2167 705 2200 hominis
727 2171 880 2200 naturam
904 2167 1094 2211 proficiebat
1115 2167 1234 2210 gratia,
1258 2178 1326 2199 non
1347 2166 1416 2211 ipse
1430 2166 1519 2211 quod
1534 2178 1601 2200 non
1614 2166 1754 2199 habebat

151 2234 210 2268 per
223 2235 386 2257 accessum
408 2225 563 2269 temporis
586 2225 785 2269 accipiendo,
808 2225 863 2258 sed
884 2225 1057 2269 pandendo
1080 2224 1206 2258 donum
1230 2224 1342 2267 gratiae
1368 2224 1457 2269 quod
1477 2224 1628 2258 habehat.
1655 2224 1754 2266 Apud

153 2281 258 2314 Deum
274 2286 305 2314 et
321 2282 470 2315 homines
490 2282 693 2326 proficiebat,
719 2282 798 2327 quia
819 2287 982 2327 quantum
1006 2282 1196 2327 proficiente
1220 2286 1311 2315 aetate
1335 2282 1547 2326 patefaciebat
1565 2282 1755 2315 hominibus

153 2338 239 2372 dona
253 2340 379 2383 gratiae,
396 2351 469 2385 quae
498 2340 559 2372 sibi
580 2341 720 2382 inerant,
751 2344 783 2373 et
809 2340 989 2385 sapientiae,
1020 2344 1149 2373 tantum
1177 2351 1231 2373 eos
1257 2340 1298 2373 ad
1325 2340 1459 2373 laudem
1485 2340 1546 2373 Dei
1568 2339 1752 2373 excitabat:

155 2400 187 2428 et
199 2397 244 2429 sic
266 2397 333 2430 Deo
358 2398 449 2431 Patri
470 2397 510 2431 ad
534 2398 668 2431 laudem
692 2398 763 2440 Dei,
789 2403 820 2431 et
839 2398 1030 2431 hominibus
1052 2398 1092 2431 ad
1116 2398 1256 2431 salutem
1280 2397 1482 2442 proficiebat.
1511 2398 1550 2430 In
1572 2397 1644 2430 aliis
1662 2407 1752 2440 ergo,

156 2454 271 2486 nonin
284 2466 317 2488 se
339 2455 529 2499 proficiebat
553 2456 711 2500 sapientia
731 2459 762 2489 et
783 2456 899 2500 gratia.
923 2455 1017 2489 Unde
1036 2456 1071 2488 in
1095 2455 1209 2488 eodem
1232 2455 1414 2499 Evangelio
1434 2466 1516 2501 puer
1526 2455 1582 2487 ille
1596 2453 1756 2499 sapientia

155 2510 272 2554 plenus
299 2516 329 2545 et
360 2513 464 2556 gratia
497 2513 702 2557 perhibetur.
741 2513 795 2546 Sic
830 2525 907 2557 ergo
945 2513 1066 2547 dicitur
1106 2513 1280 2557 profecisse
1314 2513 1473 2557 sapientia
1506 2517 1537 2546 et
1567 2512 1690 2556 gratia,
1719 2515 1756 2544 ut

189 2594 198 2611 ¹
212 2595 293 2624 donn„
309 2601 349 2626 111,
364 2597 403 2620 34.
418 2610 443 2614 —-
454 2597 578 2626 ²Coloss„
591 2604 621 2627 11,
638 2600 661 2622 9.
672 2611 702 2615 —
713 2598 723 2615 ⁸
737 2599 813 2629 Aug„
824 2598 905 2629 Epist.
918 2604 987 2629 Lv11,
1001 2598 1033 2621 3-1.
1047 2603 1181 2626 eLxxxvu,
1192 2605 1215 2622 e.
1228 2603 1290 2628 xm,
1305 2604 1330 2622 n.
1345 2599 1388 2626 40,
1399 2597 1483 2628 quoad
1494 2603 1607 2621 sensum.
1617 2596 1756 2626 —2Joan.,

157 2635 180 2660 1,
193 2631 229 2654 16.
242 2643 267 2647 —
278 2630 287 2646 ⁵
299 2631 398 2660 lere-m„
412 2637 485 2662 xxxi,
498 2634 570 2657 22.—
579 2633 589 2649 ⁶
601 2633 668 2663 Lae,
682 2639 711 2663 11,
728 2634 871 2657 52.--⁷1ta
885 2634 987 2663 Glossa3
999 2633 1044 2657 sed
1053 2635 1092 2656 est
1105 2633 1190 2663 Bedae,
1201 2633 1273 2657 hom.
1283 2639 1309 2656 xr
1319 2640 1373 2662 sup.
1386 2633 1485 2662 Lucam,
1498 2632 1566 2657 circa
1575 2631 1637 2656 illud
1649 2637 1736 2662 cap-11
1750 2639 1755 2655 :

156 2665 226 2688 Iesus
238 2665 398 2696 proficiebat,
414 2668 462 2691 etc.

317 2718 392 2740 rou.
414 2719 459 2741 rv.
1602 2715 1640 2744 18
