2017 2960
829 187 1018 221 DlSTiNCT.
1044 188 1082 220 11.
1736 194 1768 222 4¹

157 269 218 299 τω,
233 260 316 291 sieut
329 259 518 290 decenserat
530 267 636 289 unum
648 258 733 289 uniri
746 257 815 296 uni,
826 260 858 288 et
866 257 936 288 nni-

157 314 304 355 genitum
326 312 427 344 Patris
447 312 515 343 fleri
536 312 743 352 unigenitum
764 311 885 346 matris,
902 314 937 342 nt

156 368 202 399 sic
218 376 274 408 per
296 366 452 398 unionem
474 369 599 397 naturae
620 375 677 396 nec
692 366 781 397 fieret
797 374 936 396 recessus

157 422 199 453 ab
220 421 356 457 unitate,
373 429 431 451 nec
454 420 543 450 tieret
563 420 708 450 confusio
727 420 758 450 in
778 419 936 459 personali

157 475 357 516 proprietate.
371 473 504 504 Ratione
513 483 587 504 vero
597 473 807 513 reparationis
818 475 936 503 nostrae

156 528 261 568 magis
275 528 493 567 congruebat,
508 527 586 568 quia
600 527 678 558 unio
696 526 792 556 tiebat
809 528 937 566 propter

157 582 372 613 Mediatorem.
400 582 552 613 Mediator
574 583 683 612 autem
709 589 794 611 unus
816 583 879 618 est,
901 582 936 610 ut

155 636 286 667 reducat
299 636 338 666 ad
355 636 510 667 unitatem
526 638 556 666 et
572 634 774 665 concordiam
791 633 890 664 Deum
906 636 936 664 et

156 689 332 720 hominem.
355 689 386 720 Si
408 698 488 728 ergo
506 688 612 729 plures
634 690 758 724 essent,
775 689 830 718 aut
851 696 936 717 nnus

155 743 334 780 sufficeret,
360 744 415 772 aut
439 751 503 772 non
521 752 527 772 :
547 742 572 772 si
597 742 772 779 sufficeret,
789 744 866 771 tunc
881 740 934 770 alii

155 796 407 837 superfluerent;
423 796 449 826 si
464 805 528 826 non
541 796 714 833 sufficeret,
730 796 800 835 ‚iarn
813 795 934 834 inlper-

155 850 255 882 tectus
278 849 432 881 Mediator
457 853 550 881 esset.
575 849 663 881 Unde
687 850 769 880 sicut
791 849 936 880 Christus

154 904 252 935 semel
269 913 327 945 pro
346 905 480 945 peccatis
501 906 665 940 mortuus,
682 906 745 942 est,
761 903 853 943 quia¹
870 912 935 935 mm

154 957 312 990 oblatione
335 958 570 990 consummavit
592 958 628 990 in
646 961 801 990 oeternum
815 957 935 989 sancti-

154 1012 286 1051 fica108;
304 1012 349 1044 ita
365 1012 463 1043 semel
484 1014 516 1042 et
534 1012 566 1042 in
586 1012 681 1042 unica
697 1014 812 1042 natura
827 1011 936 1041 debuit

156 1065 327 1097 incarnari.
350 1065 481 1097 Ratione
504 1074 581 1096 vero
596 1065 796 1096 exaltationis
809 1067 935 1096 naturae

154 1121 326 1159 assumptae
349 1119 454 1158 magis
475 1119 695 1158 congruebat,
714 1118 791 1158 quia
806 1118 935 1149 decebat

155 1172 244 1203 illum
265 1172 443 1210 hominem,
460 1172 516 1212 qui
533 1172 615 1203 Deus
633 1173 712 1208 erat,
729 1172 774 1202 sic
787 1172 933 1209 exaltari,

155 1229 189 1258 ut
203 1226 333 1258 daretur
349 1226 379 1257 ei
392 1228 403 1243 ¹
419 1234 535 1259 nonum
557 1226 643 1267 quod
663 1229 710 1258 est
730 1234 825 1266 super
845 1234 936 1258 omne

153 1288 277 1314 nomen.
294 1283 328 1311 Et
344 1281 498 1321 quoniam
520 1281 599 1311 illud
621 1281 706 1321 quod
729 1290 786 1321 per
802 1290 934 1321 supera-

153 1334 364 1366 bundantiam
378 1334 507 1372 dicitur,
526 1334 583 1365 uni
598 1334 655 1366 soli
671 1335 834 1373 convenit,
852 1335 935 1366 sicut

153 1388 236 1420 Deus
249 1391 296 1420 est
310 1398 417 1427 unus,
436 1389 492 1429 qui
515 1398 579 1419 non
600 1388 697 1420 habet
716 1389 813 1420 aliam
838 1392 934 1420 natu-

153 1451 223 1474 ram
237 1442 408 1483 aequalem,
420 1443 473 1474 sed
485 1452 635 1474 summus
649 1445 696 1474 est
711 1443 794 1473 inter
805 1443 931 1480 omnia;

152 1495 197 1527 sic
209 1498 325 1527 natura
338 1498 503 1536 assumpta
517 1496 611 1527 unica
619 1498 676 1532 est,
685 1496 738 1527 cui
753 1505 816 1527 non
826 1506 934 1537 aequa-

153 1552 206 1581 tur
227 1549 335 1590 aliqua
353 1552 501 1581 creatura
514 1574 522 1585 ,
537 1552 693 1590 tanquam
708 1550 759 1580 cui
770 1551 780 1566 ³
793 1549 873 1582 data
887 1554 933 1582 est

153 1604 256 1634 omnis
270 1606 411 1643 potestas
434 1604 470 1635 in
491 1603 567 1635 caelo
596 1606 625 1635 et
646 1604 681 1635 in
702 1607 796 1635 terra.
815 1603 932 1635 Conec-

152 1656 264 1687 tlendae
279 1659 355 1687 sunt
368 1665 448 1697 ergo
464 1657 604 1687 rationes
620 1657 831 1693 ostendentes,
846 1658 931 1697 quod

153 1707 256 1747 magis
277 1707 392 1739 decens
412 1708 509 1739 fuerit
533 1717 696 1740 assumere
720 1717 818 1740 unam
835 1712 930 1740 natu-

151 1769 221 1792 ram
235 1760 447 1801 singularem,
463 1771 561 1802 quam
576 1765 675 1793 totam
689 1763 836 1803 speciem.

191 1817 221 1846 1.
237 1814 286 1846 Ad
307 1814 384 1846 illud
405 1825 480 1847 vero
499 1816 586 1856 quod
607 1817 782 1857 opponitur
802 1817 835 1848 in
855 1827 932 1849 con-

150 1868 298 1906 trarium,
314 1869 401 1910 quod
419 1871 485 1901 tota
500 1870 667 1910 indigebat
687 1871 864 1909 curatione,
881 1872 931 1903 di-

150 1923 287 1954 cendum
311 1923 397 1964 quod
421 1926 486 1955 tota
510 1924 675 1964 indigebat
697 1926 873 1964 curatione,
901 1930 933 1958 et

151 1979 216 2008 tota
230 1978 337 2009 curari
358 1979 481 2018 poterat
498 1987 556 2018 per
571 1987 675 2010 unum
691 1978 869 2017 hominem,
886 1981 931 2012 si-

150 2034 205 2062 cut
225 2033 329 2062 totum
351 2040 468 2072 corpus
489 2032 596 2064 curari
620 2035 723 2073 potest
742 2043 798 2074 per
823 2038 932 2066 caute-

151 2086 237 2118 rium
252 2087 338 2127 quod
357 2088 393 2118 fit
408 2087 491 2118 circa
505 2097 610 2119 unum
631 2089 814 2120 membrum·
832 2099 840 2121 ε
862 2091 931 2122 ideo

151 2149 216 2173 non
227 2141 368 2182 oportuit
376 2142 496 2172 assumi
505 2144 610 2173 toturn
621 2152 727 2182 genus
736 2143 929 2176 humanum.

151 2193 215 2226 Nec
224 2194 310 2226 valet
321 2194 399 2226 illud
411 2195 498 2235 quod
509 2195 660 2236 objicitur
669 2196 708 2227 de
719 2196 929 2229 Damasceno:

155 2259 170 2278 α
180 2248 270 2286 Quod
279 2251 348 2280 erat
356 2249 624 2290 inassumptibile,
636 2253 703 2282 erat
713 2251 902 2284 incurabile:
912 2264 926 2282 n

151 2301 293 2343 loquitur
311 2302 397 2333 enim
417 2302 456 2333 de
475 2304 687 2344 assumptibili
705 2305 740 2336 in
760 2315 804 2344 se,
824 2306 875 2337 vel
898 2307 930 2338 iu

150 2364 210 2386 suo
221 2355 317 2386 simili
329 2365 338 2387 :
351 2356 396 2387 sic
409 2358 474 2388 tota
485 2356 629 2388 humana
641 2361 756 2390 natura
767 2363 931 2401 assumpta

151 2409 211 2442 suit
228 2410 262 2441 in
282 2410 417 2448 Christo,
437 2410 519 2441 sicut
538 2411 658 2451 patebit
677 2413 776 2451 iufra3
799 2416 830 2445 et
851 2415 929 2445 nihil

152 2462 185 2494 in
197 2462 329 2495 homine
342 2463 508 2504 indigebat
519 2465 696 2504 curatione,
709 2467 795 2506 quod
810 2477 875 2499 non
890 2468 931 2499 sit

152 2519 354 2558 assumptum
368 2527 388 2549 a
402 2517 466 2549 Deo
480 2518 515 2549 in
529 2518 651 2551 unitate
663 2529 821 2560 personae.

193 2571 223 2601 2.
236 2570 284 2602 Ad
294 2571 375 2603 illud
386 2571 472 2612 quod
484 2573 669 2613 opponitur,
683 2575 768 2614 quod
783 2577 848 2607 tota
861 2586 930 2618 spe-

156 2651 198 2710 m!
214 2649 299 2680 Hebr„
310 2657 347 2682 ix,
364 2653 401 2678 u.
413 2665 442 2672 —
457 2653 468 2670 ¹
478 2652 584 2684 Philip„
599 2660 628 2685 n,
639 2655 660 2679 9.
673 2667 701 2673 -
716 2655 727 2671 ⁸
740 2656 824 2686 Man„
837 2662 930 2689 xxvni,

996 259 1059 289 cies
1080 258 1223 289 humana
1245 258 1305 288 fuit
1326 258 1359 288 in
1381 257 1642 298 praevaricatore,
1665 258 1771 289 dicen-

993 312 1067 343 dum
1084 312 1170 352 quod
1187 321 1251 342 non
1267 314 1313 342 est
1328 311 1442 348 simile,
1457 312 1533 351 qnia
1549 311 1775 351 praevaricator

994 367 1156 407 corrupit,
1181 369 1212 396 ct
1237 365 1475 406 corruptionem
1505 365 1675 396 transfudit
1704 375 1774 396 me-

992 420 1098 450 diante
1121 420 1329 457 generatione
1348 420 1487 456 ean-milk
1506 419 1648 450 (liu-isius
1666 422 1773 450 antem

992 476 1083 504 sanat
1106 483 1161 513 per
1184 474 1339 512 gratiani,
1364 476 1393 503 ct
1420 473 1578 504 mediante
1603 482 1773 511 regenera-

992 527 1077 557 tione
1100 527 1257 567 spirituali
1276 537 1282 557 :
1309 530 1339 558 et
1364 527 1433 557 ideo
1456 536 1519 557 non
1541 529 1663 567 oportet
1687 527 1773 567 quod

992 581 1036 611 illi
1056 581 1111 620 qui
1132 581 1264 611 curandi
1285 584 1371 616 sunt.
1393 581 1454 611 sint
1474 581 1504 611 in
1525 590 1620 611 carne
1643 581 1771 617 Christi,

992 634 1073 664 sicut
1089 634 1221 665 suerunt
1241 634 1272 664 in
1290 636 1404 664 natura
1421 634 1561 664 hominis
1577 634 1682 674 primi.
1699 634 1773 665 Sus-

993 688 1055 719 sscit
1081 688 1167 719 enim
1191 688 1314 718 renasci
1336 688 1368 718 in
1394 688 1531 718 lica-lesia
1554 697 1608 728 per
1631 690 1701 726 ejus
1722 698 1771 718 sa-

991 744 1169 778 cramenta,
1194 741 1226 772 in
1248 751 1312 782 qua
1335 741 1479 772 Christus
1498 745 1667 780 regenerat
1690 742 1772 772 filios

992 795 1022 826 in
1036 795 1224 835 virgiiiitate
1240 796 1378 832 intes-rra.

1033 851 1062 880 3.
1080 849 1127 880 Aa
1148 849 1226 881 illud
1242 849 1326 890 quod
1342 849 1527 890 opponitur,
1543 849 1628 889 quod
1651 850 1771 881 bonum

992 906 1037 934 est
1052 903 1241 935 diss'usivum
1257 904 1306 935 sui
1322 904 1352 934 in
1371 904 1532 944 praecipuo
1547 903 1662 934 effectu
1680 903 1772 936 boni-

991 957 1074 995 tatis,
1093 957 1264 989 dicendum
1281 958 1366 998 quod
1383 957 1574 995 magnitudo
1593 957 1772 989 diffusionis

992 1013 1093 1051 potest
1108 1011 1243 1051 intelligi
1260 1012 1430 1049 intensive,
1449 1011 1497 1042 vel
1513 1011 1678 1042 extensive
1695 1023 1700 1043 :
1718 1013 1772 1043 sed

992 1064 1024 1095 in
1050 1065 1165 1096 effectu
1195 1065 1345 1096 bonitatis
1372 1065 1535 1106 praecipuo
1562 1074 1627 1096 non
1650 1068 1774 1106 oportet

990 1127 1058 1149 esse
1072 1118 1278 1150 diffusionem
1297 1119 1445 1150 bonitatis
1464 1128 1521 1159 per
1539 1119 1771 1156 extensionem,

990 1172 1044 1203 sed
1069 1181 1126 1212 per
1148 1172 1373 1203 intensionem.
1398 1172 1486 1203 Unde
1507 1175 1628 1213 quanto
1650 1174 1773 1213 majora

990 1228 1065 1256 sunt
1081 1225 1176 1263 dona,
1193 1228 1282 1257 tanto
1302 1226 1509 1266 paucioribus
1529 1226 1770 1257 communican-

990 1280 1053 1309 tur.
1077 1278 1116 1310 Et
1136 1279 1212 1320 quia
1230 1279 1335 1319 gratia
1359 1280 1486 1310 unionis
1507 1282 1553 1311 est
1573 1280 1716 1311 maxima
1739 1281 1772 1311 in

990 1333 1146 1371 termino,
1170 1333 1213 1365 ita
1236 1333 1321 1374 quod
1346 1343 1412 1364 non
1439 1336 1541 1374 potest
1565 1342 1632 1365 esse
1656 1335 1770 1374 major,

989 1397 1048 1419 nec
1068 1388 1228 1428 cogitari:
1251 1388 1326 1419 hinc
1349 1391 1395 1419 est
1418 1388 1504 1429 quod
1531 1388 1587 1419 uni
1613 1388 1771 1427 singulari

989 1444 1114 1472 naturae
1129 1442 1242 1473 debuit
1255 1442 1498 1473 communicari.

1029 1498 1058 1526 4.
1077 1496 1126 1527 Ad
1147 1497 1224 1528 illud
1246 1498 1329 1537 quod
1351 1497 1534 1538 opponItur,
1557 1496 1643 1537 quod
1662 1497 1770 1528 missio

989 1549 1021 1580 in
1037 1552 1174 1581 mentem
1190 1560 1254 1581 non
1268 1551 1394 1591 respicit
1406 1560 1505 1582 unam
1521 1559 1689 1591 personam
1701 1553 1770 1581 tan-

990 1606 1070 1639 tuin,
1096 1604 1267 1635 dicendum
1289 1605 1374 1644 quod
1398 1614 1461 1635 non
1485 1607 1531 1635 est
1554 1604 1669 1640 simile,
1692 1604 1768 1644 quia

990 1657 1097 1687 missio
1117 1657 1149 1688 in
1172 1661 1311 1689 mentem
1329 1658 1502 1689 attenditur
1522 1658 1702 1690 secundum
1723 1659 1768 1689 es-

990 1711 1106 1742 fectum
1121 1712 1235 1751 gratiae
1251 1712 1496 1750 inhabitantem,
1514 1712 1570 1752 qui
1587 1712 1769 1743 communis

988 1766 1034 1795 est
1050 1765 1201 1796 omnibus
1216 1766 1330 1805 justis;
1352 1765 1407 1797 sed
1429 1765 1537 1796 missio
1558 1765 1626 1796 Filii
1645 1766 1678 1796 in
1698 1774 1769 1796 car-

989 1828 1062 1850 nem
1086 1821 1133 1849 est
1153 1819 1332 1850 secundum
1361 1819 1500 1859 gratiam
1525 1819 1666 1856 unionis,
1694 1829 1768 1860 quae

988 1873 1058 1904 tacit
1080 1873 1245 1905 hominem
1268 1882 1335 1904 esse
1356 1873 1468 1905 Deum.
1489 1874 1643 1911 Quamvis
1660 1877 1768 1905 autem

988 1937 1173 1968 congruum
1193 1929 1232 1959 sit
1249 1929 1335 1969 quod
1353 1929 1462 1960 multis
1483 1930 1699 1961 communicet
1712 1931 1769 1969 ju-

987 1983 1081 2014 stitiae
1096 1983 1281 2021 bonitatem,
1303 1992 1367 2014 non
1388 1986 1495 2014 tamen
1514 1984 1664 2015 convenit
1682 1984 1768 2024 quod

990 2036 1098 2067 multis
1129 2037 1345 2068 communicet
1379 2037 1554 2068 divinitatis
1585 2046 1705 2068 nomen
1737 2040 1768 2069 et

987 2090 1187 2130 dignitatem.
1206 2090 1295 2121 Decet
1315 2091 1402 2122 enim
1423 2090 1524 2122 Deum
1543 2091 1661 2123 habere
1682 2091 1768 2123 mul-

989 2146 1036 2175 tos
1048 2153 1169 2181 serVOS,
1187 2147 1217 2175 et
1232 2145 1313 2176 [ilios
1327 2145 1511 2186 adoptivos3
1530 2145 1584 2177 sed
1600 2155 1665 2176 non
1678 2146 1767 2178 decet

988 2198 1106 2230 multos
1136 2199 1283 2230 homines
1310 2208 1378 2231 esse
1407 2200 1569 2231 naturales
1596 2200 1649 2231 Dei
1673 2200 1764 2238 filios,

987 2252 1054 2283 sive
1080 2253 1171 2291 deos,
1203 2253 1272 2290 vel,
1304 2256 1340 2284 ut
1367 2253 1517 2294 proprius
1543 2254 1673 2294 loquar,
1699 2263 1766 2285 esse

988 2306 1099 2345 Deum,
1114 2307 1163 2338 vet
1181 2307 1234 2337 Dei
1250 2306 1368 2338 Filium
1385 2307 1603 2347 unigenitum.

1212 2421 1457 2455 ARTICULUS
1481 2422 1522 2454 11.

1027 2524 1264 2565 consequenter
1297 2525 1455 2565 quaeritur
1491 2526 1529 2556 de
1566 2527 1679 2556 natura
1711 2534 1766 2557 as-

986 2581 1116 2619 sumpta
1134 2581 1293 2619 quantum
1311 2578 1350 2610 ad
1370 2588 1502 2610 suarum
1521 2578 1662 2619 partium
1681 2578 1765 2610 inte-

987 2631 1158 2671 gritatem;
1183 2634 1212 2663 et
1241 2634 1399 2672 quantum
1423 2633 1461 2663 ad
1490 2632 1550 2663 hoc
1574 2635 1766 2673 quaeruntur

989 2687 1071 2717 tria:
1096 2688 1199 2727 primo
1223 2687 1380 2726 quaeritur
1410 2691 1519 2718 utrum
1546 2687 1688 2719 christus
1711 2696 1764 2718 as-
