2017 2960
91 521 193 541 fund-m.

86 1981 120 2001 Ad
133 1987 186 2008 opp.

574 170 762 204 DISTINCT.
786 173 838 204 lli.
865 173 982 205 PART.
1008 173 1044 204 ΙΙ.
1071 172 1158 203 ΛΒΤ.
1184 173 1235 204 lli.
1261 173 1410 211 QUAEST.
1438 174 1458 204 l.

491 312 670 351 QUAESTto
694 314 717 346 1.

211 388 258 415 An
274 386 375 415 Christi
389 395 483 423 corpus
501 388 658 423 perductum
680 390 766 422 noerit
789 389 826 416 ad
843 391 992 425 perfectam

376 433 470 460 molem
485 434 586 468 subito,
601 435 643 461 rel
656 436 798 461 successive
815 436 833 462 ¹.

251 511 366 543 Utrum
379 521 495 553 corpus
508 513 621 544 Christi
635 514 826 555 perductum
843 514 938 544 fuerit
953 514 992 545 ad

210 567 381 607 perfectam
398 567 514 598 molem
534 568 650 606 subito,
667 571 724 599 aut
743 568 940 605 successive;
962 571 993 599 et

209 621 295 661 quod
319 621 510 660 successive,
535 622 711 653 ostenditur
733 623 860 663 primo·
879 633 885 653 z
912 622 993 654 Puer

210 674 267 705 iste
284 675 442 707 crescebat
457 678 549 707 (etate
562 687 574 707 .·
591 676 644 707 sed
666 678 866 707 crementum
889 676 993 706 aetatis

209 729 356 769 sequitur
370 733 571 761 crementum
588 731 681 761 molis
698 742 704 762 z
721 739 812 771 ergo.
828 733 889 761 etc.

251 782 341 818 item.
362 783 443 813 sicut
469 785 552 823 patet
574 793 613 814 ex
636 784 767 815 historia
790 784 990 824 evangelica,

209 835 354 867 Christus
369 831 481 867 habuit
497 838 699 868 necessitates
718 838 888 875 infantiles,
907 838 992 869 unde

207 892 239 920 et
264 889 398 921 lactatus
422 891 481 921 suit
505 900 523 921 a
549 894 650 922 matre
674 903 680 922 :
707 891 768 922 hoc
792 894 901 922 autem
927 901 992 923 non

208 946 304 980 esset,
331 943 391 974 nisi
417 944 572 984 parvulus
598 945 707 975 fnisset
732 945 765 975 in
789 946 989 986 quantitate:

207 1006 287 1037 ergo
311 998 440 1028 videtur
460 998 546 1038 quod
569 999 658 1039 prius
677 1002 819 1040 tempore
844 1000 938 1030 fuerit
958 1000 992 1030 in

207 1051 384 1091 quantitate
399 1052 533 1089 modica,
549 1062 648 1092 quam
665 1054 814 1093 perfecta.

253 1105 329 1137 item
341 1108 556 1145 augmentum
571 1107 718 1146 seqnitur
732 1107 967 1137 nutrimentum
982 1118 987 1138 z

209 1159 262 1190 sed
280 1169 397 1200 corpus
411 1159 524 1190 Christi
540 1160 697 1197 alebatur,
714 1161 796 1191 sicut
809 1170 925 1200 corpus
943 1161 991 1190 al—

207 1214 306 1245 terins
333 1213 492 1251 hominis,
511 1215 689 1245 successive
710 1224 717 1245 :
737 1223 816 1254 ergo
845 1215 992 1246 similiter

208 1266 334 1298 videtur
346 1267 433 1307 quod
447 1267 631 1306 augebatur
645 1267 800 1308 paulatim
816 1270 847 1299 et
861 1278 990 1300 succes-

206 1320 285 1352 sive.

248 1374 326 1406 ltem
341 1374 486 1406 Christus
500 1375 671 1416 assumpsit
685 1378 835 1407 naturam
852 1377 991 1417 passibi-

206 1428 270 1459 lem
289 1430 321 1459 et
337 1428 504 1459 mortalem
522 1437 529 1459 :
549 1429 603 1460 sed
619 1429 690 1459 talis
705 1432 752 1460 est
770 1432 886 1461 natura
902 1439 991 1461 mor-

205 1481 290 1520 tatis,
313 1482 399 1523 quod
424 1485 481 1513 aut
507 1483 673 1521 decrescit,
697 1485 753 1514 aut
779 1484 905 1522 crescit,
934 1486 991 1514 aut

205 1536 348 1576 proficit,
371 1539 427 1566 aut
448 1536 552 1567 deficit
571 1547 577 1567 :
599 1537 655 1567 vix
675 1537 779 1574 enim,
805 1539 881 1568 aut³
903 1546 990 1569 mm-

207 1598 303 1630 quam
324 1591 359 1622 in
381 1589 488 1622 eodem
508 1594 595 1622 statu
614 1598 797 1630 permanet,
820 1594 854 1622 ut
874 1592 992 1622 dicitnr

207 1643 240 1674 in
256 1643 312 1676 Job
328 1653 338 1673 :
354 1653 433 1683 ergo
454 1644 480 1674 si
497 1653 561 1675 non
577 1645 776 1685 competebat
790 1645 914 1676 Christo
933 1646 987 1676 de-

207 1706 363 1734 crescere,
388 1697 515 1728 videtur
536 1698 622 1738 quod
643 1698 738 1729 talem
762 1702 911 1730 naturam
937 1710 990 1730 as-

206 1750 353 1791 sumpsit,
373 1751 460 1791 quod
477 1760 604 1792 semper
623 1751 655 1782 iu
675 1752 735 1783 hac
749 1753 815 1783 vita
831 1755 990 1793 quantum

206 1804 245 1835 ad
270 1814 385 1845 corpus
408 1805 575 1845 profecerit
598 1816 605 1836 ε
631 1815 712 1846 ergo
736 1815 793 1846 per
815 1807 990 1838 successio-

205 1867 280 1890 nem
303 1861 487 1899 temporum
513 1859 552 1890 ad
578 1860 751 1900 perfectam
777 1861 989 1901 quantitatem

207 1913 364 1954 pervenit.

247 1967 309 1998 Sed
332 1968 466 1998 contra:
487 1970 518 1998 1.
539 1967 678 2000 ‘Mulier
701 1968 915 2001 circumdabit
936 1971 988 2002 υἰ-

207 2029 280 2053 rum
291 2031 303 2052 .·
315 2021 375 2052 hoc
390 2020 581 2060 intelligitur
595 2021 633 2053 de
649 2021 784 2060 Christo,
801 2025 832 2053 et
845 2022 883 2053 de
898 2023 990 2054 beata

208 2074 341 2115 Virgine
355 2086 362 2106 :
377 2075 431 2106 sed
446 2075 554 2106 virum
569 2076 762 2107 circumdari
778 2076 811 2106 in
825 2078 928 2113 utero,
943 2079 990 2108 est

208 2129 242 2160 in
258 2132 350 2161 utero
370 2129 525 2160 contineri
543 2140 549 2160 :
567 2129 605 2160 ad
623 2130 732 2161 virum
747 2132 856 2161 autem
871 2133 990 2171 spectat

209 2192 325 2224 corpus
337 2183 483 2224 perfectae
497 2183 683 2224 quantitatis
696 2184 813 2215 habere
828 2194 834 2214 ε
852 2193 930 2223 ergo
945 2184 990 2215 vi-

208 2237 301 2269 detur
319 2238 404 2278 quod
421 2246 537 2278 corpus
556 2237 671 2269 Christi
689 2237 721 2268 in
737 2239 829 2269 utero
849 2237 989 2277 Virginis

206 2292 302 2323 fuerit
315 2291 492 2323 secundum
509 2291 679 2331 perfectam
693 2292 906 2332 quantitatem
924 2301 989 2324 mo·

204 2345 264 2376 lis:
279 2354 345 2377 non
357 2355 436 2385 ergo
448 2345 487 2376 ad
503 2345 731 2385 perfectionem
747 2346 834 2377 venit
851 2355 906 2387 per
920 2355 988 2377 sue-

204 2399 381 2430 cessionem
396 2398 561 2439 temporis.

244 2455 275 2484 2.
294 2453 371 2484 item
390 2453 451 2483 hoc
469 2453 574 2493 ipsum
593 2452 720 2484 videtur
736 2462 792 2494 per
810 2453 881 2492 hoc,
900 2454 987 2494 quod

204 2507 351 2547 sequitur
370 2507 404 2538 in
426 2507 538 2538 eadem
558 2507 747 2538 auctoritate
765 2507 912 2540 :Novum
932 2509 987 2547 sa-

204 2562 266 2594 ciet
286 2562 441 2594 Dominus
457 2565 710 2603 superterram:
728 2562 783 2593 sed
803 2571 925 2593 novum
941 2564 987 2593 est

239 2642 296 2672 ‘Cf
323 2642 396 2667 Alex.
413 2642 509 2673 Ateus„
531 2649 556 2674 p.
580 2643 620 2670 ΙΙΙ,
639 2649 663 2674 q.
691 2648 727 2674 ix,
743 2642 838 2667 memb.
854 2644 878 2673 ⁴5
897 2643 984 2674 Steph.

209 2678 314 2709 Brutet„
331 2679 362 2702 ttt
381 2678 461 2708 Sene„
474 2679 523 2703 dist
550 2684 595 2707 1η,
611 2686 637 2710 q.
654 2684 697 2709 ιη
716 2678 874 2710 Gugtielmus
895 2679 985 2709 Vorit„

1791 180 1829 209 85

1047 240 1136 279 illud,
1153 242 1246 281 cujus
1265 241 1367 272 simile
1388 250 1452 272 non
1472 243 1631 282 praecessit
1647 255 1653 274 :
1676 245 1728 275 sed
1744 246 1829 285 quod

1048 295 1164 326 mulier
1178 295 1211 326 in
1224 297 1316 326 utero
1329 295 1444 326 habeat
1456 305 1595 336 puerum
1609 306 1717 337 parvae
1730 308 1829 338 qnan-

1048 350 1161 387 titatis,
1185 349 1245 380 hoc
1269 358 1334 380 uon
1356 352 1402 380 est
1426 359 1547 381 novum
1568 360 1576 382 :
1599 360 1678 391 ergo
1703 353 1830 385 videtur

1047 404 1132 444 qnod
1157 403 1300 434 Christus
1322 404 1430 434 statim
1457 404 1515 435 fnit
1539 405 1577 435 ad
1603 406 1829 445 perfectionem

1048 458 1234 498 quantitatis
1249 458 1432 498 perductus,
1448 467 1488 489 ex
1501 468 1566 499 quo
1581 459 1620 491 de
1635 459 1768 500 Virgine
1785 463 1831 492 est

1048 514 1232 551 conceptus

1089 568 1118 596 3.
1138 565 1214 595 item
1235 565 1345 596 divina
1367 566 1470 597 virtus
1488 576 1616 598 snmma
1637 569 1683 598 est
1705 569 1736 598 et
1759 576 1830 608 per-

1048 619 1127 649 fecta
1144 628 1152 649 :
1169 619 1245 659 quia
1265 629 1404 657 summa,
1424 622 1498 650 nata
1517 623 1564 651 est
1581 622 1706 661 operari
1725 622 1830 653 subito

1048 675 1077 703 et
1091 672 1122 702 in
1137 673 1282 709 instanti;
1298 673 1374 712 qnia
1389 673 1536 713 perfecta,
1552 677 1625 704 nata
1637 677 1684 705 est
1696 675 1830 705 educere

1047 726 1266 766 operationem
1295 727 1476 766 perfectam.
1510 726 1542 757 Si
1574 736 1653 767 ergo
1682 728 1830 759 formatio

1048 780 1189 820 corporis
1212 780 1327 810 Christi
1351 780 1409 811 fuit
1429 790 1447 811 a
1471 781 1588 811 virtute
1610 781 1761 819 increata,
1781 782 1828 811 vi-

1047 833 1142 864 detur
1162 834 1247 874 quod
1268 834 1301 864 in
1324 834 1454 864 instanti
1478 834 1694 875 conceptionis
1715 844 1831 876 corpus

1047 887 1124 918 illud
1146 887 1299 918 eductum
1321 888 1415 918 fuerit
1433 888 1464 918 in
1484 888 1661 928 quantitate
1681 889 1828 929 perfecta.

1087 944 1117 972 4.
1136 941 1225 979 Item,
1246 941 1327 972 sieut
1346 941 1454 972 anima
1473 943 1644 982 conjuncta
1663 945 1710 973 est
1725 941 1830 973 Verbo

1047 995 1079 1025 in
1092 995 1215 1026 unitate
1229 1004 1372 1035 persona}
1383 995 1578 1033 immediate,
1594 996 1637 1027 ita
1650 998 1679 1027 et
1693 1005 1827 1036 corpus:

1046 1049 1099 1079 sed
1117 1050 1236 1087 anima,
1254 1050 1360 1079 statim
1383 1050 1511 1089 qnando
1532 1050 1622 1080 unita
1646 1050 1705 1080 suit
1727 1049 1830 1081 Verbo

1050 1102 1113 1138 Dei,
1129 1103 1265 1142 perfecta
1280 1102 1339 1132 fuit
1355 1103 1387 1132 in
1404 1103 1523 1133 virtute
1537 1105 1567 1133 et
1582 1103 1713 1134 scientia
1728 1114 1735 1134 ι
1751 1113 1830 1143 ergo

1047 1158 1077 1186 et
1089 1155 1158 1196 pari
1169 1156 1291 1187 ratione
1303 1160 1419 1195 corpus
1430 1155 1463 1186 in
1474 1156 1652 1196 quantitate
1662 1159 1693 1187 et
1704 1157 1827 1197 figura:

1045 1219 1112 1241 non
1140 1219 1219 1250 ergo
1247 1210 1376 1241 videtur
1399 1210 1484 1250 quod
1511 1220 1568 1251 per
1598 1211 1830 1242 successionem

1046 1264 1200 1304 temporis
1211 1264 1372 1304 quantitas
1383 1265 1526 1304 corporis
1542 1265 1654 1296 Christi
1668 1267 1827 1305 quantum

1045 1317 1084 1349 ad
1116 1318 1329 1358 quantitatem
1357 1318 1450 1348 molis
1475 1319 1514 1349 ad
1540 1319 1767 1359 perfectionem
1790 1319 1830 1350 sit

1045 1371 1192 1403 deducta.

1322 1493 1550 1526 CONCLUSIO.

1046 1573 1146 1607 Corpus
1175 1571 1276 1599 Christi
1303 1571 1341 1598 ad
1362 1572 1512 1606 perfectam
1536 1573 1704 1606 quantitatis
1732 1572 1828 1599 molem

1063 1625 1176 1651 congrue
1186 1625 1235 1652 per
1251 1618 1377 1652 temporis
1393 1618 1579 1644 successionem
1590 1616 1730 1644 deductum
1743 1617 1811 1650 fuit.

1087 1699 1179 1740 Resp.
1210 1699 1248 1730 ad
1278 1700 1359 1739 Arg.
1391 1699 1565 1731 Dicendum
1594 1699 1679 1739 quod
1714 1708 1830 1739 corpus

1046 1753 1160 1785 Christi
1185 1755 1342 1794 quantum
1370 1753 1409 1784 ad
1437 1753 1648 1794 quantitatem
1672 1752 1766 1784 molis
1789 1753 1828 1784 ad

1045 1807 1273 1848 perfectionem
1296 1807 1470 1839 deductum
1499 1809 1547 1838 est
1568 1816 1626 1847 per
1653 1807 1828 1838 successio-

1044 1870 1120 1892 nem
1135 1862 1298 1901 temporis.
1319 1861 1358 1892 Et
1371 1861 1452 1892 ratio
1471 1861 1573 1901 hujus
1587 1863 1644 1900 est,
1661 1861 1737 1901 quia
1753 1871 1827 1901 per-

1044 1915 1138 1946 fectio
1158 1915 1344 1956 quantitatis
1366 1915 1452 1946 illius
1474 1915 1615 1955 corporis
1634 1915 1694 1945 fuit
1715 1924 1827 1955 opera-e

1044 1969 1130 2000 tione
1151 1972 1294 2007 naturae,
1319 1970 1414 2009 cujus
1436 1971 1481 2000 est
1504 1969 1627 2009 operari
1650 1968 1827 2000 secundum

1043 2023 1278 2054 successionem
1293 2023 1456 2063 temporis.
1477 2023 1508 2054 Si
1524 2025 1633 2053 autem
1649 2025 1825 2062 quaeratur,

1045 2077 1129 2108 unde
1141 2077 1285 2117 estquod
1297 2077 1379 2108 Deus
1392 2086 1507 2117 corpus
1520 2076 1598 2107 illud
1611 2076 1650 2107 ad
1664 2076 1827 2117 perfectio-

1043 2140 1119 2162 nem
1140 2131 1241 2162 voluit
1261 2131 1373 2162 deduci
1393 2131 1552 2162 mediante
1569 2132 1694 2162 naturae
1711 2139 1826 2171 opera-

1043 2185 1140 2222 tione,
1161 2185 1332 2216 dicendum
1350 2184 1436 2224 quod
1454 2184 1515 2215 hoc
1537 2184 1609 2215 fecit
1630 2184 1713 2215 Deus
1734 2184 1825 2215 valdo

1043 2248 1199 2279 congrue.
1223 2238 1288 2270 Hoc
1306 2239 1394 2269 enim
1414 2238 1563 2278 quamvis
1581 2238 1644 2269 alio
1664 2238 1759 2269 modo
1779 2239 1823 2269 fa-

1043 2301 1113 2324 cere
1129 2296 1244 2333 posset,
1258 2293 1302 2323 sic
1315 2295 1422 2323 tamen
1435 2292 1507 2323 fecit
1518 2292 1556 2322 ad
1571 2292 1822 2323 confirmandam

1043 2347 1117 2378 fidei
1134 2348 1300 2379 veritatem
1315 2349 1347 2378 et
1360 2346 1399 2377 ad
1415 2346 1702 2377 commendandam
1719 2346 1824 2377 humi-

1042 2401 1138 2432 litatis
1162 2401 1334 2438 virtutem,
1360 2402 1390 2431 et
1411 2400 1450 2431 ad
1472 2399 1722 2430 conservandam
1747 2400 1824 2430 uni-

1042 2455 1201 2485 versitatis
1220 2455 1336 2494 legem.
1360 2453 1394 2484 ln
1416 2453 1476 2483 hoc
1500 2453 1586 2483 enini
1612 2452 1683 2482 tidei
1709 2452 1825 2483 veritas

1042 2509 1264 2545 confirmatur,
1287 2509 1363 2538 dum
1384 2507 1551 2538 manifeste
1572 2506 1752 2537 ostenditur
1771 2516 1826 2547 per

1041 2562 1319 2594 conservationem
1342 2562 1519 2598 diutinam,
1542 2563 1573 2591 et
1595 2560 1733 2591 similem
1756 2570 1825 2592 mo-

1044 2643 1074 2668 tlt
1090 2643 1170 2672 Sent„
1184 2642 1242 2667 dist.
1257 2648 1301 2667 111.
1325 2649 1350 2673 q.
1369 2647 1451 2666 1¹1.—-
1462 2641 1545 2671 qAEuc„
1559 2646 1587 2671 ιι,
1604 2641 1641 2669 tn„
1654 2642 1692 2665 52.
1705 2654 1734 2660 -—
1750 2642 1758 2656 ³
1770 2641 1825 2673 an,

1043 2685 1096 2707 xiv,
1112 2680 1134 2703 2.
1146 2679 1196 2696 —·
1209 2679 1310 2706 κνοω,
1327 2679 1446 2707 ιυι,’.).2.

1844 2315 1942 2339 gmenn·

1852 2344 1939 2370 triplex.
