2017 2960
812 181 997 212 DISTINCT.
1023 183 1090 214 VII.

145 255 178 285 in
193 252 448 285 constitutionem
463 250 600 290 aliquus
613 249 790 280 secundum
808 258 877 280 rem
893 252 923 280 et

145 309 310 343 naturam,
336 307 368 335 et
390 304 564 335 secundum
585 303 795 343 quantitatem
818 303 922 333 conti-

145 369 253 397 nuam,
274 358 324 389 vel
340 358 520 394 discretam,
536 357 616 387 sicut
634 366 746 387 manus
764 359 793 386 et
809 365 863 396 pes
877 358 922 386 est

145 422 217 453 pars
231 412 388 451 corporis,
405 414 433 442 et
452 410 594 441 binarius
609 413 654 440 est
669 419 741 449 pars
756 411 923 449 quaterna-

145 465 195 495 rii.
209 466 326 502 Quarto
341 464 435 495 modo
449 464 563 495 dicitur
577 471 653 502 pars
670 462 772 501 inagis
783 462 920 501 proprie,

144 518 227 557 qnod
252 518 340 548 venit
362 518 395 548 in
417 517 674 548 constitutionem
699 515 835 553 alianus
857 523 924 544 rea-

144 572 219 607 lem,
237 572 287 602 vel
302 571 547 611 quantitativam
567 568 745 599 secundum
760 570 877 597 certam
893 569 924 596 et

143 625 388 656 determinatam
413 631 598 654 mensuram
609 644 616 657 ,
633 621 675 651 ita
696 620 780 660 quod
796 620 923 658 aliquo—

145 678 202 708 ties
217 680 343 717 sumpta
360 676 460 707 reddit
475 684 570 705 suum
588 676 689 704 totum
706 683 713 703 :
732 676 761 704 et
778 673 836 702 ista
852 681 924 712 pars

144 731 259 761 dicitur
276 730 456 769 aliquanta,
476 728 527 758 0111
543 727 759 767 propriissime
775 726 923 756 convenit

144 783 278 814 intentio
301 782 409 821 partis.
436 782 514 812 Cum
531 790 608 820 ergo
632 780 788 820 quaeritur
812 782 923 810 utrum

143 839 286 868 humana
308 840 423 867 natura
444 836 484 866 sit
508 845 581 876 pars
603 835 729 873 Christi,
754 834 922 865 dicendum

143 893 228 933 qnod
251 893 277 923 si
298 901 371 932 pars
392 892 566 931 accipiatur
587 890 802 922 communiter
821 890 924 930 primo

144 946 250 984 modo,
268 947 369 986 potest
385 945 513 976 concedi
529 945 615 985 qnod
631 945 670 974 sit
685 953 758 984 pars
773 955 779 974 :
798 944 823 973 si
838 944 923 973 enim

143 1000 216 1040 quis
232 999 326 1030 vellet
340 999 503 1029 notificare
518 998 595 1038 quid
608 999 647 1029 sit
660 998 818 1036 Christus,
836 997 924 1027 dice-

143 1055 192 1084 ret
206 1053 311 1093 ipsum
332 1062 434 1083 unam
456 1052 653 1093 hypostasim
675 1052 708 1082 in
725 1052 851 1082 duabus
870 1060 925 1081 na-

143 1106 235 1144 turis,
253 1106 395 1137 divinam
417 1106 533 1136 scilicet
554 1108 583 1136 et
597 1106 794 1143 humanam;
819 1104 844 1134 si
863 1113 924 1135 au-

144 1162 208 1190 tem
239 1169 311 1199 pars
335 1159 462 1199 proprie
488 1159 683 1199 accipiatur,
714 1159 758 1189 sic
782 1158 925 1188 humana

143 1216 257 1244 natura
272 1222 337 1243 non
350 1213 466 1243 dicitur
481 1221 554 1252 pars
569 1212 684 1243 Christi
697 1223 703 1242 z
716 1214 746 1242 et
761 1212 822 1242 hoc
831 1211 925 1242 modo

144 1267 334 1306 intelligitur
359 1266 496 1297 verbum
523 1265 666 1304 Magistri
691 1265 725 1295 in
748 1265 861 1295 littera.
887 1265 924 1295 Et

143 1329 200 1359 per
214 1320 275 1350 hoc
294 1321 378 1360 patet
394 1319 555 1359 responsio
572 1319 611 1349 ad
626 1320 749 1359 objecta
766 1330 773 1349 ε
798 1318 831 1348 111
853 1318 924 1348 tali—

144 1374 205 1405 bus
217 1373 304 1404 enim
318 1382 384 1404 non
399 1375 445 1404 est
460 1372 634 1404 similitudo
649 1372 845 1403 omnimoda.

467 1499 536 1520 DUB.
561 1499 596 1520 11.

250 1569 308 1592 Non
322 1567 455 1591 hominem
468 1567 613 1592 deificatum
629 1567 737 1592 dicimus
748 1587 756 1598 ,
772 1570 821 1592 etc.

188 1646 320 1678 Videtur
345 1645 459 1676 falsum
474 1645 577 1676 dicere
595 1654 602 1676 :
618 1646 700 1676 sicut
713 1646 798 1676 enim
818 1645 926 1676 divina

146 1702 261 1731 natura
281 1699 434 1730 humanae
457 1699 548 1729 unita
570 1701 636 1736 est,
661 1699 704 1728 ita
732 1701 762 1729 et
785 1699 926 1729 humana

145 1753 263 1784 divinae
282 1764 288 1784 :
303 1762 382 1792 ergo
403 1752 483 1782 sicut
497 1751 634 1782 dicimus
648 1751 749 1782 Deum
766 1752 927 1782 humana-

146 1809 225 1845 tum,
243 1806 286 1837 ita
300 1806 465 1836 hominem
480 1805 675 1836 deificatum.
693 1804 773 1835 ltem
789 1805 822 1835 in
839 1805 927 1835 nnio-

145 1869 186 1890 ne
206 1859 325 1890 divinae
339 1861 463 1890 naturae
478 1858 517 1889 ad
532 1858 723 1896 humanam,
738 1858 847 1889 divina
866 1868 926 1889 na—

145 1915 219 1944 tura
231 1922 295 1943 non
310 1915 355 1943 est
376 1912 511 1951 minuta,
534 1912 588 1943 sed
602 1912 747 1943 humana
770 1914 818 1943 est
842 1912 928 1943 exal-

146 1968 211 1997 tata
227 1977 234 1997 z
255 1975 334 2005 ergo
348 1966 491 1997 humana
506 1967 622 1996 natura
639 1966 746 2006 magis
767 1968 866 1997 tracta
881 1969 928 1997 est

146 2020 186 2051 ad
207 2020 461 2051 conformitatem
482 2020 618 2059 divinae,
639 2029 736 2060 quam
760 2020 867 2052 divina
888 2021 927 2052 ad

146 2074 403 2105 conformitatem
418 2073 572 2104 humanae
589 2085 595 2104 ε
617 2083 697 2113 ergo
714 2074 820 2114 potius
836 2074 928 2104 debet

146 2127 207 2158 dici
236 2127 271 2158 in
306 2127 429 2159 Christo
458 2128 602 2158 humana
626 2131 740 2158 natura
764 2128 925 2166 deificata,

146 2190 244 2221 quam
267 2181 376 2212 divina
401 2181 589 2212 humanata.
616 2180 649 2212 Si
675 2184 710 2212 tu
732 2182 818 2212 dicas
840 2182 927 2222 quod

146 2235 363 2266 denominatio
384 2235 476 2266 debet
498 2235 568 2265 fieri
585 2244 604 2266 a
623 2235 758 2272 notiori,
781 2235 842 2266 1100
863 2244 927 2266 11011

147 2289 242 2319 solvit
261 2299 268 2319 ε
293 2289 370 2328 quia
391 2288 605 2319 denominatio
624 2297 689 2319 11011
710 2289 814 2320 50111111
836 2289 928 2320 debet

147 2341 216 2372 fieri
228 2351 247 2372 a
261 2341 389 2380 notiori,
404 2341 459 2372 sed
474 2341 570 2372 etiam
585 2350 603 2371 a
617 2341 768 2380 digniori.
786 2341 819 2373 Si
831 2342 927 2373 etiam

148 2394 232 2425 dicas
249 2394 336 2435 quod
350 2403 417 2426 esse
436 2395 653 2425 humanatum
668 2395 817 2435 praedicat
832 2396 928 2427 habi—

148 2448 230 2485 tum,
246 2447 327 2478 sicut
339 2447 515 2479 dicittertia
528 2447 649 2488 opinio,
666 2448 725 2479 hoc
740 2458 806 2480 non
821 2449 925 2488 solvit,

150 2499 226 2539 quia
239 2509 305 2531 non
318 2503 444 2533 tantum
458 2501 575 2532 dicitur
588 2501 796 2541 humanatus,
813 2503 867 2534 sed
883 2503 928 2533 di-

151 2553 235 2584 eitur
252 2553 352 2584 factus
372 2554 470 2585 homo
486 2566 493 2586 :
511 2563 589 2594 ergo
607 2554 634 2585 si
650 2554 803 2587 debemus
825 2556 927 2587 dicere

151 2605 238 2646 quod
251 2605 349 2637 homo
363 2608 409 2637 est
422 2606 521 2645 110115,
537 2608 568 2637 et
582 2606 666 2639 Deus
683 2610 729 2639 est
742 2608 840 2641 homo
852 2633 860 2647 ‚
875 2609 928 2639 vi-

186 2669 192 2683 ¹
205 2668 256 2693 Bcd
270 2687 276 2699 ,
288 2675 364 2698 super
374 2668 418 2694 1111.
429 2668 438 2691 1
451 2668 518 2699 Rey„
530 2674 553 2693 ο.
564 2673 582 2694 1.

1698 187 1756 216 167

982 250 1074 281 detur
1096 251 1182 290 quod
1202 251 1328 282 nullum
1348 251 1577 282 inconveniens
1598 252 1638 281 sit
1654 252 1758 282 dicere

981 304 1144 334 hominem
1160 313 1227 335 esse
1243 304 1435 335 deificatum.

1021 357 1112 397 Resp.
1144 357 1316 388 Dicendum
1345 357 1428 397 quod
1457 357 1518 387 1100
1546 357 1757 396 adjectivum,

980 411 1190 442 humanatum
1198 435 1208 450 ‚
1224 420 1289 441 non
1304 411 1409 442 solum
1428 411 1578 451 praedicat
1597 410 1757 448 habitum,

980 464 1033 493 sed
1049 464 1143 494 etiam
1160 464 1313 495 unionem
1332 476 1338 495 2
1357 465 1442 495 unde
1457 464 1538 495 nihil
1552 463 1638 494 aliud
1654 466 1700 494 est
1714 464 1761 495 di-

981 526 1050 548 cere
1077 518 1176 548 Deum
1201 527 1267 549 esse
1289 519 1523 557 humanatum,
1548 527 1647 559 quam
1673 519 1759 549 carni

980 571 1119 600 unitum.
1150 570 1214 601 Hoc
1234 574 1341 601 antem
1366 572 1450 611 quod
1475 574 1521 602 est
1549 572 1758 611 deificatmn,

980 624 1038 653 etsi
1060 625 1155 662 possit
1170 625 1342 664 importare
1358 625 1512 655 unionem
1523 649 1530 663 ‚
1547 625 1699 664 importat
1714 627 1759 655 ta-

982 685 1054 707 men
1070 677 1167 708 simul
1182 678 1327 708 ordinem
1343 680 1374 708 et
1392 678 1642 708 antecessionem
1660 689 1666 709 ε
1685 679 1763 710 Dei-

981 730 1113 769 ficatum
1133 732 1220 762 enim
1235 733 1438 772 componitur
1453 742 1471 762 a
1490 732 1628 769 deitate,
1647 735 1677 763 et
1694 733 1760 771 fac-

981 787 1058 816 tum.
1081 785 1168 816 Unde
1189 785 1393 825 deificatum,
1410 785 1471 816 1100
1491 787 1537 816 est
1555 785 1674 816 factum
1697 794 1763 816 esse

981 837 1092 869 Deum.
1117 839 1154 869 Et
1176 840 1331 879 quoniam
1354 839 1538 870 humanitas
1564 838 1763 870 divinitatem

981 900 1047 922 non
1070 892 1245 931 antecedit;
1266 892 1337 923 ideo
1359 892 1572 923 Damascenns
1592 892 1674 922 hanc
1698 901 1764 922 non

981 945 1137 983 concedit,
1155 945 1320 976 hominem
1340 955 1407 976 esse
1423 945 1618 976 deificatum.
1635 944 1690 975 Vel
1713 945 1764 975 di-

981 999 1119 1029 cendum
1140 1000 1226 1039 qnod
1249 999 1464 1030 Damascenus
1484 1008 1550 1030 non
1569 1001 1666 1038 negat
1685 999 1761 1028 sim-

982 1052 1118 1092 pliciter⁷
1145 1053 1199 1083 sed
1232 1053 1319 1093 qu‹·›d
1354 1062 1420 1083 non
1452 1055 1499 1083 est
1527 1052 1570 1082 ita
1603 1052 1731 1092 propria
1755 1063 1761 1082 :

985 1117 1000 1135 <t
1020 1105 1122 1136 Homo
1144 1108 1189 1136 est
1205 1106 1385 1144 deificatus,
1402 1117 1417 1133 »
1437 1105 1517 1137 sicut
1535 1105 1605 1136 haee
1622 1115 1628 1135 ι
1651 1116 1665 1133 «
1681 1104 1764 1135 Deus

981 1161 1027 1189 est
1057 1159 1158 1190 factus
1187 1160 1296 1190 homo.
1320 1172 1334 1188 n
1363 1158 1443 1189 Nam
1477 1159 1544 1198 ipse
1574 1158 1647 1188 dicit
1671 1158 1763 1188 tertio

981 1212 1062 1243 libro
1080 1224 1086 1243 :
1109 1213 1267 1253 «Oportet
1288 1214 1368 1243 scire
1390 1212 1476 1252 qnod
1498 1220 1563 1242 non
1587 1211 1764 1242 secundum

981 1267 1224 1297 aestimationem
1257 1269 1382 1297 naturae
1395 1290 1403 1304 ,
1433 1265 1484 1296 vel
1519 1265 1739 1296 confusionem
1753 1289 1760 1303 ,

981 1329 1054 1351 caro
1076 1320 1220 1351 deificata
1234 1322 1292 1351 est.
1313 1332 1327 1349 n
1347 1320 1486 1351 Tantum
1506 1319 1593 1350 enim
1615 1319 1699 1350 valet
1714 1319 1760 1349 di-

982 1383 1067 1412 cere,
1084 1383 1214 1404 carnem
1228 1383 1295 1404 esse
1310 1373 1486 1404 deificatam
1500 1396 1507 1409 ,
1523 1374 1682 1412 quantum
1696 1372 1763 1403 dei-

982 1428 1037 1458 tati
1057 1436 1124 1458 esse
1143 1428 1347 1467 conjunctam
1366 1438 1373 1458 :
1391 1426 1462 1458 ideo
1478 1435 1543 1456 non
1558 1428 1654 1465 negat
1678 1435 1761 1465 prae-

981 1481 1097 1511 dictam
1114 1480 1307 1512 locutionem
1330 1483 1485 1520 tanquam
1507 1480 1618 1510 falsam
1640 1479 1761 1519 simpli-

982 1534 1077 1572 citer3
1095 1534 1149 1565 sed
1166 1543 1229 1564 non
1246 1537 1292 1565 est
1307 1535 1350 1565 ita
1371 1534 1515 1574 propria,
1536 1533 1617 1564 sicut
1633 1534 1680 1564 est
1694 1534 1764 1573 ejus

982 1596 1146 1618 conversa.
1164 1587 1273 1618 Posset
1286 1587 1382 1618 etiam
1396 1587 1445 1617 vis
1460 1587 1530 1617 fieri
1551 1587 1584 1616 in
1599 1586 1661 1616 1100
1676 1586 1763 1626 quod

982 1640 1051 1670 «lico
1075 1640 1247 1678 hominem,
1274 1640 1351 1680 quia
1373 1649 1413 1670 ex
1436 1641 1524 1680 parte
1545 1639 1678 1679 subJecti
1703 1641 1763 1669 stat

984 1702 1040 1733 pro
1061 1694 1242 1734 hypostasi,
1266 1703 1306 1724 ex
1332 1695 1419 1733 parte
1445 1702 1522 1724 vero
1545 1692 1679 1733 oppositi
1706 1701 1763 1732 pro

982 1745 1085 1776 forma
1104 1757 1110 1776 ε
1128 1755 1192 1777 11011
1208 1746 1253 1776 510
1273 1748 1381 1776 autem
1396 1745 1575 1786 hypostasis
1591 1745 1647 1785 huj
1655 1754 1690 1775 us
1703 1744 1763 1775 ho-

983 1800 1079 1830 minis
1094 1802 1141 1830 est
1154 1799 1309 1838 deificata,
1327 1809 1403 1830 cum
1417 1808 1542 1839 semper
1557 1799 1654 1830 fuerit
1668 1798 1760 1835 Deus,

982 1852 1063 1883 sicut
1090 1853 1127 1892 (a)
1156 1856 1202 1883 est
1228 1852 1422 1889 humanata,
1451 1861 1525 1883 cum
1547 1860 1613 1882 non
1638 1860 1764 1891 semper

983 1905 1077 1936 suerit
1090 1905 1188 1937 homo
1205 1917 1213 1936 ε
1230 1908 1260 1936 01
1274 1906 1318 1936 510
1333 1907 1419 1946 patet
1433 1908 1570 1945 utraque
1583 1904 1731 1944 obiectio.

1305 1997 1374 2019 DUB.
1395 1996 1442 2018 ΙΙΙ.

1046 2060 1103 2083 Non
1117 2060 1203 2083 tamen
1216 2064 1328 2089 congrue
1346 2057 1439 2081 dicitur
1453 2056 1532 2081 homo
1544 2056 1698 2081 dominicus.

1023 2124 1138 2154 Contra
1155 2133 1162 2154 z
1177 2121 1304 2154 videtur
1318 2122 1403 2162 quod
1418 2122 1457 2152 sit
1473 2120 1689 2158 concedenda,
1707 2130 1762 2160 per

982 2177 1060 2208 illud
1076 2177 1162 2217 quod
1177 2176 1313 2207 habetur
1327 2175 1362 2207 in
1376 2176 1456 2207 libro
1473 2178 1510 2208 83
1524 2176 1739 2211 Ouoestionwn
1751 2185 1762 2205 .-

987 2244 1001 2262 α
1016 2231 1212 2263 Monendum
1228 2233 1274 2262 est
1289 2232 1323 2261 ut
1337 2230 1391 2261 illa
1409 2232 1528 2261 aeterna
1545 2230 1630 2260 bona
1645 2237 1761 2268 expec-

982 2288 1100 2325 tentur,
1116 2295 1190 2326 quae
1204 2286 1334 2317 fuerunt
1348 2285 1383 2315 in
1395 2283 1527 2315 homine
1549 2282 1708 2314 dominico
1724 2292 1756 2312 :»

982 2339 1043 2370 hoc
1057 2339 1143 2370 enim
1162 2339 1355 2379 intelligitur
1370 2339 1408 2370 de
1424 2337 1556 2369 Christo.
1574 2336 1607 2368 Si
1626 2339 1661 2367 tu
1677 2335 1762 2366 dicas

983 2392 1043 2424 1100
1063 2395 1270 2424 retractatum
1290 2401 1371 2429 esse,
1388 2391 1537 2432 objicitur
1555 2391 1665 2421 contra
1682 2388 1759 2426 hoc,

983 2446 1058 2486 quia
1078 2446 1154 2477 dicit
1178 2446 1286 2477 Glossa
1310 2444 1425 2476 Bedae¹
1452 2456 1458 2475 :
1491 2456 1504 2473 «
1529 2443 1604 2481 Quis
1630 2444 1677 2473 est
1702 2442 1760 2473 iste

983 2500 1095 2538 homo,
1114 2500 1176 2530 nisi
1190 2500 1288 2530 homo
1307 2499 1486 2530 dominicus
1496 2498 1511 2528 ⁴?
1524 2508 1538 2526 »
1559 2496 1643 2535 Ergo
1658 2495 1685 2526 51
1701 2495 1762 2526 1100

984 2555 1085 2593 potest
1098 2553 1159 2584 dici
1177 2553 1215 2584 de
1234 2553 1305 2584 aliis
1319 2551 1504 2584 hominibus
1515 2574 1524 2589 ,
1541 2549 1643 2581 multo
1658 2549 1762 2589 magis

983 2607 1022 2637 de
1036 2605 1170 2637 Christo.

1017 2671 1049 2699 (ιι)
1067 2670 1126 2693 Coet.
1139 2669 1199 2693 edit.
1213 2669 1259 2693 sic.
