2017 2960
255 179 313 207 540
801 176 1106 207 sENTENTlARUM
1129 177 1201 209 ΗΒ.
1227 178 1279 208 ill.

254 242 372 276 Christi
389 253 454 276 non
469 255 559 288 posse
574 255 639 278 esse
654 244 809 283 salutem3
831 248 861 275 et.
885 246 993 275 tamen
1016 242 1206 277 Cornelium
1231 244 1421 277 exauditum
1443 250 1618 291 antequam
1643 247 1785 280 crederet
1808 249 1841 281 in

256 299 432 333 Christum.
459 302 552 340 Quod
582 302 625 333 ita
646 305 748 345 potest
771 300 932 343 intelligi,
958 301 1096 343 scilicet,
1122 306 1297 346 antequam
1319 302 1414 334 sciret
1435 303 1599 337 Christum
1624 305 1841 348 incarnatum,

256 359 289 390 in
304 370 400 402 quem
418 359 564 390 credebat
581 359 614 390 in
630 358 796 401 mysterio.

299 416 385 448 Illud
402 416 497 447 etiam
514 427 578 447 nou
592 419 638 447 est
653 414 978 459 praetermittendum,
995 415 1083 459 quod
1098 415 1190 457 fides,
1208 427 1290 460 speS‚
1308 416 1446 449 charitas
1461 421 1491 449 et
1503 419 1646 462 operatio
1661 420 1841 453 secundum

166 486 170 504 i
203 462 240 505 «ἔῃ
257 473 381 517 aliquid
397 472 538 516 aequalia
552 472 664 505 sintin
682 472 844 517 priesenti.
864 472 957 506 Unde
974 474 1172 515 Gregorius¹
1192 486 1198 505 :
1220 474 1374 516 «Fidem,
1403 486 1512 518 spem,
1535 475 1723 509 charitatem
1747 483 1844 522 atque

256 531 476 574 operationem
503 530 581 562 dum
605 530 638 563 in
661 530 720 563 hac
739 531 806 563 vita
831 530 986 571 vivimus,
1015 532 1158 574 aequales
1180 531 1241 564 sibi
1266 543 1332 564 esse
1353 532 1440 576 apud
1464 543 1523 565 nos
1547 533 1750 576 invenimus,
1767 535 1845 579 quia

203 582 231 626 ‘ff'
256 592 415 632 quantum
441 587 621 628 credimus,
650 592 777 621 tantum
799 599 966 627 amamus3
991 592 1022 620 et
1043 593 1204 632 quantum
1226 600 1392 630 amamus,
1426 593 1553 622 tantum
1578 590 1617 623 de
1647 602 1702 635 spe
1725 603 1845 635 praesu-

197 646 227 689 [ἐξ
256 645 386 678 mimus.
416 646 562 689 Quisque
586 646 673 678 enim
702 645 808 678 fidelis
836 650 964 678 tantum
991 646 1103 688 credit,
1133 651 1294 690 quantum
1317 651 1423 691 sperat
1449 651 1480 680 et
1507 651 1615 689 amat3
1651 652 1682 680 et
1718 652 1845 682 tantum

224 708 230 720 ¹
255 707 419 746 operatur,
439 708 600 747 quantum
616 704 733 744 credit,
758 707 789 735 et
813 707 916 744 amat,
945 708 975 735 et
997 708 1113 748 sperat.
1141 704 1203 736 Sed
1228 709 1336 737 tamen
1360 704 1464 748 major
1484 716 1538 748 spe
1558 709 1589 738 et
1620 705 1684 738 fide
1707 705 1846 739 charitas

253 760 384 797 dieitur,
413 761 490 805 quia
517 773 592 793 cum
621 761 661 794 ad
691 761 747 793 Dei
776 761 913 805 speciem
944 762 1155 805 pervenitur,
1191 773 1262 806 spes
1289 766 1320 794 et
1347 762 1427 794 fides
1457 763 1593 804 transit,
1623 763 1678 795 sed
1705 763 1846 796 charitas

253 823 441 862 permanet,
461 824 491 850 et
507 819 585 863 quia
599 819 738 851 charitas
754 822 857 851 mater
871 823 918 850 est
933 819 1082 851 omnium
1099 819 1271 852 virtutum.
1290 832 1305 851 »
1324 820 1403 858 Quas
1418 831 1484 852 non
1507 820 1578 853 ideo
1600 824 1671 864 post
1694 821 1792 854 fidem
1815 825 1847 854 et

1561 879 1716 912 Charitas
1732 879 1820 912 enim
1835 883 1847 898 ²

252 945 420 978 nunquam
450 934 582 967 excidit.
608 935 777 967 Praemissa
800 938 909 967 autem
931 934 1101 978 {equalitas
1130 935 1258 978 proprie
1283 935 1463 967 secundum
1488 936 1681 969 interiorum
1714 940 1846 969 actuum

252 888 341 920 spem
357 876 502 920 ponitur,
519 876 607 920 quod
623 888 662 909 ex
677 877 727 909 his
742 876 880 917 oriatur,
897 876 951 908 sed
966 877 1044 920 quia
1059 881 1129 920 post
1145 877 1201 909 illa
1216 878 1398 911 remanebit
1412 883 1506 911 aucta
1527 891 1533 910 :

252 992 466 1025 intensionem
481 993 714 1025 consideranda
729 997 787 1026 est.
805 993 890 1025 Huic
906 1003 981 1025 vero
997 992 1083 1036 quod
1100 992 1151 1024 hic
1166 997 1197 1024 et
1212 993 1363 1036 superius
1377 992 1386 1007 ³
1401 992 1522 1025 dictum
1539 997 1597 1034 est,
1614 993 1735 1026 scilicet
1758 993 1845 1037 quod

251 1050 388 1083 charitas
404 1062 468 1083 non
487 1055 533 1083 est
557 1062 597 1083 ex
623 1051 702 1092 tide,
725 1051 779 1083 sed
799 1061 995 1091 econvcrsO,
1014 1049 1144 1082 videtur
1167 1050 1298 1082 obviare
1319 1050 1405 1094 quod
1430 1050 1475 1083 ait
1503 1051 1678 1094 Apostolus
1692 1052 1702 1068 ⁴
1730 1063 1736 1083 :
1755 1050 1847 1083 Finis

245 1109 403 1153 ρναέθρίὶ
435 1115 481 1141 est
510 1109 655 1142 charitas
683 1108 723 1141 de
746 1108 839 1141 corde
854 1119 952 1152 puro,
981 1114 1009 1139 et
1035 1107 1234 1140 conscientia
1260 1107 1356 1149 bona,
1381 1113 1412 1139 et
1437 1107 1505 1151 fide
1528 1119 1593 1140 non
1623 1108 1718 1152 ficta.
1752 1107 1848 1147 Quod

252 1178 415 1211 exponens
442 1167 666 1209 Augustinus,
693 1179 746 1198 cor
769 1166 883 1210 accipit
906 1177 964 1210 pro
988 1166 1168 1206 intellectu,
1191 1170 1221 1197 et
1248 1165 1482 1198 conscientiam
1505 1176 1562 1209 pro
1585 1176 1664 1209 spe:
1685 1165 1845 1206 «Qualis,

251 1225 358 1268 inquit
372 1224 394 1265 ⁵,
411 1224 550 1256 charitas
564 1228 611 1256 est
626 1224 701 1257 finis
716 1224 866 1268 praecepti
882 1224 1057 1267 procedens
1072 1223 1111 1255 de
1126 1223 1221 1255 corde
1236 1234 1317 1266 puro
1332 1249 1339 1264 ,
1364 1223 1396 1255 id
1418 1227 1483 1264 est,
1500 1223 1539 1255 de
1554 1234 1637 1267 puro
1662 1223 1844 1264 intellectu,

251 1287 288 1314 ut
303 1282 385 1314 nihil
401 1282 464 1314 nisi
481 1282 566 1314 Deus
581 1281 756 1324 diligatur;
773 1286 803 1314 et
819 1280 1025 1321 conscientia,
1042 1280 1074 1312 id
1091 1284 1148 1320 est,
1165 1292 1220 1323 spe
1235 1280 1332 1321 bona,
1350 1283 1381 1312 et
1395 1280 1459 1313 fide
1474 1291 1539 1312 non
1555 1280 1640 1321 ficta,
1661 1280 1693 1312 id
1719 1283 1766 1313 est
1780 1291 1846 1314 non

251 1339 448 1372 simulata.»
472 1339 544 1371 Non
568 1350 645 1381 ergo
666 1339 806 1371 charitas
825 1338 922 1371 fidem
942 1343 971 1370 et
994 1349 1100 1382 spem,
1125 1338 1178 1369 sed
1206 1337 1284 1370 fides
1309 1342 1339 1369 et
1359 1349 1430 1381 spes
1454 1338 1645 1370 charitatem
1671 1338 1848 1381 praecedere

251 1397 416 1429 videntur.
447 1397 513 1429 Iloc
541 1408 617 1439 ergo
639 1407 676 1429 ea
699 1396 824 1429 ratione
856 1395 1012 1428 traditum
1040 1395 1203 1437 intellige,
1228 1405 1294 1427 non
1318 1394 1406 1438 quod
1427 1394 1506 1426 fides
1528 1398 1559 1426 et
1587 1405 1658 1438 spes
1685 1405 1782 1427 causa
1795 1395 1847 1428 vel

251 1458 395 1499 tempore
410 1454 599 1486 charitatem
615 1453 764 1486 omnium
780 1454 942 1486 bonorum
963 1456 1100 1484 matrem
1124 1452 1321 1496 praecedant;
1347 1452 1401 1484 sed
1422 1452 1501 1496 quia
1523 1451 1663 1485 charitas
1686 1452 1754 1485 sine
1782 1453 1848 1486 illis

251 1512 285 1544 in
299 1512 411 1555 aliquo
426 1523 493 1544 esse
509 1523 573 1544 non
590 1515 703 1555 potest,
720 1511 774 1543 sed
790 1511 847 1543 illa
863 1511 930 1543 sine
945 1509 1101 1542 charitate
1117 1513 1250 1553 possunt
1264 1521 1343 1551 esse,
1361 1509 1512 1553 quamvis
1527 1521 1593 1542 non
1617 1510 1658 1542 sit
1674 1510 1726 1554 pia
1748 1510 1841 1552 fides,

251 1569 302 1602 vel
318 1581 400 1613 spes,
416 1569 486 1601 sine
500 1569 666 1602 charitate.
685 1569 759 1602 Ideo
777 1580 854 1612 ergo
871 1580 908 1601 ex
933 1568 997 1601 fide
1014 1571 1045 1601 et
1059 1579 1114 1612 spe
1134 1567 1306 1612 procedere
1332 1567 1451 1600 dicitur
1475 1567 1614 1600 charitas
1626 1593 1635 1610 ,
1660 1568 1738 1612 quia
1758 1568 1844 1602 nulli

251 1627 402 1671 provenit
415 1627 484 1659 sine
502 1627 581 1659 istis.

441 1737 645 1769 EXPOSITIO
667 1737 830 1768 TEXTUS.

281 1811 410 1835 Praedictis
422 1811 593 1842 adjiciendum
603 1812 641 1835 est
655 1811 685 1835 de
701 1811 850 1836 sufficientia
862 1811 918 1835 fidei
927 1830 934 1842 ‚
950 1813 998 1834 etc.

290 1887 392 1927 Supra
407 1887 474 1926 egit
493 1887 643 1926 Magister
670 1887 707 1917 de
729 1887 801 1918 fidei
827 1887 972 1924 essentia,
993 1889 1024 1917 et

251 1940 288 1971 de
312 1942 381 1979 eJ'us
407 1941 529 1979 obJecto
556 1943 586 1969 et
612 1940 764 1977 materia3
790 1940 822 1969 in
849 1940 907 1969 liae
933 1939 1023 1970 tertia

251 1996 339 2033 parte
354 1993 421 2031 agit
441 1993 477 2023 de
493 1993 519 2031 ej
527 2001 562 2022 us
577 1993 775 2022 sufficientia.
796 1992 950 2022 Dividitur
965 2002 1023 2023 au-

252 2048 315 2077 tern
340 2055 413 2085 pars
437 2046 496 2075 ista
520 2045 551 2074 in
574 2045 652 2075 duas
681 2047 803 2084 partes,
827 2045 859 2074 in
885 2054 1022 2084 quarum

252 2100 356 2139 prima
376 2099 450 2129 dicit
468 2100 505 2129 de
520 2098 592 2129 fidei
609 2098 815 2136 sufficienti33
832 2099 865 2128 in
886 2098 1023 2129 secunda

252 2161 328 2183 vero
342 2152 442 2191 ipsam
459 2151 552 2182 iidem
567 2154 728 2190 comparat
741 2152 780 2181 ad
793 2152 925 2183 virtutes
934 2151 1021 2189 alias,

254 2205 295 2235 ibi
314 2214 321 2235 :
338 2204 423 2236 Illud
438 2206 533 2236 etiam
548 2213 612 2235 non
630 2208 674 2236 est
694 2204 1000 2244 praetermittendwn
1013 2229 1021 2242 ,

255 2258 338 2298 quod
352 2257 446 2297 fides,
463 2265 532 2297 spes
544 2281 552 2295 ,
568 2258 719 2295 charitas,
737 2260 795 2288 etc.
814 2257 919 2287 Prima
932 2266 1021 2297 pars,

254 2312 287 2342 in
303 2320 366 2350 qua
380 2311 568 2342 determinat
584 2310 622 2341 de
636 2311 824 2341 sufficientia
838 2311 926 2349 fidei,
942 2311 1024 2342 divi-

254 2363 340 2394 ditur
365 2364 398 2394 in
416 2365 521 2403 partes
541 2363 634 2401 duaS,
650 2363 682 2394 in
698 2372 836 2403 quarum
852 2365 954 2404 prima
975 2364 1024 2394 iu-

255 2417 353 2456 quirit
367 2417 406 2448 de
427 2416 613 2447 sufficientia
632 2417 704 2447 fidei
723 2417 758 2447 in
771 2417 909 2457 quadam
925 2426 1022 2457 gene-

256 2470 399 2507 ralitate;
426 2470 459 2500 in
482 2469 622 2501 secunda
648 2470 781 2510 inquirit
808 2471 1024 2502 descendendo

255 2523 293 2553 ad
312 2523 461 2562 speciales
483 2523 675 2554 differentias
697 2532 922 2562 personarum,
944 2524 987 2554 ibi
1015 2534 1022 2555 ι

259 2577 342 2613 Quid
356 2586 428 2617 erqo
450 2577 575 2610 dicetur
592 2578 630 2610 cle
652 2578 719 2610 illis
734 2579 947 2618 simplicibus„
965 2581 1023 2610 otc.

288 2641 294 2655 ¹
308 2642 395 2671 Greg.,
410 2642 434 2663 in
452 2640 549 2669 Ezech„
570 2645 649 2670 xxiii,
664 2641 707 2670 47,
723 2640 792 2664 hom.
808 2642 849 2664 ult.
864 2654 893 2658 -
908 2644 915 2656 ¹
932 2642 937 2664 1
956 2642 1024 2671 Cor„

1080 1736 1186 1767 Prima
1201 1745 1272 1775 pars
1287 1736 1438 1766 dividitur
1454 1736 1487 1765 in
1502 1738 1565 1766 tres
1580 1738 1684 1776 partes
1695 1760 1703 1774 ‚
1723 1737 1756 1767 in
1772 1746 1854 1777 qua·-

1080 1799 1154 1820 rum
1178 1789 1281 1828 prima
1305 1789 1494 1819 determinat
1521 1789 1669 1828 Magister
1701 1790 1777 1830 quid
1808 1792 1855 1821 est

1080 1842 1157 1872 illud
1172 1842 1209 1872 de
1226 1842 1302 1880 fide,
1320 1842 1388 1872 siue
1403 1851 1466 1881 qua
1480 1851 1646 1881 nunquam
1663 1843 1766 1882 potuit
1787 1852 1854 1875 esse

1081 1895 1165 1925 salus
1179 1906 1186 1932 ;
1204 1895 1235 1924 in
1251 1895 1389 1925 secunda
1411 1895 1599 1925 determinat
1613 1898 1770 1935 quantum
1786 1896 1854 1926 suf-

1082 1948 1145 1978 ficit
1166 1948 1309 1985 credere,
1326 1948 1368 1977 ibi
1386 1958 1393 1977 ε
1413 1947 1472 1978 Sed
1493 1949 1651 1987 quaeritur
1674 1952 1784 1981 utrum
1800 1949 1854 1981 hoc

1080 2000 1205 2032 credere
1221 2004 1294 2032 ante
1309 2000 1498 2038 (triventum,
1516 2003 1574 2031 etc.
1590 2011 1598 2039 ;
1623 2002 1655 2031 in
1670 2002 1763 2032 tertia
1776 2011 1853 2033 vero

1081 2054 1228 2094 pluribus
1254 2054 1492 2084 auctoritatibus
1516 2055 1682 2085 confirmat
1702 2055 1854 2086 determi-

1080 2110 1168 2146 nata,
1186 2108 1227 2137 ihi
1250 2118 1257 2138 ι
1280 2107 1365 2139 Unde
1386 2108 1587 2147 Augustinus
1607 2108 1650 2139 ad
1672 2109 1822 2148 Optatam
1842 2117 1853 2140 :

1081 2162 1141 2193 Illa
1167 2161 1261 2201 fides,
1286 2163 1343 2191 etc.
1372 2161 1525 2192 Similiter
1547 2162 1684 2192 secunda
1710 2170 1792 2201 pars,
1818 2162 1851 2192 in

1080 2224 1144 2254 qua
1158 2215 1318 2245 descendit
1332 2215 1370 2245 ad
1386 2215 1536 2254 speciales
1544 2215 1737 2246 differentias
1747 2223 1850 2255 perso·

1081 2277 1196 2299 narum
1218 2268 1431 2305 credentium,
1453 2268 1548 2298 habet
1572 2270 1635 2298 tres
1660 2278 1666 2299 :
1689 2268 1722 2298 in
1746 2268 1848 2307 prima

1080 2321 1214 2361 inquirit
1228 2321 1320 2360 quid,
1338 2320 1387 2352 vel
1401 2322 1558 2360 quantum
1574 2320 1708 2352 sufficiat
1721 2321 1847 2352 credere

1080 2374 1293 2414 simplicibus,
1320 2373 1376 2413 qui
1404 2375 1632 2413 praecesserunt
1656 2373 1770 2403 Christi
1795 2373 1848 2404 ad-

1081 2429 1235 2465 ventum3
1257 2427 1288 2457 in
1314 2426 1451 2457 secunda
1467 2435 1543 2457 vero
1565 2426 1696 2465 inquirit
1718 2426 1756 2457 de
1780 2435 1849 2466 pro-

1081 2480 1289 2519 vectioribus,
1319 2481 1428 2510 utrum
1456 2487 1581 2510 necesse
1607 2479 1700 2510 suerit
1723 2479 1849 2511 eredere

1081 2542 1134 2564 eos
1154 2533 1278 2572 omnia,
1295 2541 1368 2573 quae
1391 2531 1485 2563 modo
1500 2531 1687 2571 creduntur,
1704 2533 1745 2563 ibi
1762 2543 1769 2563 :
1787 2532 1850 2565 Sed

1083 2615 1172 2642 x111,8.
1185 2626 1215 2631 —-
1225 2613 1305 2637 ³0ist.
1317 2612 1415 2642 xxnr‚§
1427 2612 1508 2636 ult.—-
1522 2612 1551 2635 δι
1570 2613 1670 2643 Tim.,1,
1687 2615 1709 2637 5.
1721 2626 1751 2631 —
1762 2614 1847 2644 ⁵Aug.,

1081 2648 1110 2672 de
1120 2649 1186 2672 Doct.
1199 2654 1206 2671 ιγ
1219 2649 1302 2677 imit„
1322 2648 1364 2671 lib.
1379 2648 1397 2677 1,
1413 2654 1434 2672 c.
1451 2654 1494 2677 XL,
1509 2654 1534 2672 n.
1546 2649 1584 2678 44,
1595 2649 1678 2680 quoad
1689 2656 1799 2673 sensum.
