2017 2960
730 204 920 237 DlSTlNCT.
945 205 997 237 ΙΙΙ.
1017 205 1119 238 PARS
1143 208 1165 240 1.
1716 220 1753 249 57

142 269 229 301 enim
252 269 476 311 appropriatur
496 272 655 311 potentia,
673 274 704 304 et
728 273 761 304 in
786 282 922 313 persona

143 322 244 354 Patris
266 323 480 364 principaliter
500 327 547 355 cst
569 327 750 357 auctoritas.
770 326 828 358 Per
852 328 921 359 vir-

142 380 238 409 tutem
265 379 372 408 autem
400 377 612 416 intelligimus
643 379 778 418 Filium,
818 381 918 420 quia¹

143 431 305 463 Christum
321 431 458 463 dicimus
477 434 535 465 Dei
554 435 720 472 virtutem,
741 439 771 467 ec
794 436 852 467 Dei
867 443 920 467 sa-

140 485 318 525 pientiam:
334 486 487 525 quoniam
504 496 582 526 ergo
596 497 701 518 sermo
720 491 921 528 praecesserat

141 538 179 570 de
195 538 316 579 Spiritu
331 543 450 577 sancto,
467 540 678 580 suhjiingitur
692 542 787 572 etiam
803 541 841 572 de
858 542 920 572 Pa-

142 593 190 623 tre
205 594 237 623 et
252 591 350 624 Filio:
368 595 404 624 ut
419 594 502 625 sicut
513 594 555 624 illi
571 597 633 624 tres
649 594 808 625 mundum
824 595 921 625 fabri-

141 649 306 685 caverant,
337 647 380 677 sic
403 647 499 678 etiam
517 647 740 687 intelligantur
761 648 920 679 mundum

141 708 303 740 reparasse
319 710 413 741 opere
428 701 627 738 indivisibili,
641 703 672 732 et
683 702 742 733 hoc
759 711 813 742 per
828 703 921 733 sabri-

141 762 211 784 cam
243 754 321 785 uteri
354 754 534 794 virginalis.
564 754 655 786 Ratio
683 758 791 786 autem
822 766 921 797 quaro

142 807 246 847 magis
272 806 398 839 Patrem
422 808 550 839 vocavit
573 809 792 848 Altissimum,
823 820 920 850 quam

142 859 267 893 Patrem
278 862 462 902 appellaret,
474 866 520 894 cst
532 865 567 894 ut
580 864 767 894 ostendatur
779 865 809 895 in
826 874 922 905 opere

141 914 368 947 incarnationis
392 916 473 947 mira
499 916 594 947 fuisse
617 917 779 957 dignatio,
806 919 838 949 in
863 919 920 950 hoc

141 969 226 1010 quod
246 972 387 1001 nostram
410 970 626 1002 humilitatem
649 981 718 1003 suae
743 972 920 1004 celsitudini

142 1023 291 1064 copulare
303 1024 415 1055 voluit.
434 1023 541 1055 Virtus
557 1035 634 1056 vero
649 1026 802 1057 Altissimi
817 1026 922 1067 Virgi-

143 1085 216 1108 nem
241 1077 346 1117 potius
365 1077 480 1109 dicitur
500 1079 706 1118 obumbrare,
723 1090 820 1120 quam
848 1081 923 1112 illu-

143 1129 285 1160 minare:
303 1130 506 1162 obumbratio
516 1132 602 1162 enim
615 1133 720 1163 visum
736 1134 877 1172 adjuvat,
892 1137 923 1165 et

142 1182 279 1214 calorem
303 1184 486 1223 refrigerat,
510 1187 542 1216 et
565 1185 598 1216 in
622 1186 761 1217 adventu
783 1186 853 1217 Filii
869 1187 921 1218 Dei

141 1233 241 1275 Virgo
260 1235 359 1267 Maria
381 1237 568 1277 refrigerata
593 1239 652 1269 suit
674 1240 793 1270 fomitis
816 1241 923 1271 extin-

141 1289 261 1326 ctione;
287 1290 347 1321 suit
363 1291 458 1322 etiam
479 1292 518 1323 ad
537 1292 589 1323 liei
613 1293 792 1324 contuitum
814 1294 923 1334 adjuta

140 1351 197 1383 per
206 1343 310 1375 carnis
321 1345 579 1386 conjunctionem
590 1356 664 1378 cum
677 1346 790 1386 Verbo,
803 1350 838 1379 ut
849 1357 922 1388 quae

141 1406 205 1429 non
220 1401 342 1439 poterat
361 1399 460 1431 Deum
483 1401 600 1432 sentire
616 1402 648 1432 in
666 1412 699 1433 se
714 1405 842 1443 propter
855 1411 922 1434 suae

142 1451 221 1484 lucis
232 1453 491 1493 immensitatem,
508 1457 639 1488 sentiret
654 1459 685 1488 et
700 1457 855 1497 cogitaret
868 1457 920 1488 iu-

143 1508 191 1537 tra
209 1516 242 1538 se
257 1517 313 1548 per
330 1512 528 1550 assumptam
548 1511 654 1541 carnis
674 1511 921 1542 humanitatem.

466 1627 535 1650 DUB.
553 1628 598 1649 ΙΙΙ.

363 1702 497 1734 Copulavit
513 1703 562 1728 sibi
577 1703 641 1735 ipsi,
657 1705 706 1728 cte.

184 1774 299 1807 Contra
323 1776 393 1808 haec
422 1777 522 1808 verba
544 1777 729 1809 Damasceni
754 1779 922 1818 objicitur:

144 1828 191 1861 Ex
203 1829 264 1861 hoc
279 1830 419 1869 videtur,
431 1832 516 1872 quod
531 1835 702 1873 conceptus
712 1833 773 1864 suit
783 1833 926 1864 Christus

144 1893 185 1915 ex
207 1884 366 1924 sanguine
391 1885 544 1926 Virginis.
574 1886 634 1918 Sed
661 1889 772 1918 contra
795 1887 856 1918 hoc
881 1890 926 1918 est

145 1937 223 1969 illud
233 1938 439 1978 Augustini¹‚
449 1940 535 1980 quod
544 1941 701 1981 sequitur,
710 1941 795 1982 quod
805 1950 928 1972 assum-

145 1991 208 2032 psit
230 1991 291 2023 sibi
321 2001 450 2024 carnem
474 1993 515 2024 de
539 2003 634 2025 carne
663 1993 816 2034 Virginis.
849 1994 927 2026 ltem

145 2045 323 2086 proximior
347 2049 395 2078 est
421 2056 494 2078 caro
517 2048 624 2087 carni,
650 2057 751 2088 quam
766 2049 925 2089 sanguis:

145 2107 224 2139 ergo
235 2099 324 2140 prius
335 2100 617 2133 dehultassumere
626 2111 757 2133 carnem
769 2102 807 2134 de
819 2112 927 2140 carne.

146 2162 244 2194 quam
258 2155 464 2195 sanguinem.

187 2206 278 2248 ltesp.
289 2207 483 2248 Dicendum,
495 2210 579 2250 quod
592 2219 647 2250 per
658 2211 847 2250 purissimos
859 2220 930 2241 sau-

145 2261 263 2302 guines
289 2263 440 2303 intelligit
466 2263 619 2295 humores
637 2289 645 2302 ,
675 2265 730 2305 qui
755 2265 931 2307 propinqui

145 2319 222 2348 sunt
242 2317 281 2348 ad
309 2318 450 2358 corporis
478 2318 722 2357 formationem,
745 2329 785 2351 ex
809 2321 930 2361 quibus

146 2379 220 2402 caro
235 2370 349 2403 Christi
366 2372 501 2403 formata
517 2373 588 2404 suit.
613 2373 666 2404 llle
687 2380 795 2406 autem
812 2375 930 2407 humor

146 2424 319 2466 aliquando
340 2429 472 2457 vocatur
487 2435 577 2466 caro⁷
593 2427 766 2468 aliquando
781 2431 928 2470 sanquis,

147 2478 318 2519 aliquando
341 2488 466 2512 semen.-
489 2484 519 2512 et
541 2481 602 2512 hoc
623 2482 801 2513 secundum
822 2483 930 2514 diver-

147 2540 216 2562 sam
235 2534 519 2574 comparationem.
545 2535 691 2576 sanquis
711 2537 797 2567 enim
815 2537 930 2569 dicitur

149 2584 183 2616 in
207 2587 445 2628 comparatione
468 2588 508 2619 ad
530 2588 627 2627 illud,
652 2589 737 2621 unde
761 2591 927 2631 pru-cessit3

149 2645 234 2677 caro,
251 2639 284 2670 in
299 2641 537 2681 comparatione
551 2642 591 2672 ad
609 2642 686 2674 illud
703 2644 788 2683 quod
804 2654 843 2675 ex
862 2645 929 2686 ipsa

184 2702 190 2719 ¹
212 2702 218 2726 Ι
233 2703 301 2731 Cor„
320 2708 337 2733 i,
352 2703 391 2727 2⁴.
404 2716 433 2721 —
445 2704 454 2720 ¹
471 2705 524 2728 lmo
535 2704 662 2736 Fulgeut„
676 2705 706 2729 de
724 2706 785 2730 Fide
798 2707 832 2730 ad
846 2708 926 2737 Petra,

979 274 1033 312 nt;
1057 283 1165 307 semen
1179 286 1267 315 vero,
1286 281 1445 318 quantum
1461 281 1499 311 ad
1514 281 1647 313 formam
1660 293 1758 324 quam

978 327 1083 360 hahet.
1106 330 1151 360 Aa
1173 331 1248 362 illud
1268 333 1352 372 quod
1373 334 1563 374 opponitur,
1585 338 1670 376 quod
1686 348 1758 369 caro

978 384 1024 412 cst
1037 384 1122 414 carni
1135 386 1355 426 propinquior,
1368 387 1537 419 dicendum
1548 391 1632 429 quod
1644 400 1757 422 verum

977 438 1023 466 cst
1040 437 1072 467 iu
1088 438 1139 468 via
1154 439 1284 478 speciei,
1304 440 1356 471 scd
1376 450 1439 472 uon
1459 442 1489 472 in
1508 443 1556 473 via
1574 445 1757 480 generatio-

979 489 1043 526 nis;
1061 491 1136 530 quia
1150 502 1223 522 varo
1238 502 1406 533 nunquam
1424 497 1621 527 convertitur
1637 497 1668 527 in
1686 507 1756 528 car-

978 551 1064 580 nem,
1083 544 1140 574 nisi
1159 546 1248 585 prius
1263 550 1468 579 coiwertatur
1484 549 1515 580 in
1533 549 1715 582 humorem.

1304 660 1373 681 DUB.
1400 661 1445 682 lv.

1111 730 1209 755 Nostroe
1224 731 1336 764 antiquie
1353 734 1561 766 conspersionis,
1574 738 1623 760 ctc.

1020 805 1150 838 Videtur
1168 808 1307 848 primum
1323 818 1390 840 esse
1407 810 1541 850 salsum,
1563 812 1639 851 quia
1656 812 1758 852 prima

978 861 1159 900 conspersio
1174 863 1266 892 sonat
1283 862 1314 892 iu
1331 863 1420 900 vitio,
1436 864 1519 895 sicut
1533 864 1605 895 (licit
1621 866 1759 906 Aposto-

979 914 1028 945 lus
1038 914 1048 931 ³
1063 925 1069 945 :
1088 915 1275 956 Expurgate
1291 920 1378 949 vetus
1391 918 1580 956 fermentum
1591 930 1603 950 .·
1617 919 1670 950 sed
1686 928 1759 950 caro

979 968 1092 999 Christi
1107 979 1277 1010 nunquam
1289 971 1348 1001 fuit
1359 971 1487 1003 vitiata:
1502 982 1592 1012 crgo,
1605 976 1663 1004 etc.
1680 973 1758 1004 Item

978 1022 1127 1062 objicitur
1137 1023 1236 1054 (lcillo
1249 1025 1333 1064 quod
1347 1025 1579 1065 subjungitur:
1600 1038 1614 1055 «
1627 1027 1687 1058 Sed
1703 1036 1758 1067 per

979 1075 1135 1116 Spiritum
1149 1080 1295 1108 sanctum
1311 1088 1438 1117 creans,
1453 1090 1468 1108 ι)
1487 1080 1562 1119 quia
1579 1080 1693 1110 talsum
1711 1081 1759 1111 vi-

978 1129 1071 1160 detur
1085 1131 1189 1161 dicere
1207 1142 1214 1162 :
1238 1140 1344 1164 creare
1365 1133 1450 1163 enim
1468 1135 1515 1163 cst
1529 1133 1566 1164 ‹le
1583 1133 1683 1164 nihilo
1698 1134 1758 1164 ali-

978 1183 1055 1223 quid
1077 1184 1204 1215 saccre:
1229 1185 1282 1215 sed
1309 1195 1383 1216 caro
1409 1186 1521 1217 Christi
1549 1196 1613 1218 uon
1635 1187 1695 1217 suit
1720 1187 1758 1218 de

978 1236 1092 1274 nihilo,
1110 1237 1163 1268 sed
1180 1238 1218 1269 (le
1235 1248 1329 1269 carne
1345 1238 1486 1279 Virginis
1500 1243 1676 1281 assumpta.

1020 1289 1112 1331 Rcsp.
1132 1291 1307 1323 Dicendum
1321 1294 1405 1333 quod
1423 1295 1561 1334 antiqua
1577 1296 1759 1334 conspersio

978 1344 1096 1376 dicitur
1111 1345 1163 1376 hic
1186 1349 1316 1387 propter
1336 1356 1505 1387 poenarum
1521 1349 1711 1379 vetustatem
1730 1351 1766 1380 et.

979 1399 1201 1438 rugositatem.
1234 1401 1405 1441 Apostolus
1431 1404 1540 1433 autem
1571 1403 1761 1441 fermentum

980 1455 1072 1483 vocat
1104 1453 1196 1485 malae
1227 1455 1468 1486 consuetudinis
1498 1456 1740 1496 corruptionem
1751 1480 1760 1495 ‚

979 1515 1052 1546 quae
1064 1508 1239 1538 attenditur
1252 1508 1286 1539 in
1298 1509 1412 1540 vitiosa
1424 1509 1594 1549 pronitate.
1619 1510 1763 1542 Christus

979 1562 1087 1590 autem
1103 1562 1276 1602 assumpsit
1289 1572 1419 1593 carnem
1434 1563 1612 1604 poenalem,
1628 1564 1682 1595 sed
1698 1573 1762 1595 non

981 1614 1186 1653 peccatricem
1199 1626 1206 1653 ;
1225 1618 1255 1645 et
1266 1615 1327 1647 hoc
1339 1617 1409 1647 vult
1419 1617 1523 1648 dicere
1537 1617 1762 1649 Damascenus.

981 1667 1028 1698 Ad
1042 1667 1118 1698 illu-1
1131 1668 1215 1708 quod
1229 1669 1402 1709 opponitur
1412 1670 1450 1701 de
1460 1670 1520 1701 hoc
1532 1671 1631 1702 verbo
1643 1679 1762 1710 creare,

984 1720 1154 1752 dicendum
1178 1722 1265 1762 quod
1287 1731 1392 1755 creare
1413 1724 1530 1756 dicitur
1546 1725 1597 1755 hic
1619 1734 1677 1765 pro
1691 1727 1765 1756 actu

981 1775 1036 1815 qui
1054 1775 1180 1816 proprie
1196 1777 1346 1807 convenit
1362 1776 1443 1816 Deo,
1467 1787 1533 1809 non
1549 1778 1625 1818 quia
1639 1779 1679 1809 sit
1693 1787 1763 1810 om-

981 1828 1058 1859 nino
1081 1838 1121 1859 ex
1139 1829 1264 1861 nihilo:
1287 1830 1372 1862 unde
1396 1831 1551 1871 accipitur
1571 1832 1624 1863 hic
1647 1833 1764 1863 creatio

983 1891 1040 1922 pro
1062 1883 1243 1915 conditione
1260 1894 1267 1915 :
1293 1886 1324 1915 et
1351 1883 1482 1917 Creator
1510 1887 1636 1916 tantum
1661 1885 1763 1922 valet.

982 1938 1142 1977 quantum
1159 1937 1311 1970 Conditor
1322 1948 1333 1968 :
1349 1940 1381 1969 ct
1391 1938 1451 1979 hoc
1462 1939 1567 1979 ipsum
1581 1939 1651 1970 vult
1662 1939 1765 1971 dicere

983 1989 1196 2022 Damascenus
1208 1994 1229 2029 ⁴,
1244 1992 1330 2032 quod
1350 2003 1364 2022 (ε
1374 2001 1447 2024 caro
1459 1993 1512 2024 illa
1521 1995 1627 2025 creata
1641 1996 1764 2025 estnon

983 2045 1191 2085 seminaliter,
1205 2046 1260 2077 sed
1273 2046 1443 2078 conditive.
1456 2057 1470 2075 n

1305 2173 1374 2197 DUB.
1398 2173 1431 2196 V.

1141 2243 1167 2268 Si
1183 2249 1274 2267 omnes
1292 2243 1373 2268 sancti
1389 2245 1413 2268 ct
1428 2245 1539 2273 sanctae.
1557 2245 1607 2269 etc.

1026 2320 1134 2351 Innuit
1156 2319 1307 2359 Magister
1329 2328 1384 2359 per
1398 2319 1536 2351 verbum
1553 2319 1683 2352 Joannis
1700 2331 1707 2351 ;
1726 2320 1766 2352 Si

984 2373 1170 2406 dixerimus
1197 2373 1283 2413 quod
1306 2377 1472 2413 peccatum
1502 2382 1566 2406 ηοη
1592 2374 1764 2412 habemus,

985 2435 1043 2461 nos
1057 2429 1144 2469 ipsos
1159 2427 1344 2459 seducimus
1355 2452 1364 2466 ,
1385 2430 1458 2466 etc.‚
1475 2428 1561 2469 quod
1580 2437 1692 2459 omnes
1705 2427 1764 2459 ho-

986 2482 1088 2513 miues
1108 2484 1234 2522 peccato
1256 2483 1331 2512 sunt
1351 2481 1506 2520 obnoxii,
1528 2484 1659 2522 excepta
1674 2482 1765 2513 beata

985 2535 1129 2576 Virgine.
1146 2536 1280 2566 Contra:
1299 2534 1364 2567 Hoc
1380 2536 1506 2567 videtur
1522 2535 1636 2566 salsum
1655 2535 1694 2568 de
1714 2536 1765 2567 in-

985 2590 1125 2622 fantibus
1138 2591 1281 2621 recenter
1297 2589 1472 2630 baptizatis,
1491 2590 1548 2630 qui
1566 2589 1691 2621 nullum
1710 2590 1765 2621 ha-

985 2679 1005 2696 c.
1022 2678 1049 2701 ιι,
1065 2679 1090 2696 u.
1106 2672 1141 2696 Γ..
1156 2684 1184 2688 -
1196 2670 1205 2686 ³
1223 2670 1229 2694 l
1245 2670 1313 2696 Cor..
1328 2676 1350 2700 v,
1369 2670 1447 2693 7.-·
1459 2671 1587 2700 Damaso„
1601 2669 1631 2693 de
1646 2669 1708 2694 Fide
1719 2677 1764 2693 οι·-

985 2707 1064 2738 ehad„
1085 2706 1128 2731 lib.
1147 2706 1188 2737 ΙΙΙ,
1204 2713 1258 2737 cap.
1278 2712 1317 2730 ΙΙΙ.
