1997 2986
256 239 302 261 xii

260 306 404 344 Latinos;
421 318 436 335 n
455 315 491 337 ac
504 306 578 337 dare
593 306 688 336 etiam
702 305 870 342 rationem,
887 313 943 336 eur
962 315 977 333 α
991 304 1090 335 Graeci
1106 313 1169 335 non
1182 307 1314 336 utantur
1328 307 1482 338 vocabulo
1497 307 1657 347 Prosopon
1671 307 1704 338 in
1718 307 1847 344 divinis,

259 369 342 409 quod
367 371 413 399 est
435 368 518 398 idem
540 368 623 407 quod
641 367 796 405 Persona,
818 377 833 395 n
852 367 928 406 quia
952 366 1097 397 videlicet
1115 377 1129 395 α
1143 366 1242 397 Graeci
1267 367 1427 398 habebant
1448 369 1613 409 proprium
1635 369 1847 407 vocabulum,

257 431 372 461 scilicet
393 431 603 470 Ilypostasis,
620 439 684 469 quo
699 431 857 467 utuntur;
874 431 904 459 et
923 428 992 459 ideo
1012 437 1076 459 non
1100 431 1175 459 suut
1194 431 1231 459 ut
1247 438 1305 459 nos
1326 430 1424 460 coacti
1444 431 1612 462 transferre
1623 441 1633 470 ;
1649 442 1664 460 n
1686 431 1797 462 utalia
1819 431 1849 462 id

258 502 361 533 genus
376 493 467 533 plura
482 502 499 523 o
513 501 620 532 graeca
633 491 747 531 lingua
761 491 845 532 apud
860 491 964 531 ipsum
980 491 1076 531 petita
1091 491 1344 530 praetermittam.

297 567 311 583 »
330 555 492 587 Postremo
507 555 545 585 ad
561 555 773 594 frangendam
787 554 955 586 sciolorum
970 553 1182 594 quorumdam
1199 553 1383 592 audaciam,
1399 554 1455 594 qui
1471 556 1507 584 ut
1527 563 1580 585 eos
1599 555 1673 594 jure
1687 555 1851 595 increpant

258 618 420 648 novissimi
437 618 571 648 editores
587 616 729 656 (Veneti),
746 618 978 648 Ronavenlwce
994 616 1226 648 commentaria
1248 616 1406 654 irrident,
1432 619 1461 648 el
1474 619 1646 656 respuunt,
1670 625 1708 648 ea
1727 618 1851 649 ratione

258 679 358 718 ducti,
377 680 462 720 quod
485 679 609 711 nudam
631 682 660 711 el
681 679 901 711 scholasticam
921 678 1142 718 yart-ulitatem
1163 678 1327 718 complecti
1348 678 1500 712 credant,-
1520 679 1698 710 remiserim
1723 679 1791 709 illos
1812 680 1851 710 ad

262 742 325 782 (tot)
344 742 478 773 illustres
493 743 670 782 scriptores,
688 742 762 782 (qui)
781 742 863 772 dicta
877 741 1109 772 commentaria
1127 743 1236 771 nostro
1251 740 1372 771 Doctori
1388 749 1453 770 non
1472 742 1597 771 tautum
1614 741 1781 779 adserunt,
1798 741 1852 772 sed

259 805 354 835 eliam
375 805 443 835 aliis
463 805 707 842 commendaut.;
725 804 795 835 heic
814 812 891 835 vero
914 804 1006 834 unice
1029 803 1199 842 obJecerim
1222 802 1500 842 praeclarissimum
1522 803 1630 833 virum
1649 803 1852 834 Franciscum

260 866 454 906 Petrarcam,
470 868 521 898 cui
536 868 613 898 adeo
629 867 860 899 Bonaventurae
876 875 971 906 opera
994 874 1058 896 non
1078 865 1282 896 reddiderunt
1302 866 1426 897 nudam
1446 869 1476 898 et
1496 866 1718 898 scholasticam
1735 874 1850 907 ,qarru-

259 929 395 968 litatem,
412 932 447 960 ut
463 930 543 961 inter
557 931 641 961 viros
654 930 764 968 claros,
781 939 817 961 ac
831 929 989 969 principes
1004 928 1171 967 theologos
1185 937 1225 959 ex
1239 928 1339 967 Italia,
1357 928 1412 968 qui
1427 928 1568 959 studium
1580 928 1755 960 Parisiense
1769 937 1852 968 prae-

258 993 350 1031 cipue
372 992 586 1030 illustrarunt,
610 992 800 1023 nominarit¹
816 992 943 1023 Petram
967 991 1179 1023 Lombarclum
1204 990 1447 1027 Novaricnsem‚
1477 990 1627 1022 leomam
1648 990 1687 1022 de
1712 991 1851 1030 Aquino,

260 1055 514 1086 Bonaventuram
528 1054 567 1086 (Ie
580 1055 696 1086 Balneo
716 1054 821 1094 Reqz'o,
838 1056 897 1084 ete.
919 1053 1095 1093 Objecerim
1116 1061 1244 1092 quoque
1265 1052 1534 1083 absolutissimum
1556 1052 1716 1083 doctorem
1730 1052 1851 1084 theolo-

258 1126 337 1156 gum
353 1117 506 1148 Joannem
523 1116 686 1156 MaJorem,
705 1116 760 1156 qui
776 1119 845 1156 post
860 1116 1023 1155 Huqoncm
1037 1116 1142 1147 sancta·
1161 1114 1313 1152 Victoris,
1331 1113 1573 1152 Aleisiodorwn,
1590 1116 1621 1145 et
1635 1116 1707 1145 ante
1723 1114 1854 1146 Richar-

259 1179 333 1211 dum
349 1180 565 1218 Meclilconem,
583 1180 748 1213 Doctorcm
764 1180 921 1218 subtilem,
937 1182 966 1211 ct
980 1179 1097 1216 Adam,
1113 1187 1303 1209 enumerare
1322 1178 1403 1208 inter
1418 1178 1577 1216 sapientes
1598 1186 1662 1208 non
1676 1177 1833 1209 dubitavit
1844 1183 1854 1198 ²

260 1243 419 1275 Doctorem
441 1243 663 1282 Seraphicum.
691 1242 764 1273 Illos
788 1242 912 1280 itidem,
936 1242 1054 1281 quibus
1079 1241 1221 1272 doctrina
1246 1240 1346 1271 sancti
1372 1239 1615 1278 Bonaventurae‚
1641 1240 1674 1270 in
1698 1239 1854 1280 praedictis

260 1305 500 1336 Commentariis
515 1307 671 1341 contenta,
687 1314 724 1335 eo
739 1305 869 1335 nomine
884 1313 947 1335 non
963 1304 1132 1344 probatur,
1148 1304 1233 1344 quod
1251 1306 1417 1334 extraneas
1432 1303 1583 1342 quasdam
1596 1303 1713 1333 habent
1727 1303 1854 1343 opinio-

260 1377 325 1404 nes,
343 1378 361 1398 a
375 1368 538 1398 communi
552 1368 774 1407 theologorum
790 1367 944 1398 sententia
961 1367 1090 1405 allerias,
1106 1366 1345 1397 amandavorim
1359 1365 1398 1395 ad
1412 1365 1540 1396 Petrum
1555 1365 1741 1404 Trigosum,
1757 1375 1776 1396 a
1790 1374 1854 1406 quo

262 1429 295 1458 in
318 1428 505 1460 Praesatione
534 1428 677 1459 Summae
701 1411 889 1468 theologica}
911 1428 1043 1467 egregie
1068 1428 1292 1466 confutantur,
1318 1436 1442 1458 necnon
1473 1427 1512 1458 ad
1539 1429 1702 1458 auctorem
1727 1427 1855 1468 Prologi

260 1491 401 1529 alterius,
415 1491 538 1531 praefixi
554 1491 696 1522 Summae
712 1491 764 1522 Fr.
781 1490 928 1531 Raynerii
943 1491 980 1521 de
996 1490 1084 1528 Pisis,
1101 1490 1219 1521 ordinis
1234 1490 1494 1529 Praedioatorum,
1513 1491 1569 1522 ubi
1585 1491 1700 1522 dicitur
1715 1501 1722 1521 ε
1744 1502 1758 1520 α
1773 1490 1855 1522 Con-

261 1557 308 1585 tra
322 1554 537 1585 diversitatem
554 1555 741 1594 opinionum
757 1556 934 1594 sequuntur
950 1553 983 1584 in
997 1553 1057 1584 hoo
1076 1562 1170 1593 opere
1185 1553 1350 1592 opiniones
1364 1554 1468 1592 magis
1486 1562 1689 1590 eommuneS‚
1706 1555 1736 1584 et
1750 1554 1855 1594 magis

260 1617 441 1657 approbatae
456 1626 511 1656 per
526 1617 697 1648 Ecclesiam
711 1616 908 1653 catholicam,
925 1615 1033 1656 quales
1047 1618 1121 1646 sunt
1135 1615 1166 1647 S.
1182 1615 1314 1646 Thomae
1330 1615 1368 1646 de
1381 1615 1520 1655 Aquino,
1534 1617 1565 1646 et
1579 1615 1717 1647 Doctoris
1731 1616 1854 1656 antiqui

260 1677 431 1709 Alexandri
446 1677 485 1708 de
500 1677 584 1715 Ales,
600 1679 696 1716 atque
708 1676 848 1708 Doctoris
866 1676 1027 1716 Seraphiei
1043 1676 1277 1708 Bonaventurae
1291 1678 1468 1715 cardinalis,
1482 1679 1539 1708 eto.

295 1790 303 1806 ¹
319 1790 344 1812 lu
362 1789 500 1819 Invecliva,
516 1789 568 1812 sive
588 1789 662 1819 Epist.
677 1791 744 1813 cont.
759 1790 857 1813 Gallum
872 1789 903 1813 ad
916 1790 1087 1820 Hugulioncm
1100 1790 1131 1813 de
1143 1789 1253 1814 Thienis.
1269 1803 1295 1807 —
1308 1789 1317 1805 ²
1331 1790 1410 1819 Seni„
1425 1790 1467 1814 lib.
1485 1791 1526 1820 IV,
1541 1790 1598 1814 dist.
1614 1795 1639 1818 x,
1654 1796 1678 1821 q.
1691 1795 1729 1818 111,
1745 1789 1789 1813 fol.
1807 1790 1853 1820 50,

263 1830 321 1853 edit.
337 1829 427 1853 lodoci
443 1829 513 1853 ssaclii
526 1829 654 1859 Ascensii,
671 1831 739 1853 1310.
