2017 2960
829 220 1019 253 DISTINCT.
1042 214 1149 253 XXIII.
1731 223 1790 253 475

190 291 259 336 ipsa
273 291 354 324 fides
368 290 502 334 incipiat
520 301 580 334 per
602 293 611 310 ¹
634 289 842 323 dilectionem
867 288 1009 333 operari.
1034 288 1080 321 Ea
1103 289 1191 322 enim
1215 289 1284 322 sola
1305 289 1391 321 bona
1413 299 1512 333 opera
1534 287 1673 321 dicenda
1696 293 1786 330 sunt,

188 360 262 393 quae
286 348 372 381 fiunt
395 358 453 393 per
475 346 682 381 dilectionem
711 347 782 381 Dei.
804 347 877 391 Ipsa
898 346 986 379 enim
1009 346 1140 379 dilectio
1159 357 1238 391 opus
1257 345 1340 390 fidei
1367 346 1487 379 dicitur
1509 349 1531 379 ².
1559 344 1656 378 Fides
1680 357 1757 388 ergo
1779 372 1786 387 ,

187 417 288 451 quam
302 405 466 439 daemones
481 410 512 438 et
525 405 598 438 falsi
611 404 779 438 christiani
793 404 926 445 habent,
949 404 1091 448 qualitas
1113 403 1231 436 mentis
1254 407 1318 445 est,
1344 403 1399 436 sed
1421 404 1589 445 informis,
1613 404 1692 448 quia
1717 403 1786 436 sine

186 463 342 496 charitate
364 467 422 496 est.
445 463 528 496 Nam
553 467 584 495 et
606 463 709 495 malos
731 462 830 495 fidem
851 461 989 503 habere,
1014 472 1089 493 eum
1118 465 1226 494 tamen
1250 461 1405 494 charitate
1432 465 1579 502 careant,
1610 461 1787 506 Apostolus

185 521 326 554 ostendit
339 521 450 554 dicens
464 524 474 541 ⁸
494 533 500 553 ε
516 521 554 554 δι’
566 520 708 553 habuero
723 531 854 553 omnem
866 519 983 564 fidem,
1001 519 1199 552 charitalem
1216 525 1327 553 antem
1349 531 1414 552 non
1438 519 1577 552 habeam
1588 546 1595 560 ‚
1622 524 1680 552 etc.
1705 519 1784 558 Quae

185 578 266 612 fides
280 579 377 612 etiam
392 579 517 612 donum
531 578 590 610 Dei
605 578 666 610 dici
682 582 798 622 potest,
816 577 895 621 quia
908 581 938 610 et
953 577 987 610 in
1003 577 1098 609 malis
1111 577 1261 621 quaedam
1276 577 1334 609 Dei
1350 577 1435 609 dona
1449 581 1537 609 sunt.

230 637 265 669 Si
281 648 358 670 vero
373 637 533 681 quaeritur
547 641 659 668 utrum
675 636 733 668 illa
747 635 897 668 informis
911 635 1063 679 qualitas,
1081 646 1147 679 qua
1163 634 1270 667 malus
1284 634 1479 666 christianus
1494 635 1647 667 universa
1662 635 1778 677 credit,
1806 681 1810 683 λ
1826 652 1858 670 A„
1871 650 1907 685 ni,

182 706 257 739 quae
271 695 377 728 honus
392 694 600 735 christianus,
626 693 795 726 accedente
809 693 977 734 charitate,
994 697 1161 725 remancat
1173 696 1204 725 et
1219 692 1276 724 fiat
1291 692 1414 732 virtus,
1432 703 1474 724 an
1489 692 1558 736 ipsa
1577 692 1780 735 eliminetur,
1805 681 1901 738 ’ζζξῖζῖζζ

1807 744 1883 763 mentis
1892 760 1897 769 ,

181 757 212 785 et
226 753 290 785 alia
313 752 455 797 qualitas
469 751 629 791 succedat,
652 762 726 795 quae
754 751 859 783 virtus
883 751 945 783 sit:
976 750 1170 783 utrumlibet
1194 750 1263 782 sine
1288 749 1433 795 periculo
1455 749 1518 781 dici
1547 754 1669 793 potest;
1699 751 1780 783 mihi
1812 781 1858 800 qum
1873 775 1894 795 iu

1826 806 1881 825 malo

180 813 289 842 tamen
313 809 455 849 videtur,
481 809 570 853 quod
596 809 653 842 illa
677 809 836 853 qualitas,
860 820 936 853 quae
960 809 1051 853 prius
1074 813 1161 850 erat,
1188 812 1371 849 remaneat,
1400 812 1431 840 et
1459 819 1583 840 accessu
1613 808 1782 841 charitatis
1809 837 1904 857 chrism-

178 867 285 900 virtus
299 867 371 900 fiat.
1809 872 1900 920 ι’ἷὲιῗξτ-

221 924 371 969 Cumque
389 924 526 957 diversis
540 924 645 957 modis
660 924 787 957 dicatur
802 924 895 966 fides,
920 925 1091 958 fatendum
1116 929 1162 957 est
1187 929 1295 958 tamen
1320 937 1421 957 unam
1445 937 1512 958 esse
1534 925 1631 958 fidem
1645 952 1652 966 ,
1677 930 1714 958 ut
1733 926 1779 958 ait
1799 933 1845 983 :32⁵3
1860 937 1908 951 cum

179 981 355 1027 Apostolus
384 982 394 997 ⁸
419 994 427 1014 ι
463 983 550 1015 Unus
578 983 753 1022 Dominus,
783 994 852 1015 una
877 982 974 1027 fides.
1005 983 1083 1016 Sive
1111 983 1199 1015 enim
1221 983 1302 1015 fides
1332 983 1507 1027 accipiatur
1535 995 1593 1028 pro
1622 995 1658 1016 eo
1687 984 1776 1028 quod
1807 970 1908 1046 ¹532}

1800 1032 1863 1046 SCUSU
1902 1037 1910 1041 ·

177 1040 333 1081 creditur,
350 1040 417 1073 sive
432 1051 491 1084 pro
505 1051 543 1073 eo
558 1052 624 1084 quo
639 1040 793 1079 creditur,
811 1045 895 1073 recte
910 1041 1029 1073 dicitur
1048 1040 1127 1073 fides
1144 1052 1220 1073 una.
1236 1041 1270 1073 Si
1286 1041 1373 1073 enim
1389 1052 1447 1085 pro
1462 1053 1498 1074 eo
1514 1041 1602 1086 qnod
1618 1042 1907 1083 crediturseatiu-una

175 1097 365 1141 accipiatur,
382 1109 422 1131 ex
437 1097 497 1129 hac
511 1097 729 1140 intelligentia
745 1098 863 1130 dicitur
887 1110 954 1131 una
978 1098 1075 1140 fides,
1094 1099 1171 1142 quia
1186 1098 1272 1131 idem
1285 1098 1443 1142 jubemur
1467 1099 1609 1141 credere,
1627 1103 1658 1132 et
1674 1111 1781 1132 unum
1801 1087 1862 1109 fide*

175 1154 328 1199 idemque
353 1159 400 1187 est
425 1155 514 1199 quod
537 1155 680 1187 creditur
703 1167 721 1187 a
744 1155 869 1188 cunctis
893 1155 1068 1197 fidelibus;
1100 1167 1166 1188 una
1190 1156 1272 1189 fides
1295 1157 1453 1189 catholica
1486 1157 1625 1198 dicitur,
1657 1157 1690 1189 id
1719 1162 1784 1202 est,

175 1212 383 1246 universalis.
405 1212 440 1245 Si
455 1224 532 1246 vero
548 1213 725 1257 accipiatur
750 1213 830 1246 fides
854 1224 914 1257 pro
934 1225 971 1247 eo
995 1225 1061 1258 quo
1084 1213 1246 1255 creditur,
1271 1225 1307 1246 ea
1330 1214 1455 1246 ratione
1481 1226 1547 1246 una
1567 1214 1687 1246 dicitur
1711 1227 1780 1247 esse

174 1269 268 1312 fides,
283 1281 350 1303 non
364 1270 443 1315 quia
457 1270 498 1302 sit
521 1282 589 1303 una
610 1281 749 1303 numero
773 1271 807 1303 in
834 1271 1006 1311 omnibus,
1034 1271 1088 1303 sed
1117 1282 1251 1314 genere,
1280 1271 1311 1303 id
1335 1275 1399 1311 est,
1426 1271 1654 1303 similitudine.
1681 1271 1781 1305 Unde

173 1327 394 1371 Augustinus,
410 1328 496 1361 libro
510 1328 600 1370 XIII,
617 1327 657 1362 de
675 1328 837 1362 Trinitate
859 1332 868 1347 ⁵
887 1341 894 1362 ε
914 1343 930 1360 «
954 1329 1050 1362 Fides
1064 1356 1072 1371 ,
1096 1341 1196 1374 qnam
1218 1330 1276 1374 qui
1301 1330 1434 1369 habent,
1463 1329 1576 1362 fideles
1591 1335 1753 1363 vocantur
1776 1344 1783 1372 ;

174 1389 205 1418 et
219 1385 277 1430 qui
294 1397 361 1418 non
376 1386 509 1427 habent,
527 1386 685 1426 infideles,
703 1387 887 1420 communis
901 1392 948 1420 est
963 1387 1116 1420 omnibus
1131 1387 1286 1420 fidelibus
1304 1400 1310 1420 :
1328 1388 1410 1420 sicut
1426 1388 1577 1432 pluribus
1587 1388 1779 1422 hominibus

174 1454 241 1476 una
259 1443 356 1476 facies
371 1444 556 1476 communis
580 1456 646 1476 esse
669 1444 804 1487 dicitur,
829 1456 905 1477 cum
930 1449 1039 1478 tamen
1060 1445 1183 1488 singuli
1208 1457 1283 1478 suas
1307 1445 1458 1478 habeant.
1484 1445 1557 1478 Non
1584 1446 1672 1478 enim
1693 1446 1775 1479 fides

173 1511 311 1533 numero
326 1505 373 1533 est
386 1513 466 1542 una,
483 1501 538 1534 sed
554 1512 671 1545 genere
690 1514 696 1534 ε
712 1513 785 1546 quze
799 1513 875 1535 cum
889 1503 930 1535 sit
944 1503 978 1535 in
996 1514 1075 1543 nno,
1101 1508 1131 1535 et
1155 1503 1189 1535 in
1212 1503 1284 1535 aliis
1298 1529 1305 1543 ,
1329 1514 1394 1536 non
1412 1503 1499 1548 ipsa,
1526 1504 1581 1536 sed
1597 1503 1726 1545 similis,
1746 1510 1783 1539 ct

172 1563 305 1603 propter
320 1559 572 1592 similitudinem
595 1560 700 1603 magis
716 1572 817 1592 unam
832 1560 971 1593 dicimus
994 1572 1073 1601 esse,
1097 1572 1197 1605 quam
1221 1561 1353 1593 multas.
1379 1561 1470 1593 Sicut
1491 1561 1578 1594 idem
1593 1562 1774 1595 volentium

171 1615 293 1649 dicitur
307 1628 374 1649 una
388 1617 553 1659 voluntas,
579 1628 653 1650 cum
677 1622 785 1651 tamen
808 1618 928 1663 cuique
947 1619 989 1651 sit
1011 1630 1070 1651 sna
1096 1619 1247 1651 voluntas
1269 1631 1275 1651 z
1302 1624 1332 1651 et
1354 1619 1496 1652 «luorum
1525 1619 1774 1653 simillimorum

171 1673 293 1707 dicitur
307 1674 405 1707 facies
420 1686 499 1707 una.
518 1687 535 1705 »

214 1731 404 1764 Notandum
425 1743 558 1777 quoque
579 1737 645 1773 est,
676 1733 765 1778 quod
789 1734 868 1767 fides
890 1734 1020 1779 proprie
1045 1735 1083 1768 de
1107 1747 1173 1768 non
1194 1735 1428 1780 apparentibus
1452 1740 1580 1769 tantum
1600 1740 1658 1769 est.
1680 1736 1776 1770 Unde
1819 1749 1880 1773 Quod

170 1788 349 1832 Gregorius
364 1791 374 1808 ⁵
391 1802 398 1823 :
413 1804 430 1822 «
445 1790 647 1835 Apparentia
662 1802 729 1824 non
744 1792 865 1826 habent
880 1793 993 1834 fidem,
1016 1793 1071 1826 sed
1096 1793 1309 1836 agnitionem.
1328 1806 1343 1824 »
1361 1793 1451 1826 Idem
1478 1805 1485 1826 ε
1511 1808 1528 1826 <t
1548 1795 1627 1827 Cum
1649 1794 1774 1827 Paulus
1796 1779 1905 1831 ⁶355?

169 1847 255 1881 dicat
269 1851 280 1867 ⁷
297 1861 306 1881 t
324 1847 420 1882 Fides
437 1855 485 1882 est
498 1849 686 1882 substantia
701 1862 811 1883 rerum
826 1851 1082 1893 sperandarum,
1099 1857 1333 1896 arqwnentzcm
1357 1863 1423 1884 non
1439 1852 1673 1896 apparentium
1684 1864 1697 1892 ‚·
1712 1852 1773 1885 hoc
1796 1848 1906 1893 ῗζᾏῖῡῇῗ

170 1905 328 1938 veraciter
339 1906 460 1939 dicitur
474 1907 574 1949 credi,
591 1908 677 1952 quod
694 1919 760 1940 non
777 1909 863 1941 valet
877 1909 993 1942 videri.
1010 1909 1093 1942 Nam
1117 1910 1203 1942 credi
1225 1910 1294 1954 jam
1314 1921 1380 1942 non
1408 1913 1532 1954 potest,
1557 1910 1647 1954 quod
1671 1910 1781 1943 videri
1801 1910 1898 1962 ῗζξῆξ

170 1967 285 2007 potest.
302 1963 445 1997 Thomas
458 1965 549 1998 aliud
565 1965 660 2007 vidit,
677 1969 708 1998 et
723 1966 813 1999 aliud
827 1967 966 2000 credidit
991 1979 998 2000 :
1025 1967 1192 2000 hominem
1215 1967 1320 2009 vidit,
1346 1972 1376 2000 et
1400 1968 1506 2000 Deum
1529 1968 1694 2001 confessus
1718 1974 1779 2015 est,
1798 1974 1904 2018 ffeffirfia'

169 2020 280 2054 dicens
291 2024 302 2040 ⁸
316 2033 322 2053 :
344 2022 506 2055 Dominus
521 2034 622 2063 mem,
640 2029 672 2056 et
689 2025 775 2056 Deus
790 2035 892 2057 meus.
912 2025 958 2057 De
972 2025 1033 2058 hoc
1048 2025 1146 2058 etiam
1163 2026 1370 2068 Augustinus
1384 2025 1428 2058 ait:
1458 2038 1464 2058 :
1485 2039 1502 2057 «
1518 2025 1636 2059 Fidem
1665 2027 1770 2071 ipsam
1797 2035 1891 2086 ‹122le

169 2078 258 2112 videt
270 2079 411 2124 quisque
427 2079 461 2112 in
477 2080 573 2114 corde
587 2092 647 2114 suo
662 2093 742 2123 csse,
758 2082 785 2114 si
800 2082 916 2125 credit;
935 2083 985 2116 vel
1003 2094 1069 2116 non
1085 2094 1164 2124 esse,
1181 2083 1208 2115 si
1223 2094 1289 2116 non
1304 2083 1423 2116 credit:
1442 2095 1509 2117 non
1525 2085 1608 2117 sicut
1622 2095 1775 2129 corpora,

169 2147 244 2181 quae
258 2136 408 2170 videmus
421 2138 525 2171 oculis
537 2139 713 2183 corporeis,
731 2144 762 2172 et
778 2151 834 2184 per
848 2140 995 2184 ipsorum
1012 2141 1192 2183 imagines,
1212 2152 1294 2185 quas
1308 2141 1467 2174 memoria
1490 2146 1640 2175 tenemus
1662 2143 1775 2186 etiam,

168 2195 333 2228 abscentia
346 2195 547 2238 cogitamus3
566 2208 624 2230 nec
640 2197 724 2230 sicut
738 2209 788 2239 ea,
806 2209 880 2242 qna}
896 2210 962 2231 non
977 2199 1133 2241 vidimus,
1151 2204 1182 2232 et
1196 2211 1235 2232 ex
1261 2199 1312 2232 his
1335 2211 1411 2244 quae
1427 2199 1582 2241 vidimus,
1608 2201 1775 2243 cogitatio·

167 2263 244 2285 nem
273 2255 453 2298 utcumque
479 2253 673 2296 formamus,
703 2260 734 2288 et
764 2256 928 2290 memoriae
955 2257 1225 2290 commendamus
1239 2270 1246 2298 ;
1277 2268 1336 2290 nec
1363 2257 1446 2290 sicut
1475 2257 1655 2299 hominem,
1678 2259 1777 2303 cujus

167 2310 312 2343 animam
327 2310 387 2344 etsi
402 2322 469 2344 non
485 2311 648 2354 videmus,
666 2324 705 2346 ex
720 2317 830 2346 nostra
845 2314 1049 2359 conjicimus,
1067 2319 1097 2347 et
1112 2326 1151 2348 ex
1167 2315 1310 2348 motibus
1324 2315 1469 2360 corporis
1491 2315 1673 2358 hominem,
1690 2316 1773 2350 sicut

172 2367 311 2402 videndo
326 2369 479 2412 dicimus,
495 2369 665 2404 intuemur
680 2371 777 2404 etiam
794 2372 966 2416 cogitando
977 2400 986 2413 ,
1006 2384 1071 2406 non
1089 2373 1134 2405 sic
1148 2373 1280 2406 videtur
1295 2373 1376 2406 fides
1395 2374 1428 2406 in
1453 2374 1549 2407 corde
1570 2374 1604 2406 in
1628 2385 1694 2418 quo
1714 2379 1774 2417 est,

174 2425 215 2458 ab
229 2436 267 2458 eo
280 2426 373 2471 cujus
391 2432 457 2469 est,
477 2428 532 2461 sed
556 2440 627 2462 eam
651 2433 740 2463 tenet
762 2430 942 2463 certissima
963 2430 1109 2464 scientia.
1136 2431 1219 2465 Cum
1245 2443 1322 2475 ergo
1346 2431 1420 2465 ideo
1446 2432 1576 2465 credere
1601 2432 1772 2476 jubemur,

167 2483 245 2527 quia
259 2483 293 2516 id
308 2485 396 2529 quod
411 2486 722 2531 crederejuhemur,
739 2488 849 2521 videre
865 2500 931 2521 non
946 2500 1121 2533 possumus
1145 2501 1152 2522 :
1175 2490 1279 2534 ipsam
1297 2494 1403 2523 tamen
1428 2489 1539 2531 fidem,
1564 2489 1698 2534 quando
1723 2495 1771 2524 est

166 2540 200 2572 in
219 2540 326 2584 nohis,
343 2541 492 2576 videmus
505 2543 540 2577 in
555 2544 662 2587 nobis,
678 2546 758 2590 quia
772 2550 802 2579 et
818 2557 930 2579 rerum
945 2547 1130 2580 absentium
1145 2558 1286 2592 praesens
1299 2552 1347 2581 est
1361 2547 1460 2588 fides,
1487 2552 1519 2580 et
1538 2558 1649 2580 rerum
1661 2574 1670 2590 ,
1695 2559 1769 2593 quae

200 2627 207 2642 ¹
223 2625 292 2655 Gal„
303 2631 327 2655 v,
337 2627 362 2650 6.
372 2639 403 2645 -
418 2627 448 2651 ¹1
465 2627 556 2657 Thess,
570 2635 589 2660 1,
606 2630 628 2654 3.
641 2643 668 2648 -
679 2630 690 2649 ⁸
701 2631 709 2655 1
721 2630 790 2662 Cor„
802 2637 863 2662 5111,
873 2633 938 2657 2.—
949 2632 960 2649 ⁸
972 2631 1074 2664 Ephes.,
1088 2638 1125 2664 1v,
1137 2634 1160 2657 5.
1172 2646 1199 2651 -
1216 2634 1225 2648 ⁸
1238 2634 1315 2665 Aug„
1325 2632 1354 2657 de
1369 2632 1470 2664 Trinit„
1484 2633 1528 2658 lib.
1539 2633 1607 2664 xm,
1621 2641 1643 2658 c.
1655 2639 1686 2663 11,
1702 2640 1729 2658 n.
1744 2636 1770 2665 5,

165 2660 253 2691 paucis
264 2661 381 2692 mutatis,
399 2663 425 2685 et
441 2661 556 2692 pluribus
571 2664 683 2690 omissis.
694 2678 724 2684 —
737 2666 748 2683 ⁸
760 2667 828 2698 Greg
843 2687 847 2691 .
864 2668 888 2691 in
907 2667 1012 2699 Evan9.,
1037 2667 1108 2693 hom.
1129 2673 1201 2698 xzw,
1219 2668 1286 2693 circa
1304 2668 1389 2698 med.;
1406 2668 1520 2701 Dialoq„
1534 2667 1576 2693 lib.
1601 2669 1644 2700 iv,
1663 2676 1684 2693 c.
1704 2674 1728 2694 V.
1739 2682 1771 2687 —

165 2696 175 2713 ⁷
189 2695 274 2728 Helm,
289 2696 418 2728 x1,1.——⁸
429 2697 512 2729 loon„
526 2704 570 2729 xx,
586 2700 680 2725 28.—⁹
693 2703 768 2734 Aug,
782 2702 813 2726 de
824 2703 925 2732 Τνι”ιιι“ι,,
939 2703 985 2728 lib.
1003 2704 1070 2735 xiil,
1086 2711 1108 2728 c.
1123 2710 1140 2735 1,
1157 2710 1183 2728 n.
1201 2705 1223 2729 3.
