2017 2960
70 1893 149 1915 Nomia

65 1925 152 1952 duplex.

84 2330 169 2351 Nomia

63 2362 131 2382 altera
139 2361 170 2381 di-

63 2392 154 2413 sanctio.

805 156 994 189 DISTINCT.
1018 156 1126 188 XVIII.

483 245 552 267 DUB.
574 245 606 266 11.

191 301 282 327 Meruit
298 300 347 325 sibi
360 298 451 324 donari
467 305 579 328 nomen,
595 297 664 329 quod
680 298 717 321 est
732 301 809 326 super
826 300 903 318 omne

504 340 609 358 nomeu.

201 392 267 424 Hoc
280 391 408 422 videtur
422 399 489 421 esse
499 390 625 426 falsum,
638 388 713 429 quia
723 396 842 419 nomen
857 385 936 416 illud

160 445 246 486 quod
271 447 316 476 est
332 453 429 484 super
443 453 538 475 omne
551 451 681 480 nomen,
697 440 810 471 habuit
837 439 877 470 ab
898 448 938 470 ae-

160 501 262 530 terno.
279 497 312 529 Si
326 500 363 528 tu
383 497 468 528 dicas
483 496 568 537 quod
597 494 714 526 meruit
727 493 818 524 istius
833 492 938 523 nomi-

160 551 212 582 nis
226 551 511 582 manifestatIOnem
525 550 559 580 in
573 549 716 579 humana
730 549 861 584 natura,
878 546 939 577 hoc

162 605 289 636 videtur
297 613 365 635 esse
378 603 506 640 falsum,
521 602 596 642 quia
609 602 770 632 daemones
784 600 818 631 in
831 599 939 631 Evan-

164 658 248 698 gelio
264 658 449 698 frequenter
465 656 610 688 dicebant
624 656 731 696 ipsum
746 664 814 686 esse
837 654 940 685 filium

166 712 231 749 Dei,
249 712 332 743 sicut
356 711 518 750 colligitur
540 719 581 740 ex
606 708 716 739 multis
742 708 818 739 locis
837 717 845 738 z
863 716 941 746 ergo

163 766 231 804 jam
244 773 363 795 nomen
377 764 447 803 ejus
461 764 535 793 ante
550 761 730 802 passionem
756 761 823 791 erat
837 759 941 790 mani-

165 817 326 848 festatum.
343 816 433 854 Item,
446 816 480 846 in
495 815 567 854 lege
582 814 759 854 promissus
766 815 833 844 erat
844 812 944 844 Filius

166 869 232 908 Dei,
247 869 329 900 sicut.
342 869 458 900 dicitur
472 868 480 884 ¹
498 877 506 898 :
535 868 704 900 Vocabitur
724 866 943 905 admirabilis,

166 923 398 961 consiliarius,
425 923 511 953 Deus
539 921 645 960 fortis.
670 920 768 957 item,
789 929 885 960 super
909 920 945 950 il-

167 977 223 1008 lud
239 976 278 1016 (a)
292 977 321 1007 ἐ
340 976 379 1007 Si
398 975 634 1015 coynovissent‚
653 977 726 1012 ete„
743 974 816 1005 dicit
840 974 946 1005 Glossa

169 1029 255 1070 quod
278 1029 416 1068 majores
436 1027 539 1059 Judaei
561 1027 740 1065 sciverunt,
757 1027 843 1066 quod
865 1029 947 1058 esset

169 1083 329 1114 Christus:
340 1091 418 1121 ergo
431 1081 558 1112 videtur
574 1081 658 1121 quod
669 1090 787 1111 nomen
795 1081 821 1120 ej
829 1090 865 1111 us
873 1082 946 1111 ante

169 1137 349 1177 passionem
371 1134 466 1166 suerit
485 1135 735 1165 manifestatum.
761 1133 821 1164 Sed
838 1135 947 1164 contra

171 1191 230 1221 hoc
252 1189 402 1229 estquod
422 1188 538 1219 dicitur
565 1188 602 1227 (b)v
625 1196 632 1218 :
656 1188 691 1219 Si
715 1188 946 1228 cognovissent,

169 1249 337 1282 nimquam
348 1241 467 1272 Filium
482 1241 542 1272 Dei
562 1241 812 1280 crucifixissent.
830 1240 868 1270 Et
886 1240 948 1270 An-

169 1295 300 1331 selmus,
314 1295 348 1324 in
362 1294 444 1325 libro
460 1293 522 1325 Gur
536 1294 621 1326 Deus
636 1294 738 1332 homo,
755 1293 829 1324 dicit
840 1294 851 1310 ³
863 1293 948 1334 quod

170 1351 297 1379 tantum
321 1347 445 1385 scelus,
468 1347 549 1378 sicut
571 1350 617 1379 est
642 1347 710 1378 Filii
735 1348 789 1379 Dei
813 1347 946 1386 occisio,

172 1410 340 1442 nunquam
363 1409 420 1440 per
437 1401 658 1441 poenitentiam
674 1401 867 1442 expiassent,
887 1401 948 1432 nisi

172 1454 354 1495 ignorantia
367 1457 558 1485 excusasset.

211 1507 304 1548 Resp.
321 1507 499 1538 Dicendum
515 1507 600 1548 quod
613 1507 733 1548 absque
748 1508 845 1539 dubio
860 1508 950 1539 Chri-

171 1565 240 1593 stus
252 1571 309 1602 per
323 1561 504 1601 passionem
515 1570 609 1592 suam
621 1562 740 1592 meruit
753 1561 802 1592 sui
810 1562 951 1592 nominis

172 1615 442 1646 clarificationem.
464 1613 651 1645 Clarificatio
673 1616 781 1646 autem
810 1615 951 1646 nominis

173 1668 273 1709 ipsius
287 1668 402 1699 Christi
415 1668 448 1698 in
463 1667 524 1698 hoc
537 1668 690 1706 consistit,
707 1669 792 1708 quod
810 1678 952 1700 commu-

173 1723 256 1753 niter
268 1722 415 1753 homines
424 1722 574 1753 noverint
587 1722 690 1761 illum,
700 1723 757 1762 qui
767 1723 799 1753 in
808 1723 952 1754 humana

176 1778 291 1807 natura
313 1775 497 1816 apparebat,
514 1784 581 1806 esse
607 1775 724 1807 Filium
752 1776 816 1815 Dei,
833 1779 864 1808 et
890 1777 952 1808 Re-

176 1831 374 1871 demptorem
388 1831 513 1862 mundi.
530 1830 578 1862 Ad
592 1831 671 1862 illud
686 1841 763 1863 vero
776 1832 861 1872 quod
875 1833 926 1872 obj
932 1833 953 1863 i-

177 1885 269 1923 citur,
285 1884 371 1925 quod
379 1884 458 1915 illud
470 1885 539 1924 jam
557 1886 672 1916 notum
687 1887 764 1923 erat,
783 1886 953 1917 dicendum

177 1937 263 1978 quod
288 1939 335 1968 est
361 1937 474 1968 notitia
500 1939 596 1976 certa,
623 1939 655 1968 et
679 1940 726 1969 est
759 1939 872 1970 notitia
898 1949 954 1980 per

177 1990 340 2030 quandam
354 1991 572 2030 conjecturam
589 1994 640 2022 :et
653 1991 793 2023 Christus
801 1996 874 2024 ante
882 2002 954 2033 pas-

178 2045 299 2075 sionem
321 2043 470 2083 cognitus
495 2044 556 2075 fuit
578 2044 695 2075 habere
713 2054 851 2085 nomen,
870 2047 956 2086 quod

178 2097 224 2127 est
237 2104 334 2135 super
348 2103 443 2126 omne
453 2104 584 2133 nomen,
598 2096 712 2127 notitia
732 2097 954 2137 conjecturali3

179 2148 234 2179 sed
258 2148 372 2179 notitia
393 2148 606 2180 certitudinali
632 2158 698 2181 non
722 2152 768 2181 est
795 2150 954 2190 cognitus,

180 2201 240 2232 nisi
255 2204 325 2242 post
338 2202 520 2242 passionem
536 2213 543 2233 :
557 2205 588 2233 et
606 2211 662 2243 per
676 2203 737 2234 hoc
748 2203 877 2235 dissolvi
887 2214 958 2245 pos-

180 2257 256 2287 sunt
275 2255 416 2286 rationes
438 2257 469 2286 et
495 2256 696 2287 auctoritates
719 2256 758 2287 ad
785 2259 958 2298 utramque

182 2310 318 2348 partem.
334 2307 391 2339 Vel
414 2308 506 2339 aliter
521 2319 529 2339 ι
546 2308 601 2340 Est
619 2310 732 2341 notitia
756 2311 957 2351 universalis,

184 2363 216 2392 et.
229 2363 276 2393 est
289 2361 402 2393 notitia
423 2362 625 2403 particularis
650 2374 657 2394 :
676 2364 826 2404 quamvis
849 2366 960 2397 autem

185 2414 326 2446 Christus
352 2418 433 2447 esset
453 2418 550 2448 notus
578 2417 752 2458 aliquibus,
779 2419 865 2459 quod
881 2422 962 2452 esset

186 2477 260 2500 vere
273 2468 434 2509 Christus;
452 2472 561 2502 tamen
581 2479 647 2502 non
660 2472 721 2503 fuit
734 2472 961 2506 universaliter

218 2567 253 2598 (a)
272 2566 335 2590 Coet.
352 2567 411 2592 edit.
427 2568 495 2593 deest
508 2577 588 2601 super
600 2571 707 2595 illud.--
724 2571 757 2603 (b)
775 2572 861 2604 Vulg,
879 2573 963 2598 Domi-

187 2609 246 2626 num
257 2601 356 2633 qlorioe.
367 2615 396 2620 —
409 2603 438 2634 (c)
451 2604 511 2629 Coet.
522 2605 583 2630 edit.
599 2607 707 2631 ratione.
723 2621 752 2625 —
765 2607 798 2639 (d)
813 2609 899 2640 Vulg„
912 2610 963 2634 sal-

187 2645 242 2660 vum
257 2638 347 2668 facere.
361 2651 391 2655 —
405 2639 438 2670 (e)
454 2640 516 2663 Add.
526 2648 608 2666 suum.

355 2691 429 2714 ῙῸΜ.
451 2692 498 2715 lv.

1707 159 1765 188 385

991 224 1142 264 cognitus
1161 232 1263 264 usque
1279 224 1349 263 post
1370 222 1561 262 passionem.
1578 222 1635 254 Vel
1650 223 1740 254 aliter
1759 232 1765 251 :

1806 222 1890 242 δ’..ιὶιίω

1792 252 1832 272 alia
1843 252 1876 271 dl-

1786 284 1807 294 ›n'
1830 283 1851 294 ,θ’

991 277 1046 309 Est
1071 277 1184 309 notitia
1214 276 1354 308 nominis
1380 275 1522 316 duplex:
1540 278 1698 315 quantum
1729 276 1767 306 ad
1784 290 1867 303 samm·

991 338 1115 368 vocem,
1131 332 1162 361 et
1176 331 1332 369 quantum
1345 327 1385 359 ad
1399 327 1582 368 imponendi
1591 327 1747 358 rationem
1760 338 1766 358 z

992 386 1151 424 quantum
1166 384 1205 414 ad
1220 392 1344 420 vocem,
1370 391 1446 413 cum
1461 381 1664 422 cognoscitur
1687 381 1768 421 quod

993 436 1108 477 aliquis
1136 437 1181 467 sic
1197 439 1352 468 vocetur:
1376 438 1407 466 et
1422 436 1466 467 sic
1488 436 1581 466 multi
1608 444 1771 475 cognove-

993 491 1071 519 runt
1079 489 1240 520 Christum
1251 489 1359 520 vocari
1370 489 1384 519 J
1388 498 1478 520 esum
1490 491 1564 520 ante
1574 488 1754 529 passionem
1765 497 1772 524 3

995 543 1049 574 sed
1072 543 1229 574 rationem
1250 544 1284 582 (ε’),
1302 552 1402 582 quare
1425 543 1468 573 sic
1493 544 1671 581 vocaretur,
1687 541 1774 573 vide-

992 596 1063 627 licet
1087 596 1165 636 quia
1186 599 1317 627 venerat
1333 596 1339 612 '⁴
1356 597 1481 628 salvare
1503 596 1546 635 (cl)
1562 596 1718 636 populum
1739 596 1774 634 tel

997 659 1018 683 a
1038 651 1179 690 peccatis
1203 657 1323 688 eorum,
1338 659 1404 680 non
1418 652 1641 689 cognoverunt
1669 658 1772 688 usque

997 706 1067 744 post
1088 703 1278 744 passionem.
1296 703 1335 734 Et
1359 703 1405 734 sic
1430 703 1612 734 clarificatio
1637 702 1779 733 nominis

999 757 1113 789 Christi
1133 759 1180 788 est
1208 757 1420 788 manifestatio
1443 756 1637 797 cognItionis
1660 756 1778 786 habitae

999 810 1037 842 de
1053 810 1187 849 Christo,
1204 820 1268 851 qua
1283 810 1488 850 cognoscitur
1512 819 1580 841 esse
1592 809 1647 840 Dei
1664 809 1776 847 Filius,

999 866 1031 895 et
1043 863 1196 901 Christus.
1223 866 1253 894 et
1276 863 1366 895 Jesus
1383 874 1391 895 :
1408 866 1438 895 et
1455 863 1618 904 quodlibet
1645 863 1780 894 istorum

1000 920 1047 948 est
1072 927 1192 948 nomen
1220 917 1307 957 quod
1333 920 1379 948 est
1404 926 1500 957 super
1522 926 1618 948 omne
1646 926 1779 948 nomen.

1001 970 1082 1003 Nam
1096 971 1206 1003 Filius
1220 971 1282 1003 Dei
1306 971 1450 1002 nominat
1473 979 1643 1011 personam
1668 970 1701 1001 in
1714 979 1782 1001 una

1003 1026 1135 1063 natura;
1154 1024 1301 1056 Christus
1318 1026 1426 1055 autem
1452 1026 1483 1054 et
1509 1024 1599 1055 Jesus
1612 1023 1782 1054 nominant

1002 1089 1173 1121 personam
1199 1079 1233 1110 in
1248 1079 1373 1110 duabus
1387 1079 1513 1110 naturis
1530 1089 1537 1109 ε
1565 1078 1619 1110 sed
1636 1078 1784 1110 Christus

1003 1134 1148 1164 nominat
1163 1142 1333 1174 personam
1354 1133 1389 1163 in
1410 1133 1554 1163 humana
1574 1134 1688 1162 natura
1702 1132 1784 1163 rela-

1003 1188 1070 1217 tam
1084 1186 1124 1217 ad
1139 1186 1294 1224 divinam,
1311 1185 1389 1225 quia
1412 1185 1558 1216 Christus
1573 1184 1690 1215 dicitur
1704 1193 1783 1215 unc-

1006 1241 1078 1278 tus3
1095 1240 1186 1271 Jesus
1202 1241 1312 1270 autem
1335 1239 1480 1270 nominat
1502 1247 1671 1279 personam
1686 1238 1719 1269 in
1734 1238 1785 1269 di-

1004 1292 1081 1324 vina
1095 1295 1210 1324 natura
1222 1292 1356 1324 relatam
1368 1293 1408 1323 ad
1425 1292 1618 1331 humanam,
1643 1292 1720 1332 quia
1734 1292 1786 1324 Je-

1005 1353 1060 1378 sus
1075 1345 1191 1377 dicitur
1209 1345 1356 1378 Salvator
1372 1355 1442 1378 esse
1456 1357 1464 1377 :
1478 1348 1509 1377 et
1521 1346 1592 1377 ideo
1602 1346 1636 1376 in
1654 1345 1787 1377 nomine

1005 1399 1080 1431 Jesu
1093 1399 1208 1431 Christi
1222 1400 1314 1431 debet
1328 1409 1424 1431 omne
1439 1409 1528 1439 genu
1543 1399 1684 1437 curvari,
1705 1399 1787 1430 sicut

1006 1453 1040 1484 in
1054 1453 1185 1484 nomine
1201 1452 1273 1483 Filii
1286 1453 1351 1484 Dei.
1369 1452 1407 1484 Et
1418 1462 1476 1493 per
1489 1453 1549 1484 hoc
1564 1454 1650 1493 patet
1659 1461 1786 1492 respon-

1006 1506 1053 1538 sio
1068 1507 1107 1538 ad
1121 1507 1334 1547 quaestionem
1346 1506 1559 1547 propositam:
1576 1506 1652 1546 quia
1665 1515 1783 1537 nomen

1007 1560 1077 1593 Fssii
1094 1561 1150 1592 Dei
1173 1561 1341 1602 tripliciter
1362 1561 1477 1592 dicitur
1491 1560 1658 1591 clarificari
1671 1570 1786 1592 secun-

1008 1614 1085 1645 dum
1105 1616 1177 1655 ejus
1198 1615 1317 1655 triplex
1331 1624 1461 1654 nomen,
1481 1615 1547 1646 sive
1562 1618 1722 1655 quantum
1747 1614 1787 1646 ad

1008 1669 1279 1707 certificationem,
1306 1669 1375 1701 sive
1397 1671 1556 1709 quantum
1581 1668 1620 1700 ad
1643 1668 1788 1700 diffusio-

1008 1732 1095 1762 nem,
1121 1723 1189 1754 sive
1214 1724 1374 1763 quantum
1388 1723 1428 1753 ad
1451 1722 1584 1754 rationis
1600 1722 1787 1754 nominandi

1009 1777 1246 1816 expressionem
1262 1787 1268 1807 :
1290 1776 1333 1806 ita
1362 1776 1448 1816 quod
1463 1776 1643 1807 certificatio
1663 1775 1790 1815 respicit

1009 1830 1156 1861 notitiam
1172 1830 1312 1861 nominis
1335 1829 1408 1860 Filii
1421 1829 1486 1868 Dei,
1502 1828 1631 1860 diffusio
1643 1829 1790 1859 notitiam

1010 1884 1152 1915 nominis
1166 1883 1292 1921 Christi,
1308 1883 1470 1923 expressio
1485 1882 1617 1913 rahonis
1625 1882 1792 1913 nominan-

1011 1938 1043 1969 di
1057 1938 1204 1969 notitiam
1230 1936 1372 1968 nominis
1392 1936 1479 1967 Jesu.
1511 1935 1601 1967 Patet
1614 1936 1709 1967 etiam
1725 1945 1792 1967 res-

1011 1991 1123 2032 ponsio
1137 1990 1177 2021 ad
1191 1991 1314 2030 obJecta
1325 2014 1333 2028 ,
1361 1990 1437 2030 quia
1453 1989 1595 2021 Christus
1615 1989 1792 2020 secundum

1012 2044 1082 2076 haec
1095 2044 1156 2075 tria
1171 2044 1302 2075 nomina
1316 2043 1377 2074 fuit
1393 2043 1542 2083 cognitus
1557 2043 1698 2083 quodam
1722 2051 1793 2073 mo-

1012 2098 1070 2136 do;
1086 2097 1146 2129 fuit
1160 2097 1256 2128 etiam
1269 2097 1410 2138 quodam
1424 2096 1520 2128 modo
1534 2097 1714 2136 ignoratus.
1737 2095 1792 2127 Se-

1013 2151 1158 2183 cundum
1193 2159 1268 2181 eum
1300 2150 1446 2188 modum,
1481 2149 1659 2185 secundum
1693 2158 1790 2190 quem

1013 2205 1182 2245 ignoratus
1194 2203 1268 2243 fuit,
1284 2203 1401 2234 meruit
1414 2212 1533 2235 nomen
1542 2212 1639 2234 suum
1653 2212 1710 2244 per
1720 2212 1794 2243 pas-

1014 2258 1137 2290 sionem
1152 2256 1393 2289 clarificandum
1408 2265 1487 2288 esse.

1335 2346 1404 2368 DUB.
1428 2345 1473 2367 111.

1048 2406 1076 2430 ln
1091 2412 1141 2438 qua
1151 2405 1221 2430 enim
1228 2404 1312 2430 forma
1325 2404 1460 2429 crucifixus
1469 2405 1507 2429 est
1511 2422 1520 2436 ,
1532 2403 1559 2429 in
1571 2410 1602 2428 ea
1612 2402 1736 2428 exaltatus
1746 2404 1793 2427 est.

1057 2475 1174 2508 Contra
1199 2485 1207 2506 z
1227 2474 1304 2515 quia
1319 2474 1468 2506 exaltatio
1483 2473 1599 2504 Chr1sti
1624 2475 1671 2504 est
1693 2472 1733 2503 ad
1747 2481 1794 2503 ae-

1017 2529 1203 2570 qualitatem
1217 2527 1330 2567 Patris,
1356 2528 1437 2559 sieut
1447 2527 1560 2558 dicitur
1573 2526 1608 2558 in
1619 2525 1746 2558 Psalmo
1758 2529 1769 2546 ⁵
1787 2537 1793 2557 :

1052 2610 1128 2640 ¹Isa„
1145 2615 1180 2638 lx,
1190 2610 1253 2633 6.-
1266 2609 1276 2624 ²
1292 2609 1298 2632 l
1313 2608 1380 2636 Corn,
1396 2613 1426 2637 11,
1442 2608 1464 2631 8.
1476 2606 1525 2624 —-⁸
1542 2606 1654 2630 Anselm.
1669 2607 1721 2631 Cur
1733 2607 1796 2631 Deus

1019 2645 1105 2675 homo,
1117 2645 1160 2669 lib.
1173 2645 1205 2674 ll,
1216 2646 1293 2668 «214.
1305 2657 1336 2662 —
1346 2644 1356 2660 δ
1370 2642 1471 2672 ΜαίτΙι.,
1485 2648 1503 2672 1,
1514 2644 1553 2667 21.
1564 2656 1590 2659 -
1605 2643 1615 2659 ⁸
1628 2643 1694 2666 Psal.
1711 2649 1763 2673 eux,
1776 2645 1797 2672 l,

1621 2689 1659 2718 -25
