2017 2960
67 466 100 486 Ad
113 472 164 492 opp.

626 177 814 211 msTlNCT.
837 175 918 207 XIII.
942 174 1033 207 ART.
1058 176 1097 208 11.
1121 177 1269 216 QUAEST.
1295 177 1347 208 111,

186 249 390 290 differentius
423 255 536 279 nomen
570 246 785 279 hoeredttavit.
816 244 848 275 Si
880 252 959 282 ergo

186 302 326 332 Christus
346 300 495 331 omnibus
517 300 623 330 electis
650 299 835 340 praaeminet
858 296 960 328 excel-

185 355 280 385 lentia
295 354 445 393 perfecta,
464 353 590 384 videtur
609 353 693 393 quod
706 353 740 382 in
756 360 866 382 omnes
882 359 959 390 gra-

186 407 230 438 tia
244 408 312 447 ejus
326 407 439 437 habeat
454 407 626 437 efficaciam
647 408 676 436 et
691 405 905 435 influentiam.

227 460 287 491 Sed
311 463 443 491 contra:
466 463 491 490 1.
516 460 616 499 Caput
641 468 705 489 non
723 458 828 488 influit
845 458 877 487 in
892 465 957 493 cor,

185 514 238 544 secl
263 514 366 552 magis
387 523 404 544 e
429 523 593 544 converso.
618 513 651 543 Si
675 521 753 551 ergo
782 510 958 541 secundum

184 569 302 597 rectam
327 567 615 606 transumptionem
633 566 737 605 gratia
752 565 821 601 1113,
838 572 910 603 quae
925 563 959 592 in

183 620 260 650 alios
282 620 457 655 redundat,
475 619 592 650 dicitur
613 618 717 658 gratia
739 617 866 657 capitis,
893 625 959 646 non

185 673 309 703 videtur
330 673 415 712 quod
438 673 551 702 influat
575 672 609 702 111
631 673 733 702 totuin
759 680 875 710 corpus
897 670 958 701 Ec-

184 724 308 762 clesiae3
325 726 381 754 aut
405 724 431 754 si
451 724 483 753 in
505 726 607 754 totum
629 723 756 760 influit,
773 722 881 762 potius
907 722 960 752 de-

184 777 271 807 beret
289 777 392 816 gratia
412 777 532 815 cordis,
549 786 647 816 quani
670 776 779 816 capitis
794 775 957 815 appellari.

224 832 253 860 1)..
272 830 350 860 ltem
367 830 470 869 gratia
479 829 883 869 capitisnoninssuitnisiin
893 838 957 867 eos,

183 885 239 924 qui
257 885 326 924 jam
348 886 422 914 sunt
437 884 581 915 membra
598 893 605 914 :
623 886 653 914 et
668 883 746 914 nulli
762 886 836 914 sunt
853 892 959 913 meni-

184 938 253 975 bra,
270 938 331 967 nisi
347 939 589 976 conjungantur
604 937 631 967 ei
647 946 703 976 per
717 937 813 967 fidem
834 938 865 967 et
883 936 958 967 cha-

184 991 311 1021 ritatem
328 999 335 1020 :
353 1000 430 1029 ergo
454 991 486 1020 in
508 990 612 1021 nullos
632 990 750 1027 influit,
772 990 833 1020 nisi
852 990 886 1020 in
900 990 959 1020 ha-

184 1046 292 1077 hentes
316 1046 410 1076 fidem
432 1048 461 1076 et
490 1046 673 1077 charitatem
695 1057 701 1077 2
725 1046 779 1076 sed
806 1045 959 1076 habentes

184 1097 280 1127 fidem
304 1099 335 1127 et
350 1098 547 1135 charitatem,
569 1097 687 1127 liabent
702 1099 825 1127 motum
841 1099 871 1127 et
883 1106 958 1127 sen—

184 1157 257 1179 sum
274 1158 281 1179 :
298 1158 375 1188 ergo
403 1149 529 1179 videtur
554 1149 638 1188 quod
664 1149 767 1188 gratia
796 1149 904 1188 capitis
925 1149 958 1179 in

184 1201 289 1232 nullos
309 1202 439 1239 influat,
465 1211 523 1232 nec
546 1204 688 1239 motum,
717 1211 775 1232 nec
803 1211 955 1233 sensum:

182 1263 241 1285 1133
264 1257 311 1286 351
327 1255 414 1286 aliud
435 1255 508 1285 dare
527 1255 612 1294 quod
633 1255 747 1285 influat
765 1266 771 1285 :
788 1264 878 1294 ergo,
896 1257 955 1287 etc.

223 1310 252 1338 3.
271 1308 361 1347 Item,
378 1309 482 1347 gratia
496 1308 607 1348 capitis
622 1308 655 1338 in
674 1317 727 1339 eos
742 1308 825 1339 solos
839 1309 955 1348 influit,

183 1365 329 1401 respectu
343 1372 483 1402 quorum
496 1363 616 1392 habens
631 1363 768 1401 gratiam
784 1365 830 1393 est
846 1366 955 1403 caput:

183 1416 236 1446 sed
259 1416 401 1447 Christus
420 1416 595 1447 secundum
615 1416 794 1447 humanam
808 1419 957 1448 naturam

184 1479 249 1500 non
261 1472 308 1500 est
324 1472 419 1510 caput
433 1470 634 1509 angelorum,
653 1470 729 1509 quia
744 1470 842 1500 unius
859 1472 956 1500 03111-

181 1532 226 1553 rae
245 1525 320 1554 sunt
334 1526 471 1564 caputet
485 1523 649 1554 membra:
668 1532 746 1562 ergo
762 1523 884 1553 nullam
903 1524 957 1554 ha-

180 1576 234 1607 bet
247 1577 281 1607 in
297 1577 427 1616 angelos
442 1577 653 1607 influentiam.

219 1632 249 1660 4.
275 1630 373 1668 Item,
395 1633 461 1661 esto
483 1630 568 1670 quod
592 1630 691 1660 Filius
719 1630 773 1660 Dei
794 1639 860 1660 non
876 1632 957 1661 esset

179 1683 374 1722 1033103105,
391 1684 498 1723 angeli
514 1686 617 1714 essent
636 1684 730 1720 beati,
747 1692 806 1714 nec
827 1686 956 1723 propter

179 1737 293 1768 Christi
316 1738 567 1768 lncarnationem
582 1739 657 1768 sunt
671 1737 770 1777 aliqui
790 1746 831 1767 ex
845 1737 890 1768 eis
904 1746 956 1767 re-

179 1790 297 1830 dempti
313 1793 343 1821 et
366 1790 491 1833 liberati
508 1801 515 1821 :
533 1799 611 1829 ergo
626 1790 752 1821 videtur
769 1790 853 1830 quod
873 1790 955 1820 nihil

177 1843 222 1874 eis
236 1844 376 1874 conferat
390 1844 494 1883 gratia
508 1844 634 1875 Christi.

218 1899 248 1928 5.
272 1897 371 1935 Item,
390 1897 472 1927 nihil
499 1897 590 1936 agit,
616 1897 678 1927 nisi
700 1897 778 1928 dum
800 1899 847 1928 est
869 1908 876 1928 ;
899 1897 954 1928 5311

179 1953 292 1983 Christi
303 1953 406 1993 gratia
416 1962 483 1984 non
491 1953 550 1984 fuit
560 1955 633 1983 ante
642 1954 816 1984 adventum
827 1953 951 1984 Christi:

178 2016 257 2046 ergo
276 2007 405 2037 videtur
424 2006 509 2046 quod
534 2007 567 2036 in
586 2007 678 2044 iu0s;
704 2007 759 2047 qui
777 2007 953 2037 adventum

179 2057 293 2089 Christi
305 2060 547 2098 praecesserunt,
562 2058 666 2097 gratia
688 2058 740 2088 1113
755 2058 881 2089 00111101
894 2058 953 2089 113-

178 2111 248 2142 11011
261 2111 420 2142 effectum.

217 2168 246 2196 6.
271 2165 361 2204 11301,
386 2165 412 2196 51
439 2165 482 2196 113
506 2165 661 2196 influebat
683 2168 755 2196 ante
778 2165 952 2197 adventum

177 2219 291 2250 Christi
311 2219 345 2249 in
364 2221 488 2250 sanctos
510 2219 565 2258 qui
589 2221 842 2259 praecesserunt,
871 2219 953 2250 sicut

176 2281 262 2303 nunc
278 2272 312 2302 in
326 2281 395 2310 nos,
412 2272 456 2302 sic
469 2272 582 2303 habuit
599 2273 749 2304 effectum
769 2273 805 2303 in
819 2272 890 2310 illis,
906 2272 952 2302 si-

177 2327 230 2356 cut
253 2334 339 2356 nunc
353 2325 389 2356 in
405 2326 497 2356 nobis
516 2326 611 2357 habet
625 2327 774 2357 effectum
791 2337 798 2357 z
815 2335 894 2365 ergo
909 2327 952 2356 si-

178 2380 232 2408 cut
254 2378 338 2410 istud
359 2379 473 2410 dicitur
494 2382 622 2420 tempus
636 2380 749 2419 gratiae
762 2381 890 2420 propter
904 2389 952 2410 re-

177 2431 384 2463 dundantiam
399 2443 418 2464 a
432 2434 629 2473 plenitudine
652 2434 782 2472 Christi,
803 2434 846 2464 ita
866 2433 952 2465 vide-

176 2486 230 2515 tur
244 2485 329 2524 quod
350 2487 476 2526 tempus
493 2486 572 2518 illud
587 2487 717 2518 deberet
733 2489 860 2527 tempus
875 2497 952 2527 gra-

175 2538 231 2569 1133
245 2538 306 2569 (1131
324 2549 331 2569 z
348 2540 432 2578 quod
447 2540 473 2570 si
489 2549 555 2572 non
569 2541 697 2580 dicitur,
722 2541 851 2572 videtur
865 2541 951 2581 quod

176 2591 344 2622 influentia
356 2592 469 2631 gratiae
483 2593 597 2625 Christi
612 2603 677 2625 non
693 2604 727 2626 se
743 2595 893 2626 extendat
911 2594 951 2626 ad

178 2644 248 2676 ilios
262 2645 319 2685 qui
334 2649 575 2685 praecesserunt.

1284 307 1509 342 CONCLUSIO.

1016 395 1114 422 Gratia
1131 396 1236 423 Christi
1254 399 1345 431 influit
1364 400 1392 424 in
1415 407 1515 431 omnes,
1540 402 1595 426 tam
1617 401 1646 427 in
1668 402 1789 435 atzqelos,

1051 448 1131 474 quam
1147 442 1176 467 in
1192 442 1310 469 hominos
1319 452 1326 476 ;
1343 446 1368 469 cc
1383 445 1430 477 qui*
1440 447 1631 478 proecesscrunt
1645 447 1731 480 ipsum
1743 468 1751 480 ,
1767 450 1792 474 et

1052 487 1099 519 qui
1113 488 1197 512 secuti
1211 490 1289 519 sunt;
1306 488 1367 514 licet
1381 488 1522 515 secundum
1541 491 1628 524 magis
1650 493 1675 517 ct
1693 493 1789 519 minus.

1057 565 1148 606 Resp.
1173 567 1212 597 ad
1243 577 1314 606 arg.
1345 568 1391 598 Ad
1417 570 1644 608 praedictorum
1675 571 1792 602 intelli-

1016 619 1159 657 gentiam
1174 622 1221 650 est
1242 621 1431 658 notandum,
1450 623 1535 661 quod
1551 633 1663 654 sensus
1678 625 1710 655 in
1725 625 1790 665 spi-

1015 672 1185 704 ritualibus
1210 674 1383 704 attenditur
1402 679 1560 714 quantum
1576 677 1615 707 ad
1632 678 1791 717 cognitio-

1015 735 1087 757 nem
1104 751 1111 764 ,
1130 729 1235 758 motus
1256 737 1333 758 vero
1357 731 1514 768 quantum
1534 730 1572 760 ad
1593 730 1792 762 affectionem

1016 781 1047 809 et
1075 780 1297 819 dilectionem,
1319 791 1392 821 quae
1415 784 1461 812 est
1485 783 1610 822 pondus
1634 784 1792 815 inclinans

1016 843 1284 874 unumquemque
1293 835 1453 874 spiritum,
1462 838 1490 866 et
1499 836 1629 867 trahens
1638 838 1677 868 ad
1686 838 1791 868 locum

1015 887 1075 917 sibi
1097 888 1252 919 debitum.
1276 888 1413 919 Influere
1434 899 1511 929 ergo
1531 893 1657 921 motum
1673 894 1704 922 et
1724 901 1793 922 sen-

1015 949 1088 971 sum
1111 943 1157 971 est
1180 951 1310 972 causare
1335 942 1368 972 in
1390 943 1481 973 nobis
1497 943 1593 974 fidem
1606 946 1635 974 et
1651 944 1792 976 dilectio-

1015 1003 1101 1033 nem,
1119 995 1184 1025 sive
1199 995 1295 1026 fidem
1308 998 1494 1035 operantem
1509 1006 1566 1037 per
1577 997 1789 1037 dilectionem,

1015 1049 1082 1079 sive
1097 1050 1314 1089 cognitionem
1333 1053 1364 1081 et
1378 1061 1532 1082 amorem.
1555 1053 1791 1085 Attendeudum

1014 1104 1123 1133 autem
1138 1103 1223 1142 quod
1241 1104 1381 1143 cognitio
1394 1107 1424 1135 et
1439 1104 1562 1135 dilectio
1573 1107 1619 1135 est
1632 1105 1666 1135 in
1676 1106 1791 1146 triplici

1014 1155 1193 1186 differentia
1211 1167 1217 1186 :
1238 1157 1386 1196 quaedam
1399 1181 1406 1194 ‚
1433 1167 1506 1197 quae
1525 1159 1652 1198 respicit
1673 1161 1792 1191 statum

1014 1208 1136 1246 meriti,
1160 1211 1192 1239 et
1215 1209 1285 1240 haec
1315 1210 1430 1240 dicitur
1459 1211 1618 1249 gratuita3
1642 1213 1790 1251 quaedam

1014 1269 1102 1297 vero,
1120 1260 1155 1290 in
1170 1270 1233 1300 qua
1252 1261 1393 1292 consistit
1413 1262 1588 1292 substantia
1609 1264 1745 1302 praemii,
1762 1266 1792 1295 et

1014 1312 1083 1343 haec
1099 1313 1216 1344 dicitur
1232 1314 1384 1352 gloriosa;
1402 1315 1562 1354 quaedam,
1572 1325 1645 1355 quae
1657 1317 1792 1347 35111111-

1013 1375 1076 1405 que
1104 1376 1249 1404 annexa,
1269 1377 1341 1407 quae
1365 1377 1425 1399 nec
1448 1370 1494 1399 est
1513 1369 1648 1400 essentia
1670 1370 1788 1408 meriti,

1012 1428 1071 1449 nec
1090 1421 1235 1459 praemii,
1252 1421 1306 1451 sed
1326 1421 1363 1452 de
1387 1422 1468 1453 hene
1496 1432 1574 1454 esse.
1606 1424 1790 1455 Secundum

1013 1472 1096 1503 hanc
1120 1473 1277 1513 triplicem
1305 1474 1517 1506 dIfferentiam
1544 1477 1737 1515 cognitionis
1758 1479 1789 1508 et

1013 1525 1206 1564 dilectionis,
1233 1529 1280 1557 est
1302 1528 1421 1567 dicere,
1446 1529 1531 1568 quod
1552 1529 1655 1568 gratia
1679 1530 1788 1570 capitis

1013 1576 1127 1607 influat
1147 1577 1180 1607 in
1200 1578 1346 1609 membra
1361 1579 1465 1618 gratia
1479 1580 1619 1611 increata
1632 1581 1786 1620 effective,

1013 1630 1067 1660 sed
1093 1631 1197 1669 gratia
1224 1634 1329 1662 creata
1353 1633 1516 1663 meritorie
1540 1635 1571 1664 et
1593 1634 1786 1674 dispositive.

1015 1683 1095 1715 Nam
1111 1687 1240 1725 propter
1254 1685 1405 1716 meritum
1421 1686 1577 1725 passionis
1592 1686 1704 1717 Christi
1720 1696 1789 1727 pro-

1013 1738 1159 1775 missum,
1176 1739 1320 1778 patribus
1335 1739 1589 1778 praecedentibus
1608 1740 1692 1770 dedit
1706 1740 1788 1772 Deus

1012 1790 1150 1829 gratiam
1173 1791 1456 1828 reconciliationis;
1474 1793 1505 1821 et
1520 1794 1650 1831 propter
1664 1793 1788 1824 exhibi-

1011 1845 1092 1883 tum,
1108 1845 1160 1875 dat
1172 1844 1263 1876 nobis
1273 1845 1411 1884 gratiam
1419 1845 1683 1877 reconciliationis
1690 1848 1790 1878 abun-

1012 1897 1138 1928 dantius
1155 1909 1160 1928 :
1178 1899 1213 1928 in
1234 1908 1299 1938 qua
1321 1899 1452 1938 quidem
1480 1900 1585 1938 gratia
1609 1902 1655 1931 est
1675 1910 1787 1932 sensus

1012 1951 1204 1990 cognitionis
1230 1953 1261 1982 et
1288 1953 1395 1982 motus
1413 1952 1599 1984 affectionis.
1617 1953 1655 1984 Et
1675 1964 1788 1986 rursus

1010 2005 1139 2042 propter
1159 2003 1246 2034 illam
1272 2004 1452 2044 passionem
1473 2007 1582 2045 aperta
1609 2008 1656 2036 est
1673 2007 1785 2047 Janiia,

1009 2058 1045 2086 ut
1065 2056 1215 2087 omnibus
1236 2058 1390 2088 membris
1411 2058 1525 2089 Christi
1551 2059 1644 2090 detur
1660 2059 1786 2091 dilectio

1009 2111 1040 2140 et
1072 2110 1213 2149 cognitio
1241 2111 1400 2149 gloriosa,
1432 2111 1467 2141 in
1500 2112 1618 2151 quihus
1645 2113 1787 2144 consistit

1009 2163 1157 2202 perfectio
1183 2165 1289 2194 motus
1310 2166 1341 2194 et
1365 2173 1488 2195 sensus.
1516 2164 1564 2196 Ex
1586 2165 1646 2196 1103
1673 2166 1784 2197 eodem

1008 2216 1131 2256 angelis
1152 2218 1303 2256 mysteria
1326 2217 1427 2248 1011113
1440 2218 1636 2256 revelantur,
1654 2221 1684 2249 et
1698 2228 1783 2258 gau-

1007 2268 1059 2298 dia
1081 2268 1183 2299 multa
1206 2270 1389 2300 referuntur
1410 2270 1449 2301 de
1465 2271 1695 2302 restauratione
1709 2281 1778 2309 sua,

1008 2330 1081 2361 quae
1104 2322 1269 2353 invenitur
1289 2323 1370 2353 facta
1392 2333 1450 2363 per
1468 2324 1639 2355 Christum.
1659 2324 1697 2355 Et
1711 2324 1780 2356 ideo

1007 2375 1105 2405 etiam
1118 2375 1178 2415 ipsi
1191 2375 1352 2415 accipiunt
1362 2379 1487 2407 motum
1497 2379 1528 2407 et
1541 2386 1685 2415 sensum;
1702 2386 1778 2416 non,

1007 2428 1151 2468 inquam,
1168 2428 1271 2467 illum,
1288 2429 1344 2468 qui
1359 2431 1406 2460 est
1418 2430 1456 2460 de
1475 2430 1608 2461 essentia
1622 2430 1735 2469 gratiae
1750 2433 1782 2462 et

1006 2481 1138 2521 gloriae,
1163 2482 1217 2512 sed
1240 2482 1296 2522 qui
1319 2485 1366 2514 est
1386 2483 1424 2514 de
1447 2484 1527 2515 bene
1542 2492 1609 2514 esse
1629 2484 1779 2523 31113113-

1006 2535 1120 2566 ctione.
1145 2534 1386 2567 Concedendum
1407 2539 1454 2567 est
1467 2546 1558 2576 ergo,
1575 2536 1660 2576 quod
1675 2538 1780 2577 gratia

1006 2589 1116 2629 capitis
1130 2589 1287 2621 redundat
1301 2590 1334 2620 in
1343 2599 1454 2621 omnes
1468 2590 1552 2620 cives
1566 2599 1714 2631 supernae
1727 2590 1778 2622 Je-

1007 2642 1167 2681 rusalem,
1193 2643 1265 2675 licet
1290 2644 1466 2675 secundum
1494 2643 1566 2684 plus
1591 2646 1623 2675 et
1648 2644 1777 2676 minus:
