2017 2960
629 206 725 237 DIST.
749 205 815 238 VII.
839 206 930 239 ART.
954 208 993 239 11.
1017 208 1166 246 QUAEST.
1190 209 1242 240 111.

144 286 210 307 non
235 275 395 316 sequitur,
421 274 514 314 quia,
542 274 623 305 sicut
646 273 835 314 praedictum
860 277 922 311 est,

145 331 301 370 quantum
316 329 355 360 ad
377 328 571 359 vocabulum
587 328 844 366 'praedestz'nandl'
859 338 924 359 non

145 386 192 415 est
214 381 461 414 communicatio
486 382 688 420 idiomatum,
715 382 780 412 imo
801 385 846 412 est
869 392 923 412 so-

145 436 270 477 phisma
284 435 459 466 secundum
475 436 618 466 accidens
633 435 666 465 in
682 435 833 474 praedicto
849 445 923 475 pro-

145 499 234 521 cessu
250 500 256 520 z
271 498 336 520 non
351 489 439 520 enim
455 489 599 529 sequitur
617 500 623 519 z
645 500 659 517 «
676 489 789 519 Divina
804 490 923 529 praevi-

144 543 190 573 sio
211 542 358 582 praecedit
383 542 543 573 Christum
569 542 746 573 secundum
768 543 851 582 quod
877 546 924 573 est

144 595 228 626 filius
250 595 404 635 Virginis,
421 606 500 636 ergo
522 596 618 626 etiam
643 595 820 626 secundum
836 596 922 635 quod

144 652 191 680 est
203 650 287 681 filius
304 650 369 681 Dei.
386 662 400 678 »

185 705 214 733 Ξ.
232 703 278 734 Ad
293 703 369 734 illud
387 703 470 743 quod
486 702 646 742 objicitur,
673 702 757 742 quod
777 702 920 742 praedes-

145 757 259 788 tinatio
271 759 316 787 est
326 759 471 796 respectu
482 765 636 796 personae,
651 756 823 786 dicendum
835 757 922 797 quod

145 810 202 841 etsi
214 810 254 840 sit
268 810 390 840 ratione
408 818 570 850 personae,
587 819 651 841 non
673 811 780 840 tamen
802 812 848 840 est
870 820 922 841 ra—

143 864 229 894 tione
244 863 486 903 personalitatis
509 863 562 894 sed
578 863 715 903 alicujus
731 865 867 895 naturae.
884 863 923 896 Et

142 915 212 947 ideo
228 925 293 947 non
309 918 432 956 oportet
446 917 485 947 ad
501 917 561 948 hoe
581 917 667 957 quod
686 926 792 948 sermo
808 917 923 950 habeat

141 970 319 1008 veritatem,
332 970 644 1010 praedestinationem
655 971 840 1002 antecedere
849 981 921 1012 per-

141 1032 253 1054 sonam
270 1024 471 1064 simpliciter3
496 1024 549 1055 sed
570 1024 686 1054 sufficit
708 1024 734 1054 si
759 1026 922 1056 antecedat

140 1085 211 1108 eam
226 1076 348 1107 ratione
373 1077 511 1117 alicujus
531 1079 667 1107 naturae.
693 1077 730 1107 Et
753 1077 824 1108 ideo
846 1088 921 1109 cum

140 1131 279 1161 dicitur:
306 1143 319 1160 α
338 1131 440 1162 Homo
463 1134 508 1161 est
530 1131 772 1171 praedestinatus
795 1142 862 1163 esse
885 1134 922 1164 fi-

138 1184 203 1216 lius
218 1185 282 1223 Dei,
297 1197 311 1214 »
335 1195 398 1216 non
411 1186 602 1225 intelligitur
617 1187 703 1226 quod
718 1187 769 1217 illa
788 1196 921 1227 persona

137 1239 177 1269 sit
200 1240 423 1279 praedestinata
449 1240 511 1270 nisi
537 1241 660 1270 ratione
685 1240 838 1271 humanae
862 1251 919 1272 na-

136 1295 230 1325 turae.
248 1294 326 1325 Cum
343 1304 419 1325 vero
433 1295 550 1325 dicitur
561 1295 642 1334 quod
658 1305 791 1335 persona
800 1298 920 1326 aeterna

137 1357 202 1378 non
212 1350 258 1379 est
271 1348 507 1388 praedestinata,
521 1349 694 1380 dicendum
707 1350 792 1389 quod
805 1359 918 1381 verum

137 1403 184 1431 est
202 1402 381 1432 secundum
403 1402 487 1442 quod
509 1405 555 1433 est
583 1405 718 1441 aeterna;
747 1406 847 1443 potest
870 1406 919 1434 ta-

141 1463 215 1485 men
239 1455 267 1485 ei
290 1456 463 1486 convenire
480 1457 601 1487 ratione
617 1459 741 1487 naturae
756 1459 918 1497 tempora-

142 1507 214 1539 liter
227 1511 409 1549 assumptae.

181 1564 210 1593 3.
234 1562 281 1592 Ad
305 1562 382 1593 illud
409 1564 515 1594 autem
540 1564 625 1603 quod
648 1564 809 1604 objicitur,
832 1566 918 1605 quod

139 1616 381 1656 praedestinatus
396 1617 551 1648 antecedit
567 1617 644 1648 illud
666 1618 704 1648 ad
728 1619 812 1658 quod
833 1628 916 1659 prae-

138 1669 327 1708 destinatur,
352 1670 524 1701 dicendum
547 1671 631 1710 quod
658 1681 773 1702 verum
797 1675 861 1710 est,
886 1676 916 1704 et

136 1723 215 1754 illud
231 1733 297 1754 non
312 1724 407 1754 habet
422 1725 618 1763 instantiam,
634 1726 762 1765 quando
778 1727 916 1766 praedes-

136 1776 247 1807 tinatio
264 1777 416 1817 accipitur
440 1778 565 1818 proprie
587 1782 734 1819 respectu
750 1780 864 1819 gratiae
885 1783 915 1811 et

136 1831 250 1872 gloriae
267 1841 274 1863 ε
293 1833 327 1863 in
341 1834 501 1874 proposito
516 1836 626 1865 autem
641 1844 757 1865 nomen
772 1835 914 1875 proedes-

136 1887 309 1918 tinationis
324 1887 507 1918 extenditur
525 1888 564 1918 ad
580 1888 730 1919 standum
755 1898 813 1929 pro
826 1897 914 1929 proe-

135 1941 259 1972 visione
289 1941 412 1972 ratione
443 1941 717 1973 determinationis
740 1943 911 1983 adjunctae,

135 1994 312 2024 secundum
336 1994 423 2034 quod
445 1995 478 2025 in
500 1996 691 2035 praecedenti
718 1996 914 2036 problemate

137 2047 244 2078 visum
259 2049 315 2078 est.
339 2047 445 2078 Posset
468 2051 576 2079 tamen
594 2049 655 2080 dici
680 2051 764 2090 quod
787 2051 914 2090 praedic-

135 2103 206 2131 tum
220 2102 356 2132 verbum
374 2102 620 2142 intelligendum
637 2106 694 2141 est,
709 2105 837 2144 quando
854 2115 912 2136 vo-

135 2154 288 2185 cabulum
309 2156 595 2196 praedestinationis
625 2157 700 2189 dicit
721 2159 912 2190 antecessio-

134 2217 210 2240 nem
224 2218 289 2241 non
304 2210 409 2241 solum
424 2213 570 2251 respectu
584 2211 730 2252 subjecti,
746 2213 801 2244 sed
814 2213 910 2244 etiam

1697 216 1751 245 181

980 279 1124 316 respectu
1145 277 1305 316 praedicati
1337 289 1343 308 :
1369 278 1414 308 sie
1439 280 1547 309 autem
1572 288 1636 310 non
1661 283 1707 311 est
1725 281 1758 312 in

979 329 1150 368 proposito.
1170 329 1298 369 Oportet
1314 330 1411 361 etiam
1425 331 1603 371 intelligere
1618 332 1656 363 de
1671 341 1704 364 re
1719 333 1759 364 ad

979 391 1078 421 quam
1089 383 1160 422 quis
1173 384 1419 423 praedestinatur
1431 407 1438 420 ‚
1459 384 1512 414 sed
1534 385 1566 414 in
1590 394 1757 425 compara-

979 436 1065 466 tione
1088 437 1127 467 ad
1157 437 1263 476 ipsum
1286 438 1371 477 quod
1396 438 1641 478 praedestinatur
1660 450 1666 470 :
1694 449 1758 472 non

978 489 1063 519 enim
1081 492 1204 529 oportet
1230 491 1315 530 quod
1337 491 1400 529 ille,
1426 491 1481 531 qui
1498 492 1756 532 praedestinatur,

979 543 1018 572 sit
1033 545 1105 573 ante
1121 544 1259 582 gratiam
1275 544 1325 574 vel
1340 545 1477 583 gloriam
1491 545 1687 585 simpliciter,
1704 546 1758 577 sed

979 596 1082 626 solum
1098 597 1275 628 secundum
1291 598 1376 637 quod
1389 601 1435 629 est
1450 599 1482 629 in
1497 608 1534 629 eo
1553 608 1560 629 :
1579 601 1610 630 et
1626 599 1670 630 sic
1694 609 1758 631 non

978 649 1073 680 habet
1088 649 1273 681 instantiam
1295 651 1328 681 in
1352 652 1520 691 proposito.
1540 651 1620 683 Nam
1635 653 1693 683 etsi
1707 653 1759 685 Fi-

978 702 1040 733 lius
1057 702 1108 733 Dei
1121 703 1278 743 praecedat
1287 704 1464 743 hominem,
1477 707 1586 736 tamen
1596 715 1660 737 non
1670 707 1759 746 prius

978 756 1060 787 inest
1073 757 1208 795 homini,
1227 767 1327 798 quam
1339 758 1437 789 homo
1452 759 1493 789 sit
1511 767 1518 788 :
1536 759 1602 790 imo
1626 769 1682 800 per
1704 770 1760 791 na-

978 812 1084 841 turam
1103 811 1192 851 prius
1212 815 1259 842 est
1278 812 1480 850 humanitas,
1499 822 1600 853 quam
1614 813 1761 845 uniretur

979 873 1124 904 personae
1140 864 1246 896 Verbi.

1019 920 1048 948 4.
1065 918 1113 949 Ad
1127 918 1206 950 illud
1222 919 1308 959 quod
1333 919 1494 960 objicitur,
1524 923 1637 952 utrum
1661 921 1760 952 homo

978 971 1019 1001 sit
1034 971 1278 1011 praedestinatus
1293 982 1360 1003 esse
1375 973 1459 1005 filius
1474 974 1548 1011 Dei,
1571 977 1627 1005 aut
1641 984 1760 1006 secun-

978 1024 1057 1055 dum
1071 1025 1157 1065 quod
1173 1028 1219 1057 est
1230 1026 1324 1064 Deus,
1342 1029 1398 1057 aut
1412 1028 1591 1059 secundum
1610 1029 1695 1068 quod
1715 1031 1761 1060 est

977 1077 1091 1116 homo3
1116 1079 1185 1110 dico
1201 1080 1287 1120 quod
1302 1080 1479 1111 secundum
1495 1081 1578 1121 quod
1594 1081 1712 1113 homo:
1729 1084 1761 1113 et

978 1132 1023 1162 sic
1038 1132 1099 1163 fuit
1113 1133 1152 1163 ab
1168 1136 1300 1164 aeterno.
1320 1133 1387 1165 Nec
1403 1135 1487 1166 valet
1511 1146 1517 1166 ;
1545 1147 1559 1164 «
1575 1135 1660 1175 Ergo
1679 1145 1759 1176 sup-

977 1186 1065 1224 ponit
1083 1195 1140 1226 pro
1151 1187 1326 1226 praeterito.
1347 1198 1361 1215 »
1378 1188 1445 1218 Hoc
1468 1189 1555 1219 enim
1569 1189 1760 1229 intelligitur

976 1241 1014 1271 de
1026 1242 1124 1272 verbo
1142 1243 1293 1282 praeteriti
1309 1244 1471 1283 temporis,
1485 1245 1571 1284 quod
1584 1254 1647 1275 non
1663 1245 1759 1276 habet

976 1294 1042 1325 vim
1057 1296 1231 1335 ampliandi
1248 1296 1286 1326 ad
1302 1297 1461 1328 futurum.
1478 1297 1512 1329 In
1525 1298 1574 1328 his
1588 1298 1673 1329 enim
1685 1308 1758 1339 quae

974 1348 1094 1379 habent
1121 1350 1187 1380 vim
1211 1350 1384 1390 ampliandi
1409 1351 1448 1381 ad
1474 1352 1601 1390 futura,
1632 1362 1689 1392 pro
1719 1361 1756 1384 eo

975 1404 1060 1443 quod
1074 1404 1226 1435 claudunt
1241 1405 1275 1435 in
1291 1414 1323 1435 se
1339 1407 1447 1436 actum
1467 1406 1505 1436 de
1529 1406 1649 1441 futuro,
1676 1416 1755 1446 prae-

974 1458 1056 1488 dicta
1067 1458 1180 1497 regula
1196 1468 1261 1489 non
1277 1459 1372 1489 habet
1386 1459 1506 1490 locum.
1532 1459 1571 1490 Et
1592 1460 1636 1490 sic
1658 1462 1704 1491 est
1720 1460 1755 1491 in

974 1512 1148 1552 proposito,
1157 1513 1232 1552 quia
1241 1513 1477 1552 praedestinatio
1490 1516 1639 1544 connotat
1653 1522 1752 1553 praes-

974 1566 1121 1596 cientiani
1138 1566 1275 1606 alieuJus
1287 1567 1387 1597 futuri
1413 1579 1419 1597 :
1447 1569 1478 1597 et
1492 1567 1563 1598 ideo
1578 1576 1642 1598 non
1658 1577 1754 1607 opor-

973 1622 1018 1650 tet
1041 1620 1138 1650 istum
1165 1620 1358 1659 terminum,
1381 1621 1488 1657 homo,
1514 1623 1661 1661 respectu
1684 1622 1754 1653 talis

974 1674 1135 1713 praetlieati
1149 1683 1328 1714 supponere
1350 1683 1406 1714 pro
1422 1674 1594 1713 praeterito.
1618 1675 1690 1705 Alia
1707 1677 1753 1706 est

973 1727 1070 1758 etiam
1084 1728 1174 1763 ratio,
1188 1737 1286 1767 quare
1296 1728 1429 1768 ampliat
1441 1728 1480 1759 ad
1490 1737 1586 1759 omne
1601 1730 1730 1769 tempus
1743 1741 1750 1761 ε

973 1781 1048 1821 quia
1066 1781 1301 1821 praedestinatio
1316 1791 1382 1812 non
1397 1782 1486 1822 ponit
1507 1791 1575 1812 rem
1601 1792 1693 1813 suam
1717 1783 1752 1815 'm

972 1835 1213 1876 praedestinato⁷
1239 1835 1293 1865 sed
1317 1835 1351 1865 in
1377 1835 1642 1875 praedestinante3
1670 1835 1752 1867 sieut

970 1889 1041 1920 laus
1062 1898 1127 1920 non
1142 1889 1175 1919 in
1190 1889 1328 1927 laudato,
1343 1889 1396 1920 sed
1408 1889 1441 1919 in
1453 1889 1603 1920 laudante
1620 1892 1671 1920 :et
1679 1890 1750 1922 ideo

971 1944 1051 1974 sicut
1066 1944 1135 1974 laus
1151 1953 1217 1974 non
1241 1946 1287 1974 est
1303 1946 1431 1975 tantum
1446 1944 1483 1974 de
1505 1944 1671 1983 praesenti,
1697 1944 1750 1975 sed

970 1997 1066 2028 etiam
1080 1997 1118 2028 de
1131 1997 1292 2037 praeterito
1307 1999 1338 2028 et
1351 1997 1479 2035 futuro;
1496 1997 1539 2028 ita
1559 2000 1589 2028 et
1610 1997 1750 2037 praedes-

970 2052 1082 2082 tinatio
1099 2051 1258 2091 praeterita
1284 2053 1384 2091 potest
1403 2060 1470 2082 esse
1492 2051 1530 2082 de
1551 2060 1589 2082 eo
1605 2052 1689 2092 quod
1703 2051 1750 2083 est

970 2105 1117 2136 futurum
1135 2117 1141 2136 :
1162 2109 1193 2136 et
1216 2106 1277 2136 ista
1298 2106 1476 2137 clarescunt
1495 2106 1612 2137 melius
1626 2115 1683 2147 per
1697 2115 1746 2147 ea,

970 2168 1044 2199 quae
1059 2160 1092 2190 in
1106 2160 1209 2200 primo
1223 2160 1305 2191 libro
1320 2160 1401 2192 dicta
1414 2162 1500 2191 sunt.
