2017 2960
543 163 638 194 DIST.
662 163 742 194 Vlll.
768 163 856 195 ART.
883 165 907 194 ll

128 241 225 272 quem
238 234 301 270 est3
318 233 349 262 et
369 231 408 261 ad
428 231 632 271 principium,
648 241 667 262 a
683 241 746 271 quo
761 233 817 262 est.
836 231 907 262 Nu-

129 296 237 317 merus
251 287 357 317 autem
379 285 542 315 relationis
557 286 735 316 secundum
757 285 906 315 differen-

127 340 204 370 tIam
219 339 382 370 formalem
394 362 401 376 ,
418 338 484 369 sive
500 339 680 378 specificam
692 363 699 376 ,
723 341 872 370 causatur
888 348 907 369 a

127 393 283 432 principio
298 402 316 422 a
331 402 394 432 quo
410 395 456 423 est
474 403 480 423 :
502 393 583 424 sicut
604 393 790 432 paternitas,
807 395 839 423 et
853 393 907 423 do-

127 446 279 481 minium,
303 448 377 476 suut
396 446 469 477 duae
487 446 654 477 relationes
669 447 700 476 in
721 446 829 486 aliquo
844 446 905 476 ho-

126 499 211 530 mine
222 524 229 537 ‚
246 509 319 540 quae
334 503 546 531 numerantur
567 509 632 531 non
647 500 769 530 ratione
787 500 856 539 ejus
872 500 905 529 in

124 561 188 592 quo
212 554 288 584 sunt
310 554 544 594 principaliter,
571 553 624 584 sed
649 552 770 583 ratione
795 554 864 592 ejus
886 562 905 582 a

123 615 187 646 quo
202 610 277 638 511111
299 618 305 638 :
320 608 396 647 quia
412 610 545 648 possunt
559 616 625 638 esse
646 607 719 637 duae
736 606 904 636 relationes

124 660 156 690 in
170 660 300 691 homine
315 663 458 700 respectu
471 661 624 700 ejusdem.
641 659 834 690 plurificatio
849 669 905 690 au-

123 716 187 744 tem
203 715 363 745 relationis
377 715 554 745 secundum
570 723 743 745 numerum
763 723 829 743 non
844 722 904 744 ve-

122 767 168 797 nit
189 768 403 808 principaliter
421 768 543 798 ratione
561 768 631 807 ejus
651 777 668 797 a
687 777 751 807 (1110
770 769 826 805 est,
844 776 903 797 nec

121 822 242 852 ratione
253 823 322 861 ejus
336 822 372 861 (a)
387 822 423 852 ad
435 831 530 861 quem
546 833 553 860 ;
572 822 625 852 5θ(1
635 822 758 852 ratione
769 822 902 861 subjecti

120 876 190 914 ejus
205 876 237 905 in
255 885 329 915 quo.
350 875 386 906 Et
408 876 562 915 quoniam
578 876 753 916 proprietas
768 876 901 915 subjecti

119 929 284 960 numerari
302 929 396 959 habet
410 929 531 959 ratione
547 929 713 969 suppositi,
729 932 760 960 et
774 930 899 970 51111100-

119 984 189 1013 111111
205 983 368 1014 filiationis
384 986 429 1014 est
444 984 511 1023 ipsa
526 993 672 1023 persona,
692 993 757 1014 11011
773 986 898 1022 natura,

119 1035 178 1066 nisi
194 1036 316 1067 ratione
331 1046 491 1076 personae;
507 1037 583 1067 hinc
602 1039 648 1067 est
667 1037 751 1077 quod
769 1046 841 1068 cum
866 1038 900 1068 in

119 1089 240 1119 Christo
263 1099 326 1120 non
351 1090 413 1120 sint
437 1090 544 1130 plures
566 1099 721 1130 personae,
746 1100 810 1122 non
831 1101 900 1131 pos-

118 1145 192 1173 sunt
206 1153 272 1173 esse
287 1143 394 1183 plures
410 1144 588 1174 filiationes.
602 1144 674 1175 Ideo
689 1145 898 1176 concedendae

118 1198 191 1226 sunt
206 1196 343 1227 rationes
358 1197 397 1228 ad
412 1197 472 1227 hoc
489 1197 639 1228 inductae.

159 1251 186 1280 1.
211 1250 259 1281 Ad
279 1250 357 1280 illud
381 1259 460 1290 ergo
481 1251 566 1290 quod
599 1251 703 1291 primo
733 1252 894 1292 objicitur,

116 1303 201 1343 quod
214 1304 378 1342 generatio
395 1306 439 1334 est
455 1313 549 1335 causa
565 1305 740 1342 filiationis,
753 1306 823 1345 Jam
839 1315 896 1346 pa-

116 1359 159 1387 tet
179 1358 351 1397 responsio,
372 1359 448 1399 quia
461 1359 571 1390 relatio
586 1369 650 1391 non
664 1360 896 1400 multiplicatur

116 1419 156 1441 ex
179 1414 268 1450 parte
293 1421 414 1450 causae,
438 1413 492 1444 sed
515 1422 555 1443 ex
578 1415 666 1454 parte
690 1414 837 1454 subjecti.
863 1414 893 1445 Si

116 1466 222 1495 autem
238 1468 416 1505 quaeratur,
433 1475 532 1506 quare
546 1466 777 1506 multiplicatur
792 1477 893 1506 gene-

114 1517 194 1548 ratio
207 1518 241 1548 iu
256 1518 390 1556 Christo,
409 1521 439 1550 et
454 1529 518 1549 non
534 1519 654 1550 filiatio.
670 1529 744 1550 cum
757 1522 893 1560 utraque

113 1571 258 1611 respiciat
280 1581 467 1612 personam;
491 1572 660 1603 dicendum
684 1573 769 1613 quod
793 1582 893 1613 gene-

113 1625 192 1655 ratio
218 1626 377 1665 significat
401 1636 457 1666 per
485 1625 616 1656 modum
636 1626 786 1664 actionis;
810 1627 891 1657 actio

112 1679 231 1717 autem,
249 1681 279 1709 et
294 1679 414 1719 passio,
433 1688 499 1710 uon
518 1679 621 1709 solum
641 1679 753 1719 recipit
775 1689 890 1710 nume-

111 1730 266 1761 rationem
277 1741 316 1762 ex
326 1734 414 1772 parte
425 1732 570 1772 subjecti,
580 1733 633 1763 sed
646 1733 741 1763 etiam
749 1742 789 1763 ex
801 1735 890 1773 parte

110 1793 283 1823 mensurae,
300 1788 331 1816 et
343 1795 383 1816 ex
401 1788 488 1826 parte
506 1786 664 1826 principii.
682 1786 721 1817 Et
734 1787 888 1827 quoniam

109 1838 194 1869 aliud
219 1841 265 1870 est
290 1840 495 1880 principium,
524 1842 555 1871 et
581 1840 643 1871 alia
667 1842 714 1871 est
738 1850 888 1872 mensura

108 1892 302 1932 temporalis,
319 1895 350 1923 et
364 1895 485 1924 aeterna
496 1917 503 1931 ,
521 1893 591 1925 ideo
608 1894 670 1925 alia
687 1896 790 1934 potest
808 1895 885 1934 dici,

107 1947 138 1975 et
153 1945 214 1976 alia
232 1947 396 1985 generatio
407 1971 414 1985 ‚
428 1948 578 1987 quamvis
593 1957 658 1979 non
672 1948 798 1979 filiatio.
815 1948 887 1979 Alia

107 1998 202 2029 etiam
219 2001 264 2030 est
278 2000 359 2031 ratio
381 2011 388 2032 :
414 2001 489 2041 quia
507 2002 565 2032 etsi
595 2002 758 2041 generatio
784 2002 886 2042 respi-

106 2051 168 2082 ciat
182 2061 363 2092 personam,
382 2056 490 2085 tamen
513 2064 570 2094 per
594 2064 791 2095 consequens
815 2064 884 2086 res-

105 2106 211 2146 picere
226 2110 327 2147 potest
341 2111 373 2139 et
386 2111 547 2141 naturam.
566 2109 654 2141 Unde
667 2109 811 2140 humana
826 2119 884 2141 na-

104 2161 177 2191 tura
190 2161 224 2191 in
239 2161 361 2193 Christo
375 2165 476 2203 potest
493 2163 553 2194 dici
567 2165 660 2202 nata3
688 2172 752 2194 non
776 2166 883 2195 tamen

104 2215 206 2253 potest
218 2215 280 2246 dici
300 2216 379 2254 filia,
396 2217 473 2257 quia
487 2217 597 2248 filiatio
611 2216 739 2258 proprie
756 2217 883 2257 respicit

104 2277 284 2308 personam.
301 2270 339 2302 Et
353 2271 432 2311 quia
453 2272 488 2302 in
503 2271 625 2303 Christo
650 2273 697 2302 est
716 2271 882 2311 pluralitas

102 2323 305 2362 naturarum,
322 2326 353 2355 et
364 2325 470 2356 unitas
485 2334 644 2365 personae3
662 2324 733 2356 ideo
748 2327 881 2365 possunt

103 2373 164 2405 dici
180 2376 288 2415 plures
302 2378 536 2417 generationes,
553 2378 702 2419 quamvis
717 2387 782 2409 non
804 2387 878 2419 pos-

103 2426 166 2459 sint
180 2429 240 2460 dici
255 2430 362 2471 plures
375 2432 543 2463 fillationes
556 2433 576 2463 ¹.

142 2483 172 2513 2.
188 2483 236 2514 Ad
251 2484 330 2516 illud
343 2486 428 2526 quod
442 2486 602 2526 objicitur,
618 2486 704 2527 quod
718 2486 878 2527 multipli-

137 2580 184 2604 ¹S.
200 2581 310 2607 Thomas
329 2585 448 2609 coneedit
461 2585 487 2609 in
512 2585 616 2609 Christo
634 2584 720 2617 plures
740 2585 877 2609 relationes

101 2615 195 2647 reales,
210 2621 360 2644 nontamen
376 2620 461 2651 plures
475 2621 630 2650 filiationes,
649 2628 673 2652 p.
692 2622 735 2651 111,
747 2628 773 2652 q.
795 2627 877 2651 xxxv,

100 2653 147 2677 art.
162 2653 184 2677 6.
196 2666 226 2671 ·—
240 2655 269 2685 (a)
286 2655 356 2680 Edit.
372 2657 427 2682 Ven.
438 2657 504 2681 deest
517 2657 580 2687 ejus.

286 2710 341 2731 um
347 2725 353 2732 .
374 2711 417 2734 lv.

914 190 920 195 .
946 165 1095 202 QUJfflT.
1121 166 1159 197 ll.

1680 180 1738 210 ¹93

962 236 1031 265 cato
1047 244 1111 265 uno
1127 235 1345 274 relativorum,
1372 237 1601 278 multiplicatur
1615 246 1645 274 ct
1660 245 1737 276 reli-

962 296 1081 326 quum;
1106 288 1275 320 dicendum
1295 290 1380 330 quod
1401 291 1478 322 illud
1494 302 1609 326 verum
1634 300 1680 328 est
1699 299 1737 330 de

962 341 1223 382 multiplicatione
1232 343 1368 382 formali,
1385 347 1416 375 et
1429 345 1467 376 de
1476 356 1513 377 eo
1524 350 1738 383 correlativoa

961 395 1739 439 quodependetcorrelativumdependentiaessen-

960 447 1024 477 tiali
1042 459 1048 478 :
1063 448 1114 478 sesi
1124 449 1150 478 si
1159 459 1263 480 unum
1270 451 1494 483 correlativum
1505 455 1736 496 multiplicatur

961 501 1221 540 multiplicatione
1239 505 1405 543 materiali,
1425 515 1491 537 non
1507 508 1603 540 habet
1618 512 1736 543 verita-

960 555 1036 591 tem,
1045 555 1125 585 sicut
1134 557 1314 596 estquando
1326 568 1413 590 unus
1422 559 1519 591 homo
1529 566 1661 601 generat
1670 565 1738 605 plu-

959 615 1009 636 res
1020 607 1111 645 filios,
1125 610 1156 639 et
1166 619 1250 640 unus
1266 612 1420 650 magister
1428 614 1518 645 docet
1527 616 1634 656 plures
1648 619 1738 650 disci-

959 659 1074 698 pulos:
1091 663 1167 692 tunc
1182 663 1269 694 enim
1292 665 1414 704 relatio,
1440 677 1513 707 quae
1537 672 1583 700 est
1606 671 1736 712 inipso,

958 722 1023 744 11011
1036 714 1191 754 dependet
1204 717 1243 747 ab
1256 727 1453 759 unoquoque
1463 731 1587 760 eorum,
1604 725 1663 755 nisi
1680 727 1737 757 de-

958 767 1127 805 pendentia
1156 771 1355 809 accidentali;
1395 776 1426 804 et
1455 775 1618 809 desinente
1647 789 1713 810 uno
1726 804 1735 819 ,

958 820 1100 852 salvatur
1115 823 1224 854 relatio
1244 825 1278 855 in
1293 826 1403 858 altero.
1422 827 1508 859 Unde
1524 832 1651 869 quando
1666 835 1738 873 quis

957 877 1100 913 generat,
1131 879 1200 916 post
1223 878 1376 918 primum,
1405 881 1508 912 filium
1534 883 1649 923 alium,
1672 895 1737 917 non

957 927 1097 958 nascitur
1118 929 1150 959 iu
1172 939 1208 961 eo
1228 940 1313 962 nova
1336 934 1518 974 paternitas,
1544 937 1598 968 sed
1622 938 1736 978 primae

956 982 1137 1020 paternitati
1152 983 1330 1016 innascitur
1350 996 1455 1018 novus
1470 993 1641 1029 respectus,
1659 994 1738 1032 quia

956 1035 1045 1072 pater
1061 1037 1107 1065 est
1120 1036 1276 1076 plurium,
1293 1048 1391 1078 quam
1407 1041 1497 1080 prius
1511 1046 1589 1074 erat.
1620 1044 1670 1076 Sic
1690 1048 1736 1077 est

954 1086 1201 1128 intelligendum
1219 1091 1251 1122 in
1276 1093 1436 1133 proposito
1457 1105 1464 1125 :
1487 1097 1574 1127 unde
1594 1098 1736 1131 Christus

954 1143 1161 1180 generatione
1178 1146 1346 1185 temporali
1368 1156 1434 1178 non
1460 1150 1596 1189 acquirit
1616 1161 1735 1184 novam

953 1194 1155 1234 filiationem;
1173 1198 1225 1228 sed
1251 1198 1363 1239 incipit
1389 1210 1456 1232 esse
1480 1202 1565 1233 filius
1591 1205 1732 1244 alterius,

952 1248 1071 1279 scilicet
1085 1250 1224 1282 hominis
1239 1252 1389 1292 virginis.

993 1304 1022 1333 3.
1036 1303 1084 1334 Ad
1102 1304 1180 1335 illud
1196 1307 1281 1346 quod
1301 1307 1462 1348 objicitur,
1480 1311 1566 1350 quod
1591 1311 1733 1344 diversa-

951 1366 1025 1387 rum
1054 1358 1302 1397 productionum
1332 1362 1449 1394 diversi
1477 1366 1554 1395 sunt
1591 1366 1730 1405 termini,

950 1410 1120 1442 dicendum
1158 1413 1244 1452 quod
1281 1423 1397 1446 verum
1432 1419 1478 1447 est
1510 1418 1638 1457 quando
1669 1419 1731 1451 illae

950 1465 1173 1503 productiones
1188 1469 1264 1497 511111
1284 1468 1469 1508 disparatae,
1494 1470 1538 1501 ita
1559 1472 1645 1511 quod
1667 1482 1732 1504 una

949 1526 1013 1548 non
1028 1520 1179 1559 supponit
1202 1521 1314 1560 aliam;
1340 1523 1384 1553 sic
1405 1526 1514 1555 autem
1540 1534 1605 1555 non
1629 1529 1675 1557 est
1697 1527 1730 1558 in

949 1573 1131 1611 proposito,
1156 1574 1232 1613 quia
1257 1575 1407 1606 nativitas
1434 1578 1618 1618 temporalis
1642 1589 1729 1619 prae-

948 1626 1100 1665 supponit
1115 1629 1270 1658 aeternam
1284 1628 1483 1660 nativitatem
1500 1641 1507 1662 :
1531 1634 1561 1662 et
1575 1632 1646 1663 ideo
1663 1642 1727 1665 non

947 1680 1070 1717 oportet
1082 1678 1199 1710 Filium
1209 1690 1276 1711 esse
1288 1681 1400 1720 alium,
1414 1685 1445 1713 et
1457 1683 1568 1722 alium,
1579 1686 1728 1725 quamvis

946 1732 1007 1762 alia
1022 1735 1052 1763 et
1067 1733 1129 1764 alia
1150 1735 1358 1773 generatione
1383 1740 1558 1775 generetur
1579 1749 1586 1770 ε
1610 1740 1727 1772 sufficit

945 1786 1043 1824 enim,
1060 1789 1096 1817 ut
1110 1787 1231 1818 dictum
1247 1789 1324 1827 fuit,
1341 1790 1379 1820 ad
1396 1791 1608 1830 pluralitatem
1625 1802 1726 1832 gene-

944 1839 1106 1870 rationum
1120 1840 1284 1880 pluralitas
1299 1845 1507 1883 naturarum3
1523 1854 1590 1877 non
1607 1847 1652 1877 sic
1666 1857 1725 1878 au-

943 1893 1007 1923 tem
1022 1893 1062 1924 ad
1075 1894 1290 1933 pluralitatem
1306 1896 1509 1930 filiationum.

982 1947 1012 1976 4.
1031 1946 1080 1978 Ad
1096 1946 1175 1978 illud
1189 1948 1275 1988 quod
1290 1949 1451 1990 objicitur,
1470 1952 1557 1992 quod
1577 1953 1662 1985 idem
1677 1957 1724 1986 est

941 2008 1009 2031 esse
1025 2002 1137 2032 natum
1150 2025 1158 2040 ,
1178 2003 1208 2032 et
1232 2011 1300 2034 esse
1314 2004 1436 2043 filium,
1452 2005 1623 2038 dicendum
1637 2009 1723 2048 quod

940 2054 998 2084 etsi
1015 2054 1053 2085 de
1067 2055 1179 2086 eodem
1194 2055 1328 2094 dicatur,
1345 2059 1454 2090 tamen
1467 2059 1578 2092 filiatio
1592 2061 1721 2103 proprie

940 2107 1016 2139 dicit
1030 2109 1231 2148 relationem,
1252 2112 1282 2141 et
1298 2111 1446 2143 nativitas
1467 2113 1536 2145 sive
1555 2115 1720 2153 generatio

939 2162 1041 2202 ipsam
1056 2163 1297 2202 productionem
1315 2175 1321 2196 :
1336 2166 1447 2197 relatio
1457 2169 1576 2206 autem,
1589 2170 1619 2199 et
1636 2169 1719 2200 actio

939 2224 979 2246 ex
992 2215 1053 2246 alia
1067 2225 1173 2256 causa,
1187 2217 1308 2248 habent
1320 2220 1497 2251 numerari.
1512 2219 1551 2251 Et
1566 2221 1637 2253 ideo
1651 2231 1718 2254 non

937 2269 1093 2309 sequitur,
1106 2271 1193 2311 quod
1200 2271 1226 2301 si
1235 2271 1434 2311 plurificetur
1442 2274 1618 2314 productio,
1631 2276 1716 2315 quod

938 2322 1137 2363 plurificetur
1149 2324 1271 2356 filiatio.

977 2377 1007 2406 5.
1032 2377 1081 2414 Ad
1100 2377 1178 2409 illud
1200 2378 1285 2418 quod
1308 2379 1459 2419 objicitur
1481 2381 1606 2420 ultimo,
1628 2383 1715 2423 quod

935 2432 982 2462 est
995 2430 1177 2471 intelligere
1201 2431 1389 2464 filiationem
1411 2435 1618 2475 temporalem
1639 2437 1714 2468 abs-

935 2485 1034 2515 tracta
1046 2484 1200 2517 filiatione
1216 2489 1352 2526 aeterna3
1366 2487 1537 2520 dicendum
1551 2490 1638 2530 quod
1652 2490 1714 2522 hoc

934 2547 1000 2568 non
1014 2540 1062 2569 est
1074 2541 1203 2579 propter
1218 2539 1433 2573 diversitatem
1443 2542 1604 2574 relationis
1619 2543 1654 2575 in
1665 2553 1710 2584 se,

934 2592 986 2623 sed
1004 2594 1132 2633 propter
1145 2593 1362 2625 diversitatem
1376 2598 1580 2636 respectuum
1601 2608 1609 2629 :
1629 2598 1712 2631 sicut

933 2646 957 2675 si
974 2646 1089 2685 aliquis
1104 2646 1142 2677 sit
1165 2649 1253 2685 pater
1275 2647 1432 2686 duorum,
1454 2652 1555 2689 potest
1576 2651 1710 2691 intelligi

1536 2707 1571 2735 13
