2017 2960
703 198 797 229 DIST.
821 198 955 231 XXVIII.
979 199 1068 234 AR'I'.
1094 201 1117 231 I.
1140 201 1289 238 QUAEST.
1314 203 1336 234 I.

535 298 602 319 DUB.
623 299 667 320 lv.

418 362 580 388 Manifestum
593 365 631 387 est
645 370 705 395 ergo
717 382 724 393 ,
741 366 788 389 etc.

256 425 369 456 Contra
388 437 393 457 :
416 427 528 467 Angeli
554 431 711 468 quantum
737 429 775 459 ad
798 429 989 469 dignitatem

216 481 351 518 naturae,
370 482 401 510 et
416 483 572 520 quantum
588 482 627 513 ad
642 483 848 513 eminentiam
867 483 990 521 gratiae,

215 534 246 562 et
270 535 427 572 quantum
456 534 494 564 ad
516 535 734 566 excellentiam
763 535 874 574 gloriae
896 545 993 575 supra

215 596 273 616 nos
295 590 369 618 sunt
387 599 393 617 :
411 597 489 627 ergo
513 589 641 619 videtur
662 589 746 628 quod
772 598 834 619 non
859 589 994 619 debeant

216 641 352 680 proximi
381 641 491 679 nostri,
515 642 568 672 sed
594 642 715 672 domini
738 642 889 682 reputari.
915 642 992 673 Item

216 694 357 725 Christus
371 694 525 726 Dominus
540 698 645 726 noster
660 698 717 732 est,
735 696 790 735 qui
806 696 881 726 suit¹
897 697 992 735 paulo

215 751 322 781 minus
353 750 391 781 ab
424 750 547 790 anyelz's
583 751 760 782 minoratus
777 775 785 789 ,
816 751 992 781 secundum

214 803 298 842 quod
318 803 433 833 dicitur
447 803 480 832 10
497 803 621 833 Psalmo
640 814 645 834 z
663 813 742 843 ergo
764 804 890 834 videtur
908 805 991 844 quod

213 855 272 895 ipsi
292 856 399 894 angeli
416 857 478 886 51111
494 856 574 886 sicut
590 856 711 887 domini
728 857 848 895 nostri,
867 866 932 888 000
954 857 992 887 51-

213 911 266 940 cut
280 910 418 949 proximi
434 910 614 950 reputandi.

255 962 345 1003 Resp.
364 964 537 995 Dicendum
552 964 637 1004 quod
652 964 801 1004 quamvis
816 964 922 1003 angeli
937 974 992 995 su-

214 1026 269 1055 pra
292 1026 350 1047 005
373 1017 445 1053 sint,
462 1018 529 1048 sive
554 1020 714 1057 quantum
739 1017 777 1047 ad
803 1017 991 1056 dignitatem

213 1072 348 1107 naturae,
366 1071 433 1101 sive
447 1072 606 1110 quantum
621 1071 659 1101 ad
676 1070 903 1101 sublimitatem
920 1080 992 1110 gra-

215 1123 282 1161 tiae;
313 1126 419 1154 tamen
440 1127 598 1164 quantum
621 1124 659 1155 ad
687 1126 793 1154 actum
818 1125 992 1155 dilectionis

214 1186 277 1207 non
294 1180 367 1207 sunt
391 1187 489 1217 supra
510 1187 568 1208 nos
584 1178 750 1217 diligendi,
767 1188 825 1217 pro
849 1187 885 1207 eo
907 1179 992 1217 quod

213 1230 349 1261 charitas
377 1234 485 1262 nostra
509 1231 725 1270 principaliter
752 1231 878 1270 respicit
903 1240 993 1261 sum-

212 1292 301 1314 mum
319 1284 457 1322 bonum,
475 1285 507 1314 in
529 1285 615 1324 quod
642 1284 714 1314 facit
738 1284 876 1321 tendere,
901 1286 931 1314 et
952 1284 992 1315 ad

212 1339 296 1378 quod
313 1339 462 1377 inclinat;
481 1342 511 1369 et
525 1339 585 1369 hoc
601 1339 694 1369 modo
717 1339 845 1378 respicit
865 1339 990 1378 5011300-

213 1394 293 1431 tum,
310 1393 349 1423 ad
367 1393 452 1432 qnod
466 1393 626 1423 informat.
645 1392 789 1423 Secundo
812 1392 906 1422 modo
921 1401 990 1422 res-

213 1448 287 1487 picit
302 1448 428 1487 aliquod
453 1449 631 1487 subjectum
651 1447 815 1478 consimile
836 1448 923 1487 quod
948 1448 991 1477 li-

211 1503 267 1540 gat
283 1511 290 1531 ε
308 1502 393 1532 unde
408 1504 706 1542 quantumcumque
727 1504 873 1532 creatura
898 1501 937 1531 sit
958 1502 991 1532 in

211 1555 314 1594 seipsa
343 1555 516 1592 excellens,
545 1557 651 1585 tamen
681 1555 858 1585 secundum
881 1555 985 1594 legem

212 1608 372 1638 charitatis
384 1609 396 1648 j
403 1610 478 1639 uxta
493 1618 551 1638 005
566 1610 628 1646 est,
646 1610 677 1638 et
692 1608 760 1639 ideo
779 1608 839 1638 sub
858 1607 989 1638 nomine

211 1662 350 1701 proximi
365 1662 457 1692 dehet
471 1661 635 1692 contineri.
655 1661 703 1692 Ad
714 1661 793 1692 illud
808 1671 886 1701 ergo
903 1662 988 1701 quod

211 1715 381 1754 objicitur,
398 1715 483 1755 quod
505 1724 602 1754 supra
617 1724 675 1745 nos
695 1717 770 1745 sunt
785 1716 844 1746 sub
868 1715 990 1746 ratione

211 1771 337 1799 naturae
352 1770 382 1799 et
396 1769 520 1808 gloriae,
532 1769 602 1808 jam
619 1770 703 1808 patet
718 1769 883 1808 responsio
896 1779 902 1799 ε
915 1769 990 1808 quia

210 1822 359 1862 quamvis
375 1822 438 1852 sint
451 1831 547 1862 supra
564 1831 622 1852 nos
643 1822 820 1852 secuudum
845 1822 988 1852 ordinem

213 1876 370 1914 universi,
387 1885 452 1906 non
473 1878 580 1906 tamen
597 1878 671 1906 sunt
686 1885 784 1915 supra
799 1884 858 1906 nos
873 1885 989 1906 secun-

209 1929 286 1960 dum
295 1929 437 1960 ordinem
449 1938 505 1960 seu
521 1929 560 1969 (a)
571 1929 692 1960 ratione
703 1929 874 1959 charitatis.
886 1929 990 1960 Potest

209 1982 306 2013 etiam
322 1982 412 2013 aliter
429 1982 501 2020 diei,
523 1983 608 2022 quod
633 1982 781 2022 quamvis
804 1982 865 2012 5101
891 1991 987 2021 supra

208 2044 266 2065 nos
295 2036 418 2066 ratione
441 2035 669 2075 simplicitatis,
698 2035 927 2075 spiritualitatis
957 2037 986 2065 et

207 2088 526 2128 incorruptibilitatis,
544 2091 616 2119 sunt
633 2091 741 2119 tamen
753 2089 847 2127 juxta
861 2097 920 2118 nos
935 2097 988 2118 ra-

207 2142 293 2174 tione
309 2143 470 2182 imaginis,
488 2143 666 2173 secundum
682 2151 780 2182 quam
802 2151 860 2171 nos
882 2144 912 2172 et
929 2142 987 2182 ipsi

207 2196 364 2226 habemus
387 2195 570 2226 immediate
594 2196 626 2225 10
652 2195 750 2226 Deum
775 2195 915 2226 ordinari
935 2198 988 2226 :et

207 2249 329 2279 ratione
345 2248 444 2288 hujus
460 2252 593 2288 possunt
608 2249 708 2280 nostri
725 2249 864 2288 proximi
877 2249 987 2288 appel-

206 2303 277 2333 lari.
304 2302 342 2333 Et
366 2311 422 2341 per
447 2302 508 2332 1100
534 2304 619 2341 patet
648 2303 812 2342 responsio
843 2302 882 2333 ad
907 2302 986 2333 illud

207 2356 292 2396 quod
307 2355 457 2395 objicitur
471 2355 509 2385 de
526 2355 659 2393 Christo,
678 2356 763 2395 quod
776 2355 855 2386 illud
872 2355 987 2386 dleitur

206 2409 329 2439 ratione
345 2408 558 2448 passibilitatis
576 2408 611 2448 (b)
629 2411 810 2448 assumptae.

528 2504 596 2526 DUB.
619 2504 651 2526 V.

286 2560 413 2585 Christum
427 2567 489 2585 vero
500 2578 507 2591 ,
521 2560 547 2584 in
559 2562 683 2592 quantum
697 2560 775 2585 110010
791 2563 842 2592 051,
859 2563 907 2586 010.

249 2627 365 2658 Contra
384 2635 391 2657 ε
418 2625 560 2658 Christus
580 2628 626 2658 est
649 2629 744 2668 caput
767 2629 913 2659 nostrum
935 2636 986 2658 50-

243 2691 249 2707 ¹
268 2690 334 2714 Psal.
352 2696 408 2720 vni,
421 2691 447 2720 63
463 2689 547 2720 Helm,
564 2695 592 2719 11,
610 2691 694 2713 9.—¹
709 2690 766 2714 dist.
783 2696 797 2713 x
824 2693 869 2713 art.
887 2693 908 2719 Γ1,
925 2697 949 2721 q.
970 2697 986 2714 1.

1766 209 1824 239 629

1049 269 1190 299 cundum
1207 270 1460 302 conformitatem
1480 273 1604 303 naturae
1625 276 1798 314 assumptae
1816 285 1822 304 :

1049 322 1101 352 sed
1118 325 1211 362 caput
1227 324 1330 363 magis
1345 327 1392 354 est
1411 325 1610 364 diligendum
1626 335 1723 365 quam
1741 327 1826 358 aliud

1050 376 1232 407 membrum
1263 387 1269 407 :
1300 387 1378 411 eraso
1405 378 1476 418 plus
1511 379 1664 410 dehemus
1695 380 1827 419 diligere

1050 429 1211 460 Christum
1245 431 1420 461 secundum
1457 432 1542 471 quod
1570 432 1688 471 homo,
1730 443 1828 473 quam

1050 492 1120 513 nos.

1089 536 1164 567 ltem
1180 538 1305 567 tantum
1321 538 1474 569 dehemus
1488 539 1620 577 diligere
1637 539 1829 580 Redempto-

1050 598 1129 627 rem,
1157 592 1313 628 quantum
1338 593 1368 620 et
1391 591 1573 622 Creatorem
1598 603 1604 622 :
1625 592 1679 623 sed
1703 592 1830 625 Creator

1049 645 1096 673 est
1110 643 1292 680 diligendus
1308 644 1379 683 plns
1403 653 1501 683 quam
1517 654 1575 675 nos
1591 654 1597 675 :
1615 655 1692 685 ergo
1717 649 1747 677 et
1769 647 1831 678 Re-

1049 696 1194 735 demptor
1217 706 1223 725 z
1245 697 1298 727 sed
1320 697 1473 735 Christus,
1493 698 1526 728 in
1548 702 1705 738 quantum
1721 700 1828 740 homo,

1049 752 1096 780 est
1121 750 1312 790 Redemptor
1337 762 1343 781 :
1368 760 1446 790 ergo
1469 751 1641 789 Christum,
1668 752 1700 783 in
1727 763 1829 793 quan-

1051 805 1120 834 tum
1136 805 1182 834 est
1199 804 1311 842 homo,
1329 805 1481 835 debemus
1495 805 1630 844 diligere
1645 806 1717 846 plus
1732 817 1831 847 quam

1050 865 1119 887 005.

1092 909 1184 949 Resp.
1227 910 1401 941 Dicendum
1438 912 1523 951 quod
1558 922 1633 943 cum
1670 913 1784 944 dicitur
1823 925 1829 944 z

1054 975 1067 991 «
1083 963 1225 994 Christus
1246 965 1279 994 10
1301 966 1459 1004 quantum
1473 965 1570 996 homo
1587 966 1769 1005 diligendus
1785 970 1831 998 est

1050 1017 1122 1055 plus
1148 1027 1246 1056 quam
1275 1027 1353 1055 nos,
1383 1030 1396 1045 n
1428 1018 1497 1049 haee
1525 1019 1765 1059 determinatio,
1795 1022 1831 1053 in

1049 1074 1219 1110 quantum,
1237 1073 1339 1110 potest
1354 1071 1526 1111 importare
1546 1073 1703 1104 unitatem
1723 1083 1832 1114 perso-

1049 1133 1111 1162 1100,
1143 1125 1191 1155 vel
1218 1125 1431 1155 conditionem
1463 1128 1607 1163 naturae,
1634 1128 1730 1166 juxta
1754 1128 1832 1160 illud

1049 1178 1134 1217 quod
1159 1178 1280 1208 dictum
1304 1178 1363 1208 fuit
1392 1183 1510 1218 supra²
1537 1191 1543 1210 1
1575 1182 1605 1210 et
1628 1181 1654 1211 si
1678 1181 1831 1220 importat

1048 1231 1204 1260 unitatem
1221 1240 1367 1269 persona}
1383 1255 1390 1269 ‚
1408 1232 1451 1261 sic
1468 1232 1653 1271 diligendus
1675 1236 1720 1264 est
1736 1243 1832 1274 supra

1048 1293 1116 1321 005,
1133 1284 1208 1322 quia
1223 1284 1267 1314 510
1289 1294 1387 1323 supra
1411 1294 1470 1315 nos
1491 1288 1537 1316 est
1558 1288 1666 1316 noster
1688 1287 1829 1326 Creator,

1049 1337 1239 1376 Redemptor
1267 1340 1297 1368 et
1325 1337 1482 1369 Salvator.
1517 1338 1551 1369 Si
1578 1349 1655 1371 vero
1681 1341 1832 1380 importet

1047 1391 1264 1421 conditionem
1280 1393 1406 1421 naturae
1421 1394 1604 1431 assumptae,
1628 1393 1671 1423 510
1690 1394 1830 1433 diligen-

1048 1443 1108 1473 dus
1125 1446 1169 1473 est
1181 1445 1276 1483 Juxta
1301 1453 1358 1474 nos
1371 1468 1379 1481 ,
1402 1447 1433 1474 et
1448 1445 1491 1475 sic
1507 1448 1552 1475 051
1569 1446 1737 1485 proximus
1755 1457 1829 1478 nos-

1048 1500 1105 1527 ter.
1125 1497 1213 1528 Unde
1234 1497 1259 1526 si
1283 1497 1521 1528 consideremus
1543 1499 1703 1530 Christum
1724 1501 1830 1532 solum

1047 1551 1168 1581 ratione
1193 1550 1420 1588 humanitatis,
1446 1551 1505 1582 hoc
1530 1556 1576 1583 est
1599 1563 1680 1593 pure
1709 1554 1829 1586 ratione

1047 1606 1171 1634 naturae
1189 1606 1314 1641 meatae,
1334 1613 1398 1634 non
1418 1604 1551 1636 debetur
1567 1606 1593 1635 ei
1612 1607 1829 1647 principalitas

1047 1657 1231 1693 dilectionis,
1257 1657 1338 1687 sicut
1363 1666 1419 1688 nec
1443 1658 1584 1689 adoratio
1611 1659 1711 1691 latriae
1739 1672 1745 1692 ε
1770 1670 1829 1692 000

1046 1711 1106 1741 1100
1127 1711 1220 1741 010ᾱο
1236 1710 1353 1740 dicitur
1368 1710 1550 1752 redemptor
1565 1715 1672 1743 noster
1683 1737 1690 1750 ‚
1708 1714 1758 1745 vel
1775 1724 1826 1746 ca-

1046 1767 1123 1805 put,
1149 1765 1224 1805 quia
1246 1767 1312 1795 tam
1340 1765 1568 1805 redemptoris,
1596 1776 1694 1806 quam
1719 1769 1828 1809 capitis

1046 1828 1165 1850 nomen
1181 1819 1306 1858 respicit
1322 1828 1491 1858 personam
1507 1821 1686 1851 secundum
1703 1824 1827 1853 utram-

1045 1883 1109 1913 que
1124 1876 1284 1904 naturam.
1302 1873 1338 1903 Et
1353 1882 1409 1913 per
1423 1873 1484 1904 hoc
1502 1876 1587 1913 patet
1609 1876 1773 1915 responsio
1787 1876 1826 1907 ad

1045 1927 1180 1966 objecta.

1285 1997 1533 2031 ARTICULUS
1560 1998 1584 2031 Ι.

1085 2092 1132 2123 Ad
1147 2091 1391 2131 intelligentiam
1408 2092 1507 2132 hujus
1524 2094 1621 2134 partis
1641 2094 1751 2126 incidit
1773 2096 1825 2128 hic

1044 2146 1163 2186 quaetio
1177 2146 1259 2176 circa
1274 2155 1347 2177 sex:
1362 2146 1466 2186 primo
1484 2148 1641 2187 quaeritur
1658 2150 1767 2179 utrum
1783 2158 1824 2181 ex

1044 2200 1196 2230 charitate
1212 2199 1382 2238 diligendae
1398 2200 1461 2230 sint
1481 2203 1637 2232 ereaturae
1654 2202 1823 2234 lrrationa-

1044 2253 1102 2290 les3
1125 2254 1265 2283 secundo
1290 2253 1448 2292 quaeritur
1471 2256 1582 2284 utrum
1607 2264 1646 2284 ex
1671 2254 1823 2287 charitate

1043 2306 1196 2345 diligendi
1223 2306 1286 2336 sint
1312 2306 1495 2344 daemones;
1523 2307 1614 2337 tertio
1642 2308 1819 2347 quaeritur,

1043 2362 1154 2391 utrum
1171 2369 1211 2390 ex
1226 2359 1377 2390 charitate
1400 2360 1554 2399 diligendi
1578 2360 1641 2391 sint
1660 2361 1735 2391 mali
1759 2361 1820 2393 ho-

1044 2414 1164 2452 mines3
1183 2414 1296 2453 quarto
1311 2413 1467 2453 quaeritur
1481 2416 1591 2445 utrum
1607 2423 1648 2444 ex
1669 2414 1821 2447 charitate

1043 2467 1105 2497 sint
1119 2466 1283 2506 diligenda
1295 2475 1427 2506 corpora
1438 2468 1561 2505 nostra;
1577 2467 1699 2506 quinto,
1709 2470 1820 2499 utrum

1043 2530 1083 2551 ex
1105 2520 1255 2551 charitate
1279 2520 1441 2559 diligenda
1466 2520 1528 2550 sint
1552 2521 1633 2551 dona
1656 2522 1816 2560 gratuita;

1042 2576 1131 2605 sexto
1150 2575 1181 2604 et
1204 2573 1316 2604 ultimo
1339 2573 1497 2612 quaeritur
1519 2573 1558 2604 de
1583 2574 1818 2614 diligendorum

1042 2636 1178 2659 numero
1192 2629 1223 2658 et
1236 2626 1435 2657 sufficientia.

1083 2693 1106 2718 ιι)
1124 2690 1164 2715 ΑΙ.
1181 2690 1235 2713 suh.
1250 2703 1273 2706 a
1292 2689 1325 2714 ³¹¹2>
1337 2688 1553 2718 impossibilitatis.
