2017 2960
66 450 169 472 fundam.

84 2335 117 2356 Ad
126 2341 176 2362 opp.

679 140 776 172 DIST.
800 139 877 170 XIX.
903 139 993 170 ART.
1019 140 1055 170 11.
1081 139 1229 177 QUAEST.
1255 140 1292 170 11.

453 227 632 265 QUAESTIO
655 227 693 258 ll.

221 313 267 340 An
293 311 412 339 Christus
433 312 470 338 sit
495 311 629 338 mediator
649 309 789 338 secundam
811 308 925 335 alteram

496 358 624 382 naturam
638 359 655 381 ¹.

226 434 409 466 Secundum
433 445 530 476 quam
560 437 709 466 naturam
747 434 786 464 sit
821 432 962 463 Christus

186 487 358 526 mediator;
385 490 416 519 et
445 489 531 529 quod
562 488 739 519 secundum
772 487 960 523 humanam,

186 542 362 572 ostenditur
377 542 564 573 auctoritate
578 540 754 580 Augustini
772 540 805 570 111
830 539 912 570 libro
926 538 962 570 cle

189 594 326 627 civitate
347 596 406 627 Dei
420 595 431 611 ’
446 606 457 626 .·
477 607 491 624 α
517 595 722 626 Mediatorem
747 593 829 623 inter
853 601 911 623 nos
934 594 965 622 et

188 647 299 686 Deum,
312 651 343 680 et
360 649 586 680 mortalitatem
601 648 742 688 oportuit
754 647 871 677 hahere
883 649 965 676 tran-

187 706 333 734 seuntem
346 728 354 742 ‚
375 706 406 735 et
428 703 658 734 beatitudinem
681 702 960 742 permanentem.»

188 758 248 790 Sed
269 761 446 799 utrumque
463 759 581 789 horum
604 758 754 798 competit
776 756 899 787 Christo
921 765 966 787 se-

188 812 329 843 cundum
344 813 522 843 humanam
540 814 690 843 naturam
706 821 715 840 :
731 820 821 850 ergo,
838 813 897 841 etc.

230 866 308 897 Item
339 867 400 898 hoc
432 868 538 907 ipsum
573 867 750 898 ostenditur
781 865 967 897 auctoritate

189 920 334 960 Magistri
349 921 383 951 in
405 922 512 952 littera
533 932 539 952 t
569 933 583 950 «
605 921 758 952 Mediator
784 920 898 951 dicitur
918 928 965 950 se-

190 974 333 1006 cundum
347 975 593 1012 humanitatem,
609 983 674 1005 non
689 973 867 1005 secundum
886 972 969 1004 divi·

192 1027 337 1059 nitatem.
354 1038 369 1056 n

233 1080 312 1111 Item
334 1081 475 1112 medium
495 1081 587 1112 dehet
607 1091 672 1112 esse
694 1082 777 1112 inter
801 1083 944 1112 extrema
961 1091 967 1111 z

192 1143 270 1174 ergo
288 1134 443 1165 mediator
467 1134 520 1165 Dei
547 1137 578 1165 et
602 1135 772 1165 hominum
793 1135 884 1165 debet
904 1143 970 1164 esse

192 1188 274 1218 infra
286 1188 387 1219 Deum
402 1191 432 1218 et
445 1197 543 1228 supra
557 1188 704 1218 homines
724 1199 730 1218 z
748 1188 802 1218 sed
828 1187 971 1218 Christus

193 1241 370 1272 secundum
386 1241 528 1272 divinam
541 1243 692 1272 naturam
708 1243 828 1272 nonest
841 1241 972 1272 interlor

195 1294 258 1326 Deo
273 1306 279 1325 :
299 1304 377 1334 ergo
392 1295 571 1326 secundum
586 1295 729 1326 divinam
742 1296 891 1326 naturam
906 1304 972 1325 non

195 1351 296 1388 potest
310 1358 378 1379 esse
392 1348 560 1379 mediator.
581 1348 634 1379 Est
646 1358 724 1388 ergo
739 1349 842 1380 solum
852 1349 972 1380 media-

195 1404 244 1432 tor
259 1401 436 1432 secundum
450 1404 599 1433 naturam
615 1405 823 1442 assumptam.

236 1455 314 1486 Item
343 1455 486 1486 medium
509 1455 600 1487 debet
624 1456 740 1486 hahere
761 1456 973 1486 differentiam

196 1509 236 1539 ab
249 1510 400 1540 extremis
418 1520 424 1540 :
442 1509 495 1540 sed
509 1509 651 1541 Christus
665 1510 842 1541 secundum
857 1509 974 1541 divini-

197 1564 294 1594 tatem
312 1565 358 1594 est
380 1563 512 1594 omnino
536 1573 640 1594 unum
664 1573 737 1594 cum
757 1563 849 1594 Patre
870 1574 876 1593 :
895 1572 974 1603 ergo

197 1625 262 1647 non
288 1616 426 1655 videtur,
458 1617 542 1657 quod
570 1617 747 1648 secundum
777 1617 973 1648 divinitatem

197 1670 313 1701 habeat
327 1671 484 1701 rationem
495 1670 689 1701 mediatoris.

237 1724 315 1755 Item
335 1734 400 1755 una
422 1727 468 1756 est
487 1725 608 1756 offensa
631 1726 728 1756 totius
742 1724 915 1763 Trinitatis,
933 1725 974 1755 si-

197 1780 251 1809 cut
275 1780 322 1809 est
337 1788 403 1809 una
421 1780 570 1819 maiestas
591 1790 597 1809 :
620 1779 673 1810 sed
689 1779 717 1810 ei
739 1779 774 1809 fit
791 1778 973 1816 satisfactio,

197 1831 249 1862 cui
263 1831 344 1862 facta
357 1834 404 1863 est
418 1832 540 1863 offensa
556 1844 561 1863 :
586 1842 665 1872 ergo
687 1841 814 1863 necesse
830 1834 875 1863 est
889 1831 974 1872 quod

198 1884 368 1915 satisfactio
394 1885 450 1914 fiat
464 1884 520 1915 toti
547 1884 693 1915 Trinitati
711 1893 719 1915 ε
735 1887 764 1915 et
787 1885 813 1914 si
828 1884 889 1915 hoc
901 1908 908 1921 ,
933 1884 977 1914 ita

199 1937 234 1967 fit
248 1937 416 1968 satisfactio
432 1936 523 1975 Filio,
539 1937 620 1967 sicut
650 1936 732 1968 Patri
761 1948 767 1967 z
785 1937 839 1968 sed
856 1939 978 1969 constat

199 1990 285 2030 quod
297 1990 438 2028 alterius,
455 1992 486 2021 et
500 1990 629 2021 alterius
639 1993 764 2021 naturae
780 1993 827 2022 est
841 1991 978 2022 satisfac-

200 2044 322 2075 tionem
337 2044 462 2082 offerre⁷
480 2046 510 2075 et
526 2044 769 2075 satisfactionem
789 2045 951 2085 suscipere
970 2056 976 2075 :

200 2106 279 2137 ergo
299 2097 324 2128 si
348 2096 490 2128 Christus
512 2098 660 2129 satisfacit
687 2098 864 2129 secundum
890 2098 978 2138 quod

201 2151 310 2190 homo,
328 2153 359 2182 et
371 2161 408 2182 eo
425 2151 495 2192 ipso
510 2154 556 2182 est
570 2151 724 2183 mediator
739 2161 803 2192 quo
818 2151 978 2189 satisfacit,

203 2204 329 2237 videtur
343 2204 428 2245 quod
443 2205 483 2235 sit
509 2205 664 2236 mediator
683 2206 789 2238 solum
803 2205 981 2237 secundum

202 2259 381 2290 humanam
396 2260 557 2290 naturam.

244 2311 305 2343 Sed
324 2314 434 2343 contra
459 2313 519 2343 hoc
544 2324 550 2343 ε
577 2315 604 2344 ί.
631 2313 686 2344 Est
712 2314 886 2345 auctoritas
910 2314 982 2353 illa,

206 2375 303 2405 quam
314 2366 467 2406 Magister
481 2367 609 2398 adducit
625 2367 658 2398 in
672 2367 775 2398 littera
793 2379 799 2398 :
814 2379 828 2396 <‹
844 2367 876 2399 Si
892 2367 985 2399 Chri-

207 2419 274 2448 stus
301 2419 480 2450 secundum
504 2428 571 2458 vos,
589 2428 608 2450 o
621 2419 778 2458 haeretiei,
795 2429 896 2450 unam
912 2422 985 2450 tan-

208 2472 279 2501 tum
290 2471 386 2503 hahet
399 2475 560 2512 naturam,
576 2473 663 2505 unde
679 2473 805 2505 medius
829 2474 899 2513 erit,
916 2474 985 2504 nisi

247 2571 308 2601 ¹Cf.
323 2570 393 2595 Alex.
407 2571 519 2603 Mensis,
533 2574 612 2603 p.111,
625 2581 649 2604 q.
662 2579 737 2604 xvm,
750 2574 846 2598 memb.
858 2576 871 2598 6
881 2593 888 2604 ⁷
905 2576 953 2598 art.
964 2576 988 2604 2,

214 2607 228 2637 ξ
243 2612 281 2636 111;
296 2607 322 2631 S.
334 2606 435 2637 'fh0m.‚
446 2614 471 2638 p.
482 2608 524 2637 111,
535 2615 559 2639 q.
569 2615 643 2639 xxvi,
654 2611 701 2633 art.
713 2611 740 2639 25
756 2612 781 2633 et
793 2610 823 2633 ΙΙΙ
836 2610 915 2639 Seni„
928 2610 988 2634 dist.

217 2648 270 2671 xix,
281 2650 306 2673 q.
318 2649 338 2672 1,
349 2644 395 2666 art.
409 2644 437 2672 4;
450 2643 513 2667 etde
525 2643 613 2675 Vei-it„
625 2651 650 2676 q.
665 2651 739 2675 xxix,
755 2646 802 2669 art.
813 2647 841 2675 5}
858 2645 987 2675 Richard„

335 2696 410 2718 Tou.
433 2695 478 2718 IV.

1731 144 1747 172 '⁴
1757 147 1787 174 Π

1016 207 1056 237 ita
1071 208 1111 238 sit
1125 207 1260 244 medius,
1279 209 1314 238 ut
1338 207 1420 238 Deus
1435 207 1475 238 sit
1488 210 1617 248 propter
1642 213 1790 242 naturam

1015 261 1202 299 divinitatis,
1219 263 1250 292 et
1259 261 1356 292 homo
1372 263 1500 301 propter
1510 264 1660 293 naturam
1674 263 1792 295 huma-

1017 314 1143 344 nitatis?
1167 326 1181 343 »
1202 314 1288 354 Ergo
1316 324 1383 345 esse
1412 315 1619 346 mediatorem
1645 318 1794 357 competit

1018 367 1141 398 Christo
1156 368 1335 399 secundum
1350 371 1520 410 utramque
1535 372 1696 401 naturam.

1058 423 1086 451 2.
1106 420 1185 451 Item
1198 421 1340 452 Christus
1354 424 1400 453 est
1410 423 1564 454 mediator
1579 433 1645 454 non
1657 433 1713 464 per
1726 424 1794 464 pri-

1019 474 1191 512 vationem,
1208 475 1262 505 sed
1280 485 1336 515 per
1351 476 1539 515 positionem
1556 488 1561 507 :
1582 477 1634 508 sed
1651 477 1794 509 medium

1019 535 1075 566 per
1090 527 1282 567 positionem
1293 530 1338 559 est
1351 529 1492 560 medium
1514 540 1569 570 per
1580 531 1796 571 participatio-

1022 590 1096 611 nem
1111 581 1278 621 utriusque
1294 583 1429 613 extremi
1458 594 1463 613 z
1480 593 1559 623 ergo
1574 584 1717 616 Christus
1732 595 1797 616 non

1020 635 1123 674 potuIt
1138 644 1205 666 esse
1230 635 1385 666 mediator
1406 635 1459 667 Dei
1476 639 1507 667 et
1522 638 1643 675 nostri,
1664 638 1726 668 nisi
1741 648 1797 678 per

1020 688 1081 718 hoc
1094 689 1179 728 quod
1191 691 1237 719 est
1262 689 1344 720 Deus
1357 692 1387 720 et
1401 689 1498 721 homo
1516 701 1522 721 :
1541 700 1619 730 ergo
1645 692 1798 722 mediator

1021 742 1198 773 secundum
1211 745 1381 783 utramque
1396 747 1555 775 naturam.

1064 798 1092 826 3.
1111 795 1200 833 Item,
1217 806 1386 836 nunquam
1401 798 1545 828 medium
1566 798 1678 838 jungit
1691 800 1799 829 extre'-

1024 859 1087 887 ma,
1105 850 1165 880 nisi
1182 859 1238 890 per
1250 851 1311 881 hoc
1325 851 1411 891 quod
1425 851 1520 883 habet
1534 852 1797 883 communicatio-

1024 912 1098 934 nem
1110 913 1185 934 cum
1200 907 1352 944 utroque:
1370 915 1447 945 ergo
1463 905 1604 936 Christus
1630 915 1799 946 nunquam

1024 966 1082 987 nos
1096 958 1314 990 reconciliaret
1328 959 1402 998 Deo7
1424 960 1484 990 nisi
1495 962 1576 990 esset
1594 960 1677 991 Deus
1691 962 1721 991 et
1740 960 1800 991 ho-

1026 1020 1078 1042 mo
1097 1023 1103 1042 ;
1121 1011 1201 1042 redit
1215 1021 1293 1051 ergo
1308 1012 1392 1043 idem
1408 1013 1493 1053 quod
1505 1013 1604 1053 prius.

1067 1067 1095 1095 4.
1114 1064 1192 1096 item
1216 1066 1296 1096 nihil
1310 1068 1394 1097 tenet
1409 1067 1566 1097 rationem
1584 1067 1679 1098 medii
1693 1076 1804 1098 secun-

1026 1118 1105 1148 dum
1130 1119 1219 1157 iliud,
1235 1120 1412 1150 secundum
1428 1120 1515 1160 quod
1537 1123 1620 1151 tenet
1647 1120 1804 1151 rationem

1027 1174 1162 1205 extremi
1179 1184 1186 1205 :
1201 1175 1255 1205 sed
1271 1175 1414 1206 Christus
1430 1178 1513 1206 tenet
1528 1176 1684 1206 rationem
1699 1178 1804 1206 extre-

1028 1227 1071 1257 mi
1087 1228 1265 1259 secundum
1279 1228 1457 1259 humanam
1475 1231 1635 1266 naturam,
1647 1228 1724 1269 quia
1740 1229 1802 1259 hu-

1029 1290 1124 1312 mana
1151 1274 1269 1313 natura
1303 1283 1504 1314 reconciliata
1533 1285 1578 1314 est
1602 1283 1665 1314 Deo
1693 1292 1700 1313 ε
1728 1291 1806 1322 ergo

1029 1344 1093 1366 non
1108 1337 1155 1366 est
1167 1336 1322 1367 mediator
1337 1336 1468 1376 praecise
1479 1336 1658 1367 secundum
1672 1336 1772 1366 iilam.

1070 1391 1098 1419 5.
1125 1389 1215 1427 Item,
1241 1390 1266 1419 si
1292 1389 1434 1421 Christus
1449 1392 1495 1421 est
1518 1390 1672 1421 mediator
1695 1399 1809 1421 secun-

1029 1444 1107 1475 dum
1134 1445 1314 1476 humanam
1339 1449 1499 1484 naturam,
1527 1446 1587 1477 hoc
1611 1456 1677 1477 non
1706 1448 1809 1486 potest

1030 1507 1096 1528 esse
1109 1498 1169 1528 nisi
1187 1499 1220 1529 in
1235 1499 1373 1539 quadam
1390 1499 1581 1539 proprietate
1596 1499 1810 1530 communicet

1030 1554 1209 1592 nobiscum⁷
1227 1555 1259 1584 in
1272 1555 1411 1595 quadam
1438 1565 1512 1586 cum
1526 1555 1589 1586 Deo
1608 1566 1613 1586 :
1632 1555 1685 1586 sed
1700 1554 1807 1594 angeli

1031 1607 1117 1644 honi,
1147 1610 1178 1638 et
1193 1608 1299 1648 angeli
1325 1609 1411 1648 mali,
1436 1610 1468 1639 in
1484 1609 1590 1649 aliqua
1613 1608 1808 1648 proprietate

1031 1662 1199 1693 nobiscum
1215 1663 1421 1700 conveniunt,
1447 1663 1481 1693 in
1507 1663 1613 1702 aliqua
1629 1671 1704 1693 cum
1719 1662 1782 1693 Deo
1801 1673 1806 1691 :

1031 1724 1110 1755 ergo
1137 1719 1269 1756 possunt
1291 1717 1353 1747 dici
1383 1716 1571 1747 mediatores
1602 1716 1685 1746 inter
1700 1725 1758 1746 nos
1782 1718 1812 1745 ct

1032 1768 1133 1800 Deum
1152 1770 1194 1800 :si
1207 1779 1285 1809 ergo
1300 1770 1489 1801 mediatores
1500 1779 1565 1800 non
1581 1770 1744 1806 dicuntur,
1763 1769 1810 1798 vi-

1033 1823 1126 1855 detur
1141 1824 1227 1863 quod
1256 1824 1404 1855 mediatio
1418 1833 1484 1854 non
1499 1823 1668 1854 conveniat
1685 1822 1727 1853 Ch
1735 1823 1812 1852 risio

1033 1877 1211 1908 secundum
1226 1877 1483 1908 convenientiam
1499 1876 1742 1917 proprietatum,
1760 1886 1782 1905 s‹
1795 1877 1812 1905 d

1034 1932 1210 1963 secundum
1224 1932 1501 1972 participationem
1523 1931 1663 1961 duarum
1680 1932 1815 1961 natura-

1035 1994 1107 2016 rum
1123 1995 1130 2016 z
1147 1994 1225 2025 ergo
1240 1986 1283 2016 ita
1297 1985 1448 2016 convenit
1463 1984 1585 2015 Christo
1613 1993 1680 2015 esse
1695 1984 1817 2015 media-

1036 2042 1139 2070 torem
1153 2039 1329 2070 secundum
1344 2038 1488 2070 divinam
1501 2040 1663 2076 naturam,
1681 2037 1761 2070 sicut
1773 2048 1817 2067 si·-

1037 2092 1180 2123 cundum
1194 2092 1371 2123 humanam
1387 2094 1548 2123 naturam.

1314 2190 1539 2223 CONCLUSIO.

1040 2257 1159 2284 Christus
1175 2258 1213 2283 est
1228 2258 1316 2282 noster
1331 2256 1463 2283 mediator
1478 2255 1567 2290 quoad
1581 2258 1710 2282 naturam
1725 2255 1819 2281 hama-

1077 2309 1154 2334 nam,
1171 2309 1225 2328 non
1246 2301 1335 2335 quoad
1348 2301 1481 2332 divinam,
1500 2302 1565 2335 quia
1585 2301 1756 2327 humanitate
1775 2308 1821 2326 nus

1077 2347 1275 2374 reconciliavit.
1479 2339 1485 2341 ’

1083 2418 1176 2458 Resp.
1193 2417 1233 2448 ad
1248 2426 1318 2457 arg.
1336 2417 1383 2447 Ad
1398 2416 1624 2457 praedictorum
1638 2415 1822 2455 intelligen-

1043 2472 1122 2503 tiam
1137 2474 1184 2502 est
1196 2471 1386 2510 notandum,
1403 2471 1489 2511 quod
1506 2470 1610 2501 differt
1625 2470 1728 2501 dicere
1757 2479 1824 2502 esse

1048 2574 1079 2598 ΙΙΙ
1092 2574 1171 2604 Seni„
1185 2573 1242 2596 dist.
1260 2578 1313 2600 xix.
1330 2574 1376 2595 art.
1394 2574 1416 2600 2,
1433 2579 1456 2601 qv
1471 2577 1500 2595 111
1518 2573 1543 2594 et
1558 2577 1600 2600 1v;
1615 2571 1702 2602 steph.
1721 2571 1823 2600 Bmlef„

1048 2609 1077 2633 ΙΙΙ
1091 2609 1303 2640 sent‚dist.x1x‚
1314 2614 1339 2638 q.
1350 2613 1389 2637 x*1;
1402 2606 1546 2633 Gab.Biel.‚
1561 2607 1591 2630 iii
1606 2607 1685 2636 Seni„
1696 2607 1754 2631 dist.
1768 2613 1811 2631 m

1047 2652 1072 2676 q.
1086 2651 1104 2673 1,
1115 2642 1390 2673 dub.1v.—¹Aug.,de
1401 2642 1544 2671 Cz‘vit.1)ez‘,
1558 2642 1601 2666 lib.
1615 2643 1655 2672 lx,
1670 2650 1692 2666 c.
1708 2648 1750 2673 xv,
1762 2650 1788 2666 11.
1806 2636 1827 2672 1}

1670 2690 1708 2719 ‘27
