2017 2960
681 170 779 202 DIST.
802 169 880 201 XIX.
904 169 995 202 ART.
1020 170 1043 201 1.
1067 169 1219 208 QUAEST.
1245 170 1283 202 II.

178 239 334 279 assignari
357 238 533 270 secundum
556 238 698 269 diversas
725 237 950 278 expositiones,

178 302 251 333 quae
279 293 459 323 innuuntur
479 291 522 323 ad
544 291 746 324 colossenses.
769 291 951 323 Secundum

176 346 283 376 tamen
303 344 534 384 expositionem
566 354 638 384 quae
668 345 770 384 magis
799 346 952 376 consonat

176 398 273 429 verbo
294 397 452 438 Apostoli,
469 401 500 429 et
521 399 603 430 dicto
630 399 815 439 Augustini,
846 399 950 430 scien-

175 453 253 485 dum
269 454 353 493 quod
369 454 622 495 chirographum
640 455 742 495 culpae
754 455 870 486 dicitur
885 464 951 486 esse

175 507 380 547 memoriale,
400 518 465 548 quo
489 509 597 540 anima
620 512 744 540 tenetur
767 509 893 540 astricta
921 511 951 540 et

173 560 315 600 obligata
335 561 431 592 alicui
453 572 567 603 poenae,
585 563 665 594 sicut
680 563 805 603 aliquis,
823 562 950 602 quando

174 615 297 655 obligat
310 625 343 647 se
357 616 468 655 alteri,
486 617 558 648 facit
581 618 609 648 ei
625 617 881 657 chirographum
896 625 903 647 ε
920 619 951 647 01

174 668 235 699 1100
248 668 355 700 innuit
366 669 565 709 Augustinus
574 670 607 700 in
622 671 738 708 littera,
751 680 825 701 cum
839 671 914 701 dicit
925 671 947 701 ¹:

178 722 380 763 «Culparum
401 723 615 763 chirographa
638 723 739 754 deleta
762 727 855 762 sunt,
881 725 951 764 qui-

175 776 234 807 bus
255 777 410 808 debitores
433 779 505 808 ante
521 778 645 809 diabolo
660 778 861 809 tenebantur.
879 790 892 806 »
913 778 949 809 Et

174 830 290 861 dicitur
305 831 382 862 illud
400 831 655 871 chirographum
671 832 784 871 culpae,
800 834 831 863 et
845 833 948 863 chiro-

172 885 336 924 graphum
355 885 490 923 decreti,
513 885 589 925 quia
609 885 681 916 talis
702 886 855 925 obligatio
875 895 949 918 con-

171 938 277 977 surgit
295 948 336 969 ex
356 942 464 970 nostra
485 939 578 979 culpa
598 942 751 980 tanquam
768 950 808 971 cx
822 941 947 978 merito,

171 994 201 1022 et
215 1001 256 1023 ex
270 992 380 1023 divina
394 994 550 1024 sententia
564 996 716 1034 tanquam
741 1004 781 1025 ex
800 995 924 1026 decreto
940 1006 946 1027 ε

170 1047 201 1076 01
215 1045 260 1076 510
277 1046 530 1086 chirographum
544 1047 660 1078 (licitur
674 1057 741 1079 esse
763 1049 949 1080 memoriale

170 1099 260 1137 illud,
278 1108 341 1139 quo
354 1100 483 1140 quidem
498 1103 661 1140 peccatum
674 1104 947 1142 manetquantum

170 1153 210 1183 ad
224 1155 360 1191 reatum,
377 1153 500 1184 ratione
522 1155 615 1193 cujus
629 1155 739 1185 divina
750 1157 875 1195 justitia
889 1157 946 1187 113-

170 1205 224 1237 1101
236 1216 295 1237 1105
310 1207 442 1246 punire,
460 1207 614 1238 diabolica
635 1209 756 1240 malitia
775 1212 877 1249 potest
890 1220 944 1241 ac-

169 1269 279 1290 cusare
307 1263 338 1291 et
366 1260 507 1292 detinere
526 1285 533 1297 ‚
561 1264 591 1292 et
617 1263 808 1294 conscientia
838 1267 945 1296 nostra

168 1313 269 1351 potest
294 1314 404 1343 contra
428 1321 487 1343 nos
511 1322 751 1345 remurmurare
778 1324 785 1345 ε
812 1318 843 1346 01
870 1315 947 1348 illud

168 1364 420 1405 chirographum
445 1366 619 1397 adversum
634 1377 693 1398 nos
708 1368 803 1399 habet
818 1369 947 1402 inscribi

169 1426 235 1448 1100
259 1418 363 1449 501010
385 1428 442 1459 pro
467 1421 602 1459 peccatis
623 1422 739 1452 nostris
758 1424 946 1463 actualibus,

168 1471 222 1502 sed
238 1471 334 1502 etiam
350 1481 408 1512 pro
423 1475 549 1512 peccato
563 1474 659 1513 primi
675 1477 814 1515 parentis
833 1489 839 1507 :
857 1480 887 1508 et
900 1488 948 1509 ra·

169 1525 253 1556 tione
275 1526 375 1566 hujus
400 1527 547 1558 diabolus
570 1528 666 1560 1131101
685 1529 719 1560 10
734 1539 793 1561 nos
807 1531 946 1571 aliquam

168 1581 354 1619 potestatem
378 1580 429 1611 vel
454 1581 655 1621 simpliciter,
678 1584 729 1614 vel
748 1584 787 1614 ad
806 1587 945 1625 tempus.

169 1633 326 1669 Quoniam
343 1643 421 1674 ergo
436 1635 579 1666 Christus
593 1645 650 1676 per
664 1638 843 1676 passionem
854 1649 946 1670 suam

167 1695 233 1716 non
257 1686 362 1717 solum
391 1688 572 1728 impetravit
604 1690 696 1720 nobis
727 1692 945 1723 remissionem

167 1739 268 1780 culpae
299 1743 456 1781 quantum
489 1742 528 1773 ad
557 1743 718 1774 maculam
736 1768 743 1781 ,
767 1745 820 1775 sed
850 1746 946 1777 etiam

166 1796 324 1832 quantum
349 1794 388 1825 ad
415 1797 560 1833 reatum;
584 1796 661 1827 hinc
685 1799 731 1828 est
759 1798 843 1837 quod
871 1799 946 1830 dicit

165 1846 335 1886 Apostolus
349 1850 381 1878 et
392 1848 612 1888 Augustinus,
630 1851 714 1890 quod
731 1851 873 1883 Christus
890 1862 945 1893 per

166 1900 346 1939 passionem
361 1911 455 1932 suam
469 1902 584 1933 delevit
604 1903 818 1945 chirographa
831 1906 945 1946 culpa-

166 1961 251 1983 rum.
277 1953 339 1985 Sed
358 1955 529 1995 Apostolus
548 1956 622 1987 dicit
641 1957 847 1997 singulariter
864 1970 870 1990 :
895 1961 945 1991 De-

165 2005 233 2037 lens
247 2006 497 2048 chiroqraphum
513 2009 644 2048 decreti,
660 2012 736 2051 quia
751 2012 894 2053 loquitur
906 2015 944 2046 de

169 2061 348 2092 memoriali
377 2064 641 2102 transgressionis
662 2066 757 2105 primi
786 2068 942 2106 parentis;

169 2113 374 2153 Augustinus
402 2127 479 2149 vero
502 2118 677 2158 pluraliter,
703 2121 779 2160 quia
802 2121 944 2162 loquitur

166 2167 205 2198 de
228 2169 415 2202 remissione
439 2172 586 2203 omnium
614 2176 817 2212 peccatorum
838 2185 943 2215 quan-

165 2222 234 2251 tum
266 2223 305 2253 ad
332 2226 478 2263 reatum,
506 2227 543 2256 ut
574 2226 749 2266 perfectum
785 2229 943 2268 exprimat

166 2271 267 2311 ipsius
288 2276 444 2315 passionis
459 2277 619 2309 effectum.
637 2278 879 2311 Concedendum
895 2284 943 2313 est

165 2334 259 2366 ergo,
282 2331 368 2369 quod
391 2340 447 2371 per
470 2331 649 2371 passionem
669 2332 782 2363 Christi
797 2334 943 2365 delentur

164 2379 380 2423 chirographa
408 2385 577 2425 culparum
592 2394 601 2424 3
628 2387 836 2419 concedendae
866 2391 943 2419 5001

164 2431 259 2464 etiam
272 2437 421 2476 13110005,
438 2447 511 2478 quae
527 2439 587 2469 hoc
606 2440 788 2472 ostendunt.

209 2491 238 2519 1.
255 2489 303 2520 Ad
322 2490 401 2522 illud
424 2500 500 2523 vero
516 2492 602 2532 quod
622 2492 728 2533 primo
742 2494 891 2534 objicitur
907 2495 940 2526 in

163 2542 379 2582 contrarium,
406 2545 492 2585 quod
513 2545 658 2578 diabolus
681 2547 800 2579 multos
822 2548 940 2581 detinet

193 2623 199 2639 ¹
213 2624 287 2654 Aug,
301 2623 350 2647 loc.
363 2631 423 2648 mox
445 2625 486 2649 cit.
498 2639 527 2643 —
537 2627 547 2642 ²
562 2627 686 2658 Anselm„
703 2630 753 2652 (jur
769 2629 830 2652 Deus
853 2629 939 2659 homo,

160 2658 283 2689 1ib.ll,c.
300 2665 350 2690 xv,
368 2666 399 2683 ex
416 2660 423 2684 Ι
438 2661 505 2690 σωκ,
522 2667 558 2691 u,
572 2664 595 2686 8.

1723 174 1779 204 411

1010 237 1049 268 311
1071 237 1188 268 1000113
1211 236 1380 278 supplicia,
1397 237 1568 269 dicendum
1583 239 1668 279 quod
1683 240 1783 281 dupli-

1009 291 1086 322 citer
1100 293 1145 322 est
1158 291 1246 331 loqui
1263 291 1301 322 de
1316 291 1484 322 efficientia
1503 292 1555 323 vel
1575 292 1688 324 effectu
1708 303 1782 333 pas-

1008 344 1108 375 sionis
1129 344 1243 375 Christi
1261 355 1267 375 :
1282 347 1339 376 aut
1362 346 1520 385 quantum
1549 346 1588 377 ad
1618 346 1782 377 sussicien-

1009 398 1098 435 tiam,
1124 400 1179 428 aut
1202 401 1360 438 quantum
1384 398 1423 429 ad
1444 399 1617 430 efficaciam
1642 409 1649 431 :
1676 409 1782 440 quan-

1008 453 1078 482 tum
1106 452 1146 482 ad
1173 452 1395 483 sufficientiam
1411 477 1418 490 ,
1446 453 1490 483 sic
1519 462 1552 484 se
1579 454 1719 484 extendit
1744 454 1783 485 ad

1008 514 1119 536 omnes
1138 505 1284 536 homines
1299 508 1329 536 et
1345 507 1383 537 ad
1397 516 1508 537 omues
1521 507 1650 547 culpas;
1668 507 1693 537 si
1707 516 1783 538 vero

1008 560 1165 598 quantum
1188 558 1228 588 ad
1251 559 1423 589 efficaciam
1437 585 1445 598 ,
1471 561 1514 591 sic
1539 570 1571 591 se
1587 561 1730 592 extendit
1744 560 1783 592 ad

1007 622 1060 644 eos
1075 613 1288 650 solummodo,
1305 614 1361 653 qui
1376 614 1578 653 baptizantur
1600 616 1633 645 in
1654 616 1783 647 nomine

1008 668 1094 706 ejus;
1116 666 1171 706 qui
1196 666 1408 697 absolvuntur
1423 677 1441 698 a
1456 670 1546 699 reatu
1568 669 1734 707 originalis
1754 671 1784 700 et

1007 721 1138 752 actualis
1163 730 1172 749 :
1194 720 1237 750 ita
1264 721 1349 760 quod
1373 731 1392 751 a
1414 722 1539 753 diabolo
1562 732 1626 753 non
1653 725 1784 762 possunt

1007 774 1146 814 amplius
1169 774 1289 810 teneri,
1306 774 1367 804 nisi
1392 775 1470 806 forte
1498 785 1531 806 se
1554 775 1582 805 01
1604 776 1784 807 voluntarie

1007 829 1186 868 subjiciant,
1200 829 1230 857 et
1240 836 1323 858 nova
1338 831 1447 859 contra
1460 839 1513 860 eos
1529 830 1707 860 scribantur
1722 830 1785 860 chi-

1007 884 1178 923 rographa.

1047 940 1075 968 2.
1102 939 1150 969 Ad
1163 939 1241 970 illud
1258 939 1343 980 quod
1358 939 1519 978 objicitur,
1538 938 1624 978 quod
1639 937 1665 967 si
1682 937 1784 968 deleta

1006 994 1080 1021 sunt
1101 992 1268 1032 culparum
1288 991 1504 1031 chirographa
1519 1000 1574 1031 per
1589 991 1781 1031 passionem,

1005 1047 1090 1086 quod
1117 1049 1316 1088 superfluant
1339 1048 1400 1078 alia
1423 1047 1582 1084 remedia,
1611 1047 1782 1077 dicendum

1005 1101 1090 1141 quod
1107 1101 1184 1132 illud
1199 1111 1264 1132 non
1279 1102 1423 1142 sequitur
1435 1125 1443 1139 ,
1467 1101 1543 1141 quia
1562 1101 1623 1131 alia
1643 1101 1783 1131 remedia

1006 1164 1023 1184 a
1048 1156 1193 1194 passione
1221 1156 1339 1186 habent
1366 1155 1563 1191 efficaciam;
1595 1163 1653 1185 nec
1679 1154 1783 1194 passio

1005 1207 1086 1238 delet
1100 1209 1272 1239 efficienter
1281 1208 1464 1247 hujusmodi
1478 1208 1705 1247 chirographa,
1722 1207 1783 1238 nisi

1005 1260 1219 1292 interveniant
1231 1262 1284 1292 illa
1299 1261 1450 1292 remedia.

1046 1316 1074 1345 3.
1090 1315 1138 1346 Ad
1153 1316 1232 1347 illud
1249 1316 1333 1355 quod
1349 1315 1508 1355 objicitur,
1525 1315 1610 1355 quod
1628 1324 1693 1346 non
1708 1317 1783 1346 sunt

1005 1369 1106 1400 deleta
1119 1370 1348 1401 crucifixorum
1362 1370 1529 1408 chirograf
1537 1369 1590 1406 ha,
1606 1369 1658 1399 sed
1676 1368 1782 1408 potius

1005 1423 1130 1462 scripta,
1142 1423 1313 1454 dicendum
1328 1423 1411 1463 quod
1421 1423 1521 1454 deleta
1530 1422 1696 1453 fuerantin
1706 1422 1782 1462 ipsis

1004 1476 1248 1506 crucifixoribus
1280 1478 1439 1516 quantum
1473 1476 1511 1506 ad
1544 1475 1779 1514 sufficientiam,

1004 1530 1034 1559 et
1048 1531 1206 1569 quantum
1229 1530 1268 1560 ad
1293 1530 1463 1567 meritum,
1489 1529 1561 1560 licet
1580 1529 1613 1559 in
1635 1529 1781 1569 pluribus

1003 1592 1116 1614 eorum
1139 1593 1202 1614 nou
1224 1584 1286 1614 sint
1310 1584 1410 1614 deleta
1431 1586 1590 1623 quantum
1611 1583 1651 1614 ad
1673 1583 1781 1614 effica-

1004 1637 1096 1674 ciam,
1109 1639 1139 1668 et
1154 1639 1312 1677 quantum
1328 1637 1366 1667 ad
1389 1639 1508 1674 actum,
1526 1638 1654 1676 propter
1668 1646 1780 1667 eorum

1003 1691 1249 1730 negligentiam.
1271 1690 1307 1720 Et
1323 1690 1349 1720 si
1365 1692 1400 1720 tu
1415 1690 1554 1729 objicias,
1574 1690 1658 1730 quod
1675 1699 1780 1730 quan—

1003 1745 1074 1774 titas
1084 1743 1347 1783 transgressionis
1358 1752 1469 1773 eorum
1481 1743 1669 1783 aequabatur
1678 1753 1781 1783 quan—

1002 1797 1083 1828 titati
1102 1797 1340 1835 satisfactionis,
1356 1796 1526 1827 dicendum
1541 1797 1627 1836 quod
1647 1806 1778 1828 excusa-

1003 1851 1119 1882 bantur
1144 1860 1199 1891 per
1219 1850 1435 1890 ignorantiam
1448 1873 1455 1887 ,
1473 1850 1553 1880 sicut
1578 1850 1652 1880 dicit
1668 1850 1780 1881 Ansel-

1002 1915 1075 1936 mus
1088 1907 1117 1936 ¹:
1134 1907 1170 1938 Si
1190 1907 1274 1938 enim
1288 1906 1516 1946 coynovissent‚
1534 1914 1701 1946 nunquam
1716 1907 1778 1937 Do-

1001 1961 1125 1992 minum
1143 1960 1253 2000 qlorz'oe
1273 1959 1527 1998 crucifixissent.
1555 1960 1655 1990 Aliter
1679 1962 1780 2000 potest

1001 2013 1072 2051 dici,
1086 2014 1171 2053 quod
1186 2022 1354 2053 nunquam
1370 2013 1415 2043 illi
1429 2013 1637 2044 crucifixores
1657 2022 1697 2044 ex
1713 2015 1778 2043 tam

1001 2068 1085 2098 mala
1114 2068 1279 2099 voluntate
1308 2067 1469 2098 Christum
1508 2067 1710 2105 occidebant,
1739 2076 1779 2097 ex

1000 2130 1099 2161 quam
1124 2121 1208 2152 bona
1233 2121 1398 2151 voluntate
1433 2120 1575 2152 Christus
1600 2120 1778 2160 passionem

999 2174 1174 2205 sustinebat
1191 2185 1197 2204 :
1214 2176 1245 2204 et
1260 2174 1330 2204 ideo
1344 2173 1440 2213 longe
1454 2173 1612 2213 potentior
1628 2175 1696 2204 erat
1709 2183 1779 2213 pas-

999 2227 1045 2258 sio
1068 2227 1181 2258 Christi
1206 2226 1245 2257 ad
1270 2226 1548 2264 satisfaciendum,
1573 2236 1671 2266 quam
1699 2229 1778 2258 esset

999 2281 1128 2313 illorum
1143 2282 1236 2322 culpa
1249 2281 1289 2312 ad
1303 2280 1525 2320 obligandum.

1038 2338 1068 2366 4.
1085 2336 1133 2366 Ad
1148 2336 1227 2367 illud
1242 2335 1327 2375 quod
1343 2335 1520 2375 quaeritur,
1538 2337 1649 2366 utrum
1668 2334 1776 2366 chiro—

997 2388 1161 2429 graphum
1178 2389 1294 2420 decreti
1307 2389 1346 2419 sit
1362 2388 1465 2428 culpa,
1482 2388 1533 2419 vel
1546 2397 1651 2428 poena,
1667 2388 1774 2419 dicen-

990 2442 1075 2472 ‘dum
1098 2442 1182 2482 quod
1205 2442 1333 2482 proprie
1357 2441 1518 2481 loquendo
1533 2450 1591 2471 nec
1609 2444 1656 2471 est
1671 2441 1775 2481 culpa,

996 2504 1055 2525 nec
1076 2498 1122 2526 est
1145 2505 1256 2535 poena;
1290 2495 1345 2526 sed
1368 2497 1415 2526 est
1443 2496 1549 2525 reatus
1577 2503 1776 2534 consequens

996 2549 1141 2589 culpam,
1158 2549 1215 2590 qui
1236 2551 1284 2580 est
1307 2548 1460 2588 obligatio
1479 2548 1518 2578 311
1545 2556 1685 2587 poenam,
1701 2557 1775 2587 quae

996 2603 1127 2643 quidem
1152 2604 1267 2635 dicitur
1287 2602 1541 2642 chirographum
1562 2602 1596 2633 in
1614 2603 1774 2642 quantum

995 2659 1080 2688 tenet
1093 2657 1323 2697 obligationem
1337 2657 1480 2696 respectu
1496 2663 1610 2695 poenae,
1627 2658 1659 2687 et
1672 2656 1770 2687 ratio-
