<?xml version="1.0" encoding="UTF-8"?>
<!DOCTYPE html PUBLIC "-//W3C//DTD XHTML 1.0 Transitional//EN"
    "http://www.w3.org/TR/xhtml1/DTD/xhtml1-transitional.dtd">
<html xmlns="http://www.w3.org/1999/xhtml" xml:lang="en" lang="en">
 <head>
  <title>
</title>
<meta http-equiv="Content-Type" content="text/html;charset=utf-8" />
  <meta name='ocr-system' content='tesseract 3.04.00' />
  <meta name='ocr-capabilities' content='ocr_page ocr_carea ocr_par ocr_line ocrx_word'/>
</head>
<body>
  <div class='ocr_page' id='page_1' title='image "./operaomniasixtiv04bonauoft/operaomniasixtiv04bonauoft_0175.png"; bbox 0 0 2017 2960; ppageno 0'>
   <div class='ocr_carea' id='block_1_1' title="bbox 601 192 1287 232">
    <p class='ocr_par' dir='ltr' id='par_1_1' title="bbox 601 192 1287 232">
     <span class='ocr_line' id='line_1_1' title="bbox 601 192 1287 232; baseline 0.004 -9"><span class='ocrx_word' id='word_1_1' title='bbox 601 192 790 226; x_wconf 81' lang='lat' dir='ltr'>msTINCT.</span> <span class='ocrx_word' id='word_1_2' title='bbox 810 195 861 227; x_wconf 86' lang='lat' dir='ltr'>VI.</span> <span class='ocrx_word' id='word_1_3' title='bbox 906 195 996 226; x_wconf 70' lang='grc' dir='ltr'><strong>ΛΒΤ.</strong></span> <span class='ocrx_word' id='word_1_4' title='bbox 1020 195 1043 226; x_wconf 90' lang='lat'>1.</span> <span class='ocrx_word' id='word_1_5' title='bbox 1065 194 1213 232; x_wconf 73' lang='lat' dir='ltr'>QUAEST.</span> <span class='ocrx_word' id='word_1_6' title='bbox 1235 195 1287 226; x_wconf 88' lang='grc' dir='ltr'>ΙΙΙ.</span> 
     </span>
    </p>
   </div>
   <div class='ocr_carea' id='block_1_2' title="bbox 127 262 909 674">
    <p class='ocr_par' dir='ltr' id='par_1_2' title="bbox 127 262 909 570">
     <span class='ocr_line' id='line_1_2' title="bbox 133 262 907 303; baseline 0 -9"><span class='ocrx_word' id='word_1_7' title='bbox 133 275 148 294; x_wconf 79' lang='grc' dir='ltr'>(ι</span> <span class='ocrx_word' id='word_1_8' title='bbox 163 263 243 296; x_wconf 90' lang='lat' dir='ltr'>Cum</span> <span class='ocrx_word' id='word_1_9' title='bbox 256 263 398 294; x_wconf 88' lang='lat' dir='ltr'>Christus</span> <span class='ocrx_word' id='word_1_10' title='bbox 414 262 573 302; x_wconf 84' lang='lat' dir='ltr'>perfectus</span> <span class='ocrx_word' id='word_1_11' title='bbox 596 262 636 293; x_wconf 89' lang='lat' dir='ltr'>sit</span> <span class='ocrx_word' id='word_1_12' title='bbox 657 262 753 302; x_wconf 86' lang='lat' dir='ltr'>Deus,</span> <span class='ocrx_word' id='word_1_13' title='bbox 779 265 811 294; x_wconf 89' lang='lat' dir='ltr'>et</span> <span class='ocrx_word' id='word_1_14' title='bbox 835 271 907 303; x_wconf 89' lang='lat' dir='ltr'>per-</span> 
     </span>
     <span class='ocr_line' id='line_1_3' title="bbox 129 316 909 357; baseline -0.001 -9"><span class='ocrx_word' id='word_1_15' title='bbox 129 318 229 348; x_wconf 83' lang='lat' dir='ltr'>fectus</span> <span class='ocrx_word' id='word_1_16' title='bbox 250 316 360 354; x_wconf 92' lang='lat' dir='ltr'>homo,</span> <span class='ocrx_word' id='word_1_17' title='bbox 385 325 450 356; x_wconf 88' lang='lat' dir='ltr'>qua</span> <span class='ocrx_word' id='word_1_18' title='bbox 467 316 645 347; x_wconf 80' lang='lat' dir='ltr'>temeritate</span> <span class='ocrx_word' id='word_1_19' title='bbox 668 316 788 347; x_wconf 86' lang='lat' dir='ltr'>audent</span> <span class='ocrx_word' id='word_1_20' title='bbox 811 316 909 357; x_wconf 85' lang='lat' dir='ltr'>aliqui</span> 
     </span>
     <span class='ocr_line' id='line_1_4' title="bbox 129 368 909 410; baseline -0.001 -8"><span class='ocrx_word' id='word_1_21' title='bbox 129 371 243 409; x_wconf 84' lang='lat' dir='ltr'>dicere,</span> <span class='ocrx_word' id='word_1_22' title='bbox 259 369 346 410; x_wconf 87' lang='lat' dir='ltr'>quod</span> <span class='ocrx_word' id='word_1_23' title='bbox 360 368 502 400; x_wconf 89' lang='lat' dir='ltr'>Christus</span> <span class='ocrx_word' id='word_1_24' title='bbox 517 378 582 400; x_wconf 91' lang='lat' dir='ltr'>non</span> <span class='ocrx_word' id='word_1_25' title='bbox 597 371 644 400; x_wconf 85' lang='lat' dir='ltr'>est</span> <span class='ocrx_word' id='word_1_26' title='bbox 662 369 780 410; x_wconf 85' lang='lat' dir='ltr'>aliquid</span> <span class='ocrx_word' id='word_1_27' title='bbox 799 379 909 401; x_wconf 90' lang='lat' dir='ltr'>secun-</span> 
     </span>
     <span class='ocr_line' id='line_1_5' title="bbox 129 422 908 463; baseline 0 -8"><span class='ocrx_word' id='word_1_28' title='bbox 129 425 206 455; x_wconf 92' lang='lat' dir='ltr'>dum</span> <span class='ocrx_word' id='word_1_29' title='bbox 221 423 306 463; x_wconf 92' lang='lat' dir='ltr'>quod</span> <span class='ocrx_word' id='word_1_30' title='bbox 322 422 419 453; x_wconf 87' lang='lat' dir='ltr'>homo</span> <span class='ocrx_word' id='word_1_31' title='bbox 429 423 444 452; x_wconf 68' lang='lat'>2&gt;</span> <span class='ocrx_word' id='word_1_32' title='bbox 458 434 473 450; x_wconf 74' lang='grc'>1)</span> <span class='ocrx_word' id='word_1_33' title='bbox 494 422 578 462; x_wconf 80' lang='lat' dir='ltr'>Ergo</span> <span class='ocrx_word' id='word_1_34' title='bbox 593 423 769 454; x_wconf 87' lang='lat' dir='ltr'>secundum</span> <span class='ocrx_word' id='word_1_35' title='bbox 786 426 908 455; x_wconf 87' lang='lat' dir='ltr'>senten-</span> 
     </span>
     <span class='ocr_line' id='line_1_6' title="bbox 127 476 908 517; baseline 0 -9"><span class='ocrx_word' id='word_1_36' title='bbox 127 477 204 509; x_wconf 83' lang='lat' dir='ltr'><strong>tiam</strong></span> <span class='ocrx_word' id='word_1_37' title='bbox 231 476 404 508; x_wconf 80' lang='lat' dir='ltr'>Alexandri</span> <span class='ocrx_word' id='word_1_38' title='bbox 424 486 514 517; x_wconf 85' lang='lat' dir='ltr'>papae</span> <span class='ocrx_word' id='word_1_39' title='bbox 535 477 632 507; x_wconf 91' lang='lat' dir='ltr'>homo</span> <span class='ocrx_word' id='word_1_40' title='bbox 655 477 848 516; x_wconf 79' lang='lat' dir='ltr'>praedicatur</span> <span class='ocrx_word' id='word_1_41' title='bbox 870 478 908 508; x_wconf 88' lang='lat' dir='ltr'>de</span> 
     </span>
     <span class='ocr_line' id='line_1_7' title="bbox 127 530 684 570; baseline -0.002 -9"><span class='ocrx_word' id='word_1_42' title='bbox 127 530 249 562; x_wconf 90' lang='lat' dir='ltr'>Christo</span> <span class='ocrx_word' id='word_1_43' title='bbox 264 538 321 570; x_wconf 90' lang='lat' dir='ltr'>per</span> <span class='ocrx_word' id='word_1_44' title='bbox 337 530 470 560; x_wconf 90' lang='lat' dir='ltr'>modum</span> <span class='ocrx_word' id='word_1_45' title='bbox 486 530 684 560; x_wconf 70' lang='lat' dir='ltr'>substantiae.</span> 
     </span>
    </p>

    <p class='ocr_par' dir='ltr' id='par_1_3' title="bbox 127 583 908 674">
     <span class='ocr_line' id='line_1_8' title="bbox 167 583 908 620; baseline 0.001 -6"><span class='ocrx_word' id='word_1_46' title='bbox 167 583 247 615; x_wconf 85' lang='lat' dir='ltr'>Item</span> <span class='ocrx_word' id='word_1_47' title='bbox 259 584 436 614; x_wconf 86' lang='lat' dir='ltr'>substantia</span> <span class='ocrx_word' id='word_1_48' title='bbox 452 583 533 614; x_wconf 91' lang='lat' dir='ltr'>nulli</span> <span class='ocrx_word' id='word_1_49' title='bbox 547 585 592 613; x_wconf 88' lang='lat' dir='ltr'>est</span> <span class='ocrx_word' id='word_1_50' title='bbox 605 583 766 620; x_wconf 84' lang='lat' dir='ltr'>accidens,</span> <span class='ocrx_word' id='word_1_51' title='bbox 787 585 823 614; x_wconf 89' lang='lat' dir='ltr'>ut</span> <span class='ocrx_word' id='word_1_52' title='bbox 838 584 908 615; x_wconf 90' lang='lat' dir='ltr'>vult</span> 
     </span>
     <span class='ocr_line' id='line_1_9' title="bbox 127 634 906 674; baseline 0.001 -9"><span class='ocrx_word' id='word_1_53' title='bbox 127 634 356 674; x_wconf 87' lang='lat' dir='ltr'>Philosophus¹</span> <span class='ocrx_word' id='word_1_54' title='bbox 370 645 376 666; x_wconf 92' lang='lat'>:</span> <span class='ocrx_word' id='word_1_55' title='bbox 388 635 442 665; x_wconf 86' lang='lat' dir='ltr'>sed</span> <span class='ocrx_word' id='word_1_56' title='bbox 456 634 600 664; x_wconf 84' lang='lat' dir='ltr'>humana</span> <span class='ocrx_word' id='word_1_57' title='bbox 610 636 725 665; x_wconf 85' lang='lat' dir='ltr'>natura</span> <span class='ocrx_word' id='word_1_58' title='bbox 739 635 771 664; x_wconf 91' lang='lat' dir='ltr'>in</span> <span class='ocrx_word' id='word_1_59' title='bbox 784 634 906 666; x_wconf 77' lang='lat' dir='ltr'>Christo</span> 
     </span>
    </p>
   </div>
   <div class='ocr_carea' id='block_1_3' title="bbox 123 687 905 1425">
    <p class='ocr_par' dir='ltr' id='par_1_4' title="bbox 125 687 905 771">
     <span class='ocr_line' id='line_1_10' title="bbox 126 687 905 729; baseline 0.001 -10"><span class='ocrx_word' id='word_1_60' title='bbox 126 690 173 719; x_wconf 87' lang='lat' dir='ltr'>est</span> <span class='ocrx_word' id='word_1_61' title='bbox 195 688 371 720; x_wconf 82' lang='lat' dir='ltr'>substantia</span> <span class='ocrx_word' id='word_1_62' title='bbox 395 699 401 718; x_wconf 89' lang='lat'>:</span> <span class='ocrx_word' id='word_1_63' title='bbox 431 696 509 727; x_wconf 85' lang='lat' dir='ltr'>ergo</span> <span class='ocrx_word' id='word_1_64' title='bbox 533 697 597 718; x_wconf 90' lang='grc'><strong>1100</strong></span> <span class='ocrx_word' id='word_1_65' title='bbox 623 687 736 719; x_wconf 87' lang='lat' dir='ltr'>accidit</span> <span class='ocrx_word' id='word_1_66' title='bbox 761 697 905 729; x_wconf 81' lang='lat' dir='ltr'>personae</span> 
     </span>
     <span class='ocr_line' id='line_1_11' title="bbox 125 739 230 771; baseline -0.01 0"><span class='ocrx_word' id='word_1_67' title='bbox 125 739 230 771; x_wconf 81' lang='lat' dir='ltr'>Verbi.</span> 
     </span>
    </p>

    <p class='ocr_par' dir='ltr' id='par_1_5' title="bbox 123 791 905 1258">
     <span class='ocr_line' id='line_1_12' title="bbox 165 791 903 830; baseline 0.001 -6"><span class='ocrx_word' id='word_1_68' title='bbox 165 792 262 830; x_wconf 86' lang='lat' dir='ltr'>Item,</span> <span class='ocrx_word' id='word_1_69' title='bbox 287 791 313 822; x_wconf 90' lang='lat' dir='ltr'>si</span> <span class='ocrx_word' id='word_1_70' title='bbox 336 791 482 822; x_wconf 86' lang='lat' dir='ltr'>humana</span> <span class='ocrx_word' id='word_1_71' title='bbox 506 793 622 823; x_wconf 88' lang='lat' dir='ltr'>natura</span> <span class='ocrx_word' id='word_1_72' title='bbox 636 792 748 823; x_wconf 87' lang='lat' dir='ltr'>accidit</span> <span class='ocrx_word' id='word_1_73' title='bbox 763 792 903 830; x_wconf 86' lang='lat' dir='ltr'>Christo,</span> 
     </span>
     <span class='ocr_line' id='line_1_13' title="bbox 123 843 900 882; baseline 0 -5"><span class='ocrx_word' id='word_1_74' title='bbox 123 847 180 877; x_wconf 88' lang='lat' dir='ltr'>aut</span> <span class='ocrx_word' id='word_1_75' title='bbox 191 845 302 876; x_wconf 70' lang='lat' dir='ltr'>accidIt</span> <span class='ocrx_word' id='word_1_76' title='bbox 317 843 440 875; x_wconf 85' lang='lat' dir='ltr'>Christo</span> <span class='ocrx_word' id='word_1_77' title='bbox 457 844 530 882; x_wconf 81' lang='lat' dir='ltr'>Deo,</span> <span class='ocrx_word' id='word_1_78' title='bbox 547 847 603 875; x_wconf 84' lang='lat' dir='ltr'>aut</span> <span class='ocrx_word' id='word_1_79' title='bbox 618 845 742 877; x_wconf 84' lang='lat' dir='ltr'>Christo</span> <span class='ocrx_word' id='word_1_80' title='bbox 757 846 881 877; x_wconf 89' lang='lat' dir='ltr'>homini</span> <span class='ocrx_word' id='word_1_81' title='bbox 895 858 900 878; x_wconf 93' lang='lat'>:</span> 
     </span>
     <span class='ocr_line' id='line_1_14' title="bbox 124 898 905 938; baseline 0 -8"><span class='ocrx_word' id='word_1_82' title='bbox 124 899 247 931; x_wconf 90' lang='lat' dir='ltr'>Christo</span> <span class='ocrx_word' id='word_1_83' title='bbox 262 898 387 929; x_wconf 90' lang='lat' dir='ltr'>homini</span> <span class='ocrx_word' id='word_1_84' title='bbox 403 907 467 929; x_wconf 90' lang='grc'>000</span> <span class='ocrx_word' id='word_1_85' title='bbox 480 922 489 936; x_wconf 83' lang='lat'><em>‚</em></span> <span class='ocrx_word' id='word_1_86' title='bbox 513 899 589 938; x_wconf 88' lang='lat' dir='ltr'>quia</span> <span class='ocrx_word' id='word_1_87' title='bbox 611 899 692 929; x_wconf 89' lang='lat' dir='ltr'>nulli</span> <span class='ocrx_word' id='word_1_88' title='bbox 712 899 837 930; x_wconf 89' lang='lat' dir='ltr'>homini</span> <span class='ocrx_word' id='word_1_89' title='bbox 859 901 905 930; x_wconf 88' lang='lat' dir='ltr'>est</span> 
     </span>
     <span class='ocr_line' id='line_1_15' title="bbox 123 951 904 990; baseline 0 -7"><span class='ocrx_word' id='word_1_90' title='bbox 123 951 315 983; x_wconf 87' lang='lat' dir='ltr'>accidentale</span> <span class='ocrx_word' id='word_1_91' title='bbox 321 961 389 983; x_wconf 89' lang='lat' dir='ltr'>esse</span> <span class='ocrx_word' id='word_1_92' title='bbox 399 951 564 983; x_wconf 89' lang='lat' dir='ltr'>hominem</span> <span class='ocrx_word' id='word_1_93' title='bbox 575 962 582 990; x_wconf 76' lang='lat'>3</span> <span class='ocrx_word' id='word_1_94' title='bbox 593 952 717 983; x_wconf 88' lang='lat' dir='ltr'>Christo</span> <span class='ocrx_word' id='word_1_95' title='bbox 726 952 904 984; x_wconf 86' lang='lat' dir='ltr'>secundum</span> 
     </span>
     <span class='ocr_line' id='line_1_16' title="bbox 124 1010 902 1051; baseline -0.001 -9"><span class='ocrx_word' id='word_1_96' title='bbox 124 1010 210 1051; x_wconf 88' lang='lat' dir='ltr'>quod</span> <span class='ocrx_word' id='word_1_97' title='bbox 240 1010 323 1042; x_wconf 89' lang='lat' dir='ltr'>Deus</span> <span class='ocrx_word' id='word_1_98' title='bbox 353 1010 498 1041; x_wconf 88' lang='lat' dir='ltr'>similiter</span> <span class='ocrx_word' id='word_1_99' title='bbox 527 1010 667 1041; x_wconf 84' lang='lat' dir='ltr'>accidere</span> <span class='ocrx_word' id='word_1_100' title='bbox 699 1020 765 1041; x_wconf 92' lang='grc'>000</span> <span class='ocrx_word' id='word_1_101' title='bbox 790 1013 902 1051; x_wconf 82' lang='lat' dir='ltr'>potest,</span> 
     </span>
     <span class='ocr_line' id='line_1_17' title="bbox 124 1065 902 1107; baseline 0 -10"><span class='ocrx_word' id='word_1_102' title='bbox 124 1066 199 1107; x_wconf 89' lang='lat' dir='ltr'>quia</span> <span class='ocrx_word' id='word_1_103' title='bbox 212 1066 341 1098; x_wconf 91' lang='lat' dir='ltr'>nullum</span> <span class='ocrx_word' id='word_1_104' title='bbox 366 1065 511 1097; x_wconf 88' lang='lat' dir='ltr'>accidens</span> <span class='ocrx_word' id='word_1_105' title='bbox 534 1069 636 1107; x_wconf 88' lang='lat' dir='ltr'>potest</span> <span class='ocrx_word' id='word_1_106' title='bbox 663 1067 786 1098; x_wconf 87' lang='lat' dir='ltr'>Christo</span> <span class='ocrx_word' id='word_1_107' title='bbox 800 1067 902 1097; x_wconf 84' lang='lat' dir='ltr'>inesse</span> 
     </span>
     <span class='ocr_line' id='line_1_18' title="bbox 128 1120 903 1160; baseline 0.001 -10"><span class='ocrx_word' id='word_1_108' title='bbox 128 1120 251 1151; x_wconf 86' lang='lat' dir='ltr'>ratione</span> <span class='ocrx_word' id='word_1_109' title='bbox 274 1120 392 1151; x_wconf 84' lang='lat' dir='ltr'>divinae</span> <span class='ocrx_word' id='word_1_110' title='bbox 412 1121 536 1151; x_wconf 58' lang='lat' dir='ltr'>naturae</span> <span class='ocrx_word' id='word_1_111' title='bbox 562 1130 568 1150; x_wconf 91' lang='lat'><strong>:</strong></span> <span class='ocrx_word' id='word_1_112' title='bbox 595 1129 674 1160; x_wconf 86' lang='lat' dir='ltr'>ergo</span> <span class='ocrx_word' id='word_1_113' title='bbox 697 1120 787 1151; x_wconf 90' lang='lat' dir='ltr'>nullo</span> <span class='ocrx_word' id='word_1_114' title='bbox 808 1121 903 1151; x_wconf 92' lang='lat' dir='ltr'>modo</span> 
     </span>
     <span class='ocr_line' id='line_1_19' title="bbox 128 1173 903 1213; baseline 0.001 -9"><span class='ocrx_word' id='word_1_115' title='bbox 128 1173 255 1204; x_wconf 79' lang='lat' dir='ltr'>videtur</span> <span class='ocrx_word' id='word_1_116' title='bbox 269 1173 355 1213; x_wconf 72' lang='lat' dir='ltr'>quod</span> <span class='ocrx_word' id='word_1_117' title='bbox 383 1173 480 1213; x_wconf 84' lang='lat' dir='ltr'>possit</span> <span class='ocrx_word' id='word_1_118' title='bbox 504 1173 670 1213; x_wconf 79' lang='lat' dir='ltr'>praedicari</span> <span class='ocrx_word' id='word_1_119' title='bbox 699 1182 756 1213; x_wconf 91' lang='lat' dir='ltr'>per</span> <span class='ocrx_word' id='word_1_120' title='bbox 770 1174 903 1205; x_wconf 91' lang='lat' dir='ltr'>modum</span> 
     </span>
     <span class='ocr_line' id='line_1_20' title="bbox 126 1226 307 1258; baseline 0 -1"><span class='ocrx_word' id='word_1_121' title='bbox 126 1226 307 1258; x_wconf 89' lang='lat' dir='ltr'>accidentis.</span> 
     </span>
    </p>

    <p class='ocr_par' dir='ltr' id='par_1_6' title="bbox 124 1278 903 1425">
     <span class='ocr_line' id='line_1_21' title="bbox 167 1278 902 1317; baseline 0 -7"><span class='ocrx_word' id='word_1_122' title='bbox 167 1279 246 1310; x_wconf 83' lang='lat' dir='ltr'>Item</span> <span class='ocrx_word' id='word_1_123' title='bbox 273 1279 355 1310; x_wconf 90' lang='lat' dir='ltr'>nihil</span> <span class='ocrx_word' id='word_1_124' title='bbox 376 1280 421 1310; x_wconf 89' lang='lat' dir='ltr'>est</span> <span class='ocrx_word' id='word_1_125' title='bbox 443 1279 621 1311; x_wconf 69' lang='lat' dir='ltr'>univocum</span> <span class='ocrx_word' id='word_1_126' title='bbox 645 1278 846 1317; x_wconf 83' lang='lat' dir='ltr'>substantiae,</span> <span class='ocrx_word' id='word_1_127' title='bbox 873 1281 902 1310; x_wconf 88' lang='lat' dir='ltr'>et</span> 
     </span>
     <span class='ocr_line' id='line_1_22' title="bbox 125 1332 903 1373; baseline 0 -9"><span class='ocrx_word' id='word_1_128' title='bbox 125 1333 277 1365; x_wconf 85' lang='lat' dir='ltr'>accidenti</span> <span class='ocrx_word' id='word_1_129' title='bbox 293 1343 299 1364; x_wconf 96' lang='lat'><strong>:</strong></span> <span class='ocrx_word' id='word_1_130' title='bbox 317 1342 395 1373; x_wconf 82' lang='lat' dir='ltr'>ergo</span> <span class='ocrx_word' id='word_1_131' title='bbox 410 1333 435 1363; x_wconf 89' lang='lat' dir='ltr'>si</span> <span class='ocrx_word' id='word_1_132' title='bbox 451 1333 489 1363; x_wconf 91' lang='lat' dir='ltr'>de</span> <span class='ocrx_word' id='word_1_133' title='bbox 512 1332 634 1364; x_wconf 89' lang='lat' dir='ltr'>Christo</span> <span class='ocrx_word' id='word_1_134' title='bbox 658 1333 773 1364; x_wconf 81' lang='lat' dir='ltr'>dicitur</span> <span class='ocrx_word' id='word_1_135' title='bbox 793 1342 903 1364; x_wconf 85' lang='lat' dir='ltr'>secun-</span> 
     </span>
     <span class='ocr_line' id='line_1_23' title="bbox 124 1386 900 1425; baseline 0 -7"><span class='ocrx_word' id='word_1_136' title='bbox 124 1387 202 1418; x_wconf 90' lang='lat' dir='ltr'>dum</span> <span class='ocrx_word' id='word_1_137' title='bbox 221 1386 374 1425; x_wconf 80' lang='lat' dir='ltr'>accidenS,</span> <span class='ocrx_word' id='word_1_138' title='bbox 390 1388 421 1417; x_wconf 90' lang='lat' dir='ltr'>et</span> <span class='ocrx_word' id='word_1_139' title='bbox 436 1386 474 1417; x_wconf 91' lang='lat' dir='ltr'>de</span> <span class='ocrx_word' id='word_1_140' title='bbox 494 1386 563 1417; x_wconf 89' lang='lat' dir='ltr'>aliis</span> <span class='ocrx_word' id='word_1_141' title='bbox 584 1387 772 1418; x_wconf 87' lang='lat' dir='ltr'>hominibus</span> <span class='ocrx_word' id='word_1_142' title='bbox 787 1396 900 1418; x_wconf 85' lang='lat' dir='ltr'>seeun-</span> 
     </span>
    </p>
   </div>
   <div class='ocr_carea' id='block_1_4' title="bbox 120 1440 904 2544">
    <p class='ocr_par' dir='ltr' id='par_1_7' title="bbox 123 1440 904 1636">
     <span class='ocr_line' id='line_1_24' title="bbox 123 1440 900 1480; baseline 0.001 -9"><span class='ocrx_word' id='word_1_143' title='bbox 123 1440 202 1471; x_wconf 89' lang='lat' dir='ltr'>dum</span> <span class='ocrx_word' id='word_1_144' title='bbox 219 1440 441 1478; x_wconf 83' lang='lat' dir='ltr'>substantiam,</span> <span class='ocrx_word' id='word_1_145' title='bbox 452 1449 531 1480; x_wconf 83' lang='lat' dir='ltr'>ergo</span> <span class='ocrx_word' id='word_1_146' title='bbox 538 1449 605 1471; x_wconf 91' lang='lat' dir='ltr'>non</span> <span class='ocrx_word' id='word_1_147' title='bbox 619 1441 736 1471; x_wconf 87' lang='lat' dir='ltr'>dicitur</span> <span class='ocrx_word' id='word_1_148' title='bbox 751 1441 900 1478; x_wconf 85' lang='lat' dir='ltr'>univoce,</span> 
     </span>
     <span class='ocr_line' id='line_1_25' title="bbox 123 1489 903 1530; baseline 0.001 -10"><span class='ocrx_word' id='word_1_149' title='bbox 123 1490 177 1521; x_wconf 88' lang='lat' dir='ltr'>sed</span> <span class='ocrx_word' id='word_1_150' title='bbox 193 1489 371 1530; x_wconf 81' lang='lat' dir='ltr'>aequivoce.</span> <span class='ocrx_word' id='word_1_151' title='bbox 390 1490 451 1521; x_wconf 86' lang='lat' dir='ltr'>Sed</span> <span class='ocrx_word' id='word_1_152' title='bbox 467 1491 491 1520; x_wconf 90' lang='lat' dir='ltr'>si</span> <span class='ocrx_word' id='word_1_153' title='bbox 517 1490 577 1521; x_wconf 87' lang='lat' dir='ltr'>hoc</span> <span class='ocrx_word' id='word_1_154' title='bbox 603 1499 719 1521; x_wconf 76' lang='lat' dir='ltr'>verum</span> <span class='ocrx_word' id='word_1_155' title='bbox 746 1492 810 1529; x_wconf 85' lang='lat' dir='ltr'>est,</span> <span class='ocrx_word' id='word_1_156' title='bbox 837 1500 903 1522; x_wconf 90' lang='lat' dir='ltr'>non</span> 
     </span>
     <span class='ocr_line' id='line_1_26' title="bbox 124 1543 904 1584; baseline 0.001 -10"><span class='ocrx_word' id='word_1_157' title='bbox 124 1543 253 1575; x_wconf 86' lang='lat' dir='ltr'>videtur</span> <span class='ocrx_word' id='word_1_158' title='bbox 265 1543 352 1584; x_wconf 91' lang='lat' dir='ltr'>quod</span> <span class='ocrx_word' id='word_1_159' title='bbox 363 1543 403 1574; x_wconf 90' lang='lat' dir='ltr'>sit</span> <span class='ocrx_word' id='word_1_160' title='bbox 418 1543 457 1575; x_wconf 93' lang='lat' dir='ltr'>de</span> <span class='ocrx_word' id='word_1_161' title='bbox 472 1544 580 1574; x_wconf 85' lang='lat' dir='ltr'>nostro</span> <span class='ocrx_word' id='word_1_162' title='bbox 595 1553 726 1583; x_wconf 83' lang='lat' dir='ltr'>genere,</span> <span class='ocrx_word' id='word_1_163' title='bbox 742 1553 802 1575; x_wconf 84' lang='grc'><strong>1100</strong></span> <span class='ocrx_word' id='word_1_164' title='bbox 818 1553 904 1575; x_wconf 90' lang='lat' dir='ltr'>mors</span> 
     </span>
     <span class='ocr_line' id='line_1_27' title="bbox 125 1595 728 1636; baseline 0.002 -11"><span class='ocrx_word' id='word_1_165' title='bbox 125 1596 194 1635; x_wconf 76' lang='lat' dir='ltr'>eJus</span> <span class='ocrx_word' id='word_1_166' title='bbox 209 1597 327 1626; x_wconf 87' lang='lat' dir='ltr'>nostrae</span> <span class='ocrx_word' id='word_1_167' title='bbox 336 1595 546 1636; x_wconf 86' lang='lat' dir='ltr'>redemptioni</span> <span class='ocrx_word' id='word_1_168' title='bbox 563 1596 728 1635; x_wconf 81' lang='lat' dir='ltr'>proficere.</span> 
     </span>
    </p>

    <p class='ocr_par' dir='ltr' id='par_1_8' title="bbox 121 1647 903 2107">
     <span class='ocr_line' id='line_1_28' title="bbox 164 1647 900 1680; baseline 0.001 -1"><span class='ocrx_word' id='word_1_169' title='bbox 164 1647 243 1679; x_wconf 85' lang='lat' dir='ltr'>Item</span> <span class='ocrx_word' id='word_1_170' title='bbox 264 1649 441 1679; x_wconf 87' lang='lat' dir='ltr'>substantia</span> <span class='ocrx_word' id='word_1_171' title='bbox 469 1649 607 1680; x_wconf 88' lang='lat' dir='ltr'>nobilior</span> <span class='ocrx_word' id='word_1_172' title='bbox 633 1650 679 1679; x_wconf 88' lang='lat' dir='ltr'>est</span> <span class='ocrx_word' id='word_1_173' title='bbox 703 1649 863 1680; x_wconf 89' lang='lat' dir='ltr'>accidente</span> <span class='ocrx_word' id='word_1_174' title='bbox 893 1660 900 1680; x_wconf 77' lang='lat' dir='ltr'>t</span> 
     </span>
     <span class='ocr_line' id='line_1_29' title="bbox 122 1701 903 1742; baseline 0 -10"><span class='ocrx_word' id='word_1_175' title='bbox 122 1711 201 1741; x_wconf 86' lang='lat' dir='ltr'>ergo</span> <span class='ocrx_word' id='word_1_176' title='bbox 222 1702 249 1732; x_wconf 90' lang='lat' dir='ltr'>si</span> <span class='ocrx_word' id='word_1_177' title='bbox 273 1702 371 1733; x_wconf 89' lang='lat' dir='ltr'>homo</span> <span class='ocrx_word' id='word_1_178' title='bbox 394 1702 433 1732; x_wconf 90' lang='lat' dir='ltr'>de</span> <span class='ocrx_word' id='word_1_179' title='bbox 457 1701 527 1732; x_wconf 87' lang='lat' dir='ltr'>aliis</span> <span class='ocrx_word' id='word_1_180' title='bbox 551 1702 666 1732; x_wconf 88' lang='lat' dir='ltr'>dicitur</span> <span class='ocrx_word' id='word_1_181' title='bbox 686 1711 743 1742; x_wconf 89' lang='lat' dir='ltr'>per</span> <span class='ocrx_word' id='word_1_182' title='bbox 770 1703 903 1733; x_wconf 89' lang='lat' dir='ltr'>modum</span> 
     </span>
     <span class='ocr_line' id='line_1_30' title="bbox 121 1755 902 1795; baseline 0.001 -9"><span class='ocrx_word' id='word_1_183' title='bbox 121 1755 318 1794; x_wconf 75' lang='lat' dir='ltr'>substantiae,</span> <span class='ocrx_word' id='word_1_184' title='bbox 336 1758 367 1786; x_wconf 86' lang='lat' dir='ltr'>et</span> <span class='ocrx_word' id='word_1_185' title='bbox 382 1755 421 1786; x_wconf 89' lang='lat' dir='ltr'>de</span> <span class='ocrx_word' id='word_1_186' title='bbox 436 1755 558 1786; x_wconf 89' lang='lat' dir='ltr'>Christo</span> <span class='ocrx_word' id='word_1_187' title='bbox 572 1765 630 1795; x_wconf 88' lang='lat' dir='ltr'>per</span> <span class='ocrx_word' id='word_1_188' title='bbox 653 1755 785 1787; x_wconf 89' lang='lat' dir='ltr'>modum</span> <span class='ocrx_word' id='word_1_189' title='bbox 807 1755 902 1787; x_wconf 90' lang='lat' dir='ltr'>habi-</span> 
     </span>
     <span class='ocr_line' id='line_1_31' title="bbox 121 1809 902 1848; baseline 0 -8"><span class='ocrx_word' id='word_1_190' title='bbox 121 1811 190 1848; x_wconf 88' lang='lat' dir='ltr'>tus,</span> <span class='ocrx_word' id='word_1_191' title='bbox 215 1818 295 1848; x_wconf 86' lang='lat' dir='ltr'>ergo</span> <span class='ocrx_word' id='word_1_192' title='bbox 322 1817 389 1840; x_wconf 89' lang='lat' dir='ltr'>esse</span> <span class='ocrx_word' id='word_1_193' title='bbox 424 1809 589 1840; x_wconf 90' lang='lat' dir='ltr'>hominem</span> <span class='ocrx_word' id='word_1_194' title='bbox 621 1810 729 1840; x_wconf 87' lang='lat' dir='ltr'>minus</span> <span class='ocrx_word' id='word_1_195' title='bbox 752 1810 902 1840; x_wconf 90' lang='lat' dir='ltr'>nobiliter</span> 
     </span>
     <span class='ocr_line' id='line_1_32' title="bbox 122 1861 903 1903; baseline 0 -9"><span class='ocrx_word' id='word_1_196' title='bbox 122 1862 271 1894; x_wconf 88' lang='lat' dir='ltr'>convenit</span> <span class='ocrx_word' id='word_1_197' title='bbox 294 1861 428 1901; x_wconf 81' lang='lat' dir='ltr'>Christo,</span> <span class='ocrx_word' id='word_1_198' title='bbox 453 1872 552 1903; x_wconf 84' lang='lat' dir='ltr'>quam</span> <span class='ocrx_word' id='word_1_199' title='bbox 567 1863 636 1894; x_wconf 88' lang='lat' dir='ltr'>aliis</span> <span class='ocrx_word' id='word_1_200' title='bbox 659 1874 665 1893; x_wconf 93' lang='lat'><strong>:</strong></span> <span class='ocrx_word' id='word_1_201' title='bbox 693 1863 778 1903; x_wconf 83' lang='lat' dir='ltr'>quod</span> <span class='ocrx_word' id='word_1_202' title='bbox 794 1864 821 1894; x_wconf 89' lang='lat' dir='ltr'>si</span> <span class='ocrx_word' id='word_1_203' title='bbox 842 1864 903 1894; x_wconf 90' lang='lat' dir='ltr'>hoc</span> 
     </span>
     <span class='ocr_line' id='line_1_33' title="bbox 121 1915 903 1956; baseline 0 -9"><span class='ocrx_word' id='word_1_204' title='bbox 121 1918 169 1947; x_wconf 90' lang='lat' dir='ltr'>est</span> <span class='ocrx_word' id='word_1_205' title='bbox 183 1916 321 1956; x_wconf 89' lang='lat' dir='ltr'>impium</span> <span class='ocrx_word' id='word_1_206' title='bbox 336 1915 459 1955; x_wconf 80' lang='lat' dir='ltr'>dicere,</span> <span class='ocrx_word' id='word_1_207' title='bbox 481 1918 580 1947; x_wconf 87' lang='lat' dir='ltr'>restat</span> <span class='ocrx_word' id='word_1_208' title='bbox 606 1925 685 1956; x_wconf 84' lang='lat' dir='ltr'>ergo</span> <span class='ocrx_word' id='word_1_209' title='bbox 706 1916 791 1948; x_wconf 88' lang='lat' dir='ltr'>idem</span> <span class='ocrx_word' id='word_1_210' title='bbox 818 1917 903 1956; x_wconf 89' lang='lat' dir='ltr'>quod</span> 
     </span>
     <span class='ocr_line' id='line_1_34' title="bbox 122 1968 902 2009; baseline 0.003 -10"><span class='ocrx_word' id='word_1_211' title='bbox 122 1969 232 2009; x_wconf 83' lang='lat' dir='ltr'>prius,</span> <span class='ocrx_word' id='word_1_212' title='bbox 254 1968 341 2009; x_wconf 86' lang='lat' dir='ltr'>quod</span> <span class='ocrx_word' id='word_1_213' title='bbox 364 1969 463 2000; x_wconf 91' lang='lat' dir='ltr'>homo</span> <span class='ocrx_word' id='word_1_214' title='bbox 482 1978 548 2000; x_wconf 91' lang='lat' dir='ltr'>non</span> <span class='ocrx_word' id='word_1_215' title='bbox 570 1970 695 2001; x_wconf 89' lang='lat' dir='ltr'>dicatur</span> <span class='ocrx_word' id='word_1_216' title='bbox 717 1970 756 2001; x_wconf 89' lang='lat' dir='ltr'>de</span> <span class='ocrx_word' id='word_1_217' title='bbox 778 1970 902 2001; x_wconf 85' lang='lat' dir='ltr'>Christo</span> 
     </span>
     <span class='ocr_line' id='line_1_35' title="bbox 121 2022 901 2063; baseline 0.001 -10"><span class='ocrx_word' id='word_1_218' title='bbox 121 2031 180 2062; x_wconf 87' lang='lat' dir='ltr'>per</span> <span class='ocrx_word' id='word_1_219' title='bbox 194 2022 328 2054; x_wconf 91' lang='lat' dir='ltr'>modum</span> <span class='ocrx_word' id='word_1_220' title='bbox 342 2022 489 2061; x_wconf 86' lang='lat' dir='ltr'>habitus,</span> <span class='ocrx_word' id='word_1_221' title='bbox 507 2023 561 2054; x_wconf 88' lang='lat' dir='ltr'>sed</span> <span class='ocrx_word' id='word_1_222' title='bbox 577 2032 634 2063; x_wconf 87' lang='lat' dir='ltr'>per</span> <span class='ocrx_word' id='word_1_223' title='bbox 653 2023 787 2054; x_wconf 91' lang='lat' dir='ltr'>modum</span> <span class='ocrx_word' id='word_1_224' title='bbox 809 2024 901 2055; x_wconf 84' lang='lat' dir='ltr'>subs-</span> 
     </span>
     <span class='ocr_line' id='line_1_36' title="bbox 122 2076 242 2107; baseline 0 0"><span class='ocrx_word' id='word_1_225' title='bbox 122 2076 242 2107; x_wconf 84' lang='lat' dir='ltr'>tantiae.</span> 
     </span>
    </p>

    <p class='ocr_par' dir='ltr' id='par_1_9' title="bbox 120 2129 902 2544">
     <span class='ocr_line' id='line_1_37' title="bbox 163 2129 900 2171; baseline 0.001 -10"><span class='ocrx_word' id='word_1_226' title='bbox 163 2129 253 2170; x_wconf 91' lang='lat' dir='ltr'>Item,</span> <span class='ocrx_word' id='word_1_227' title='bbox 271 2130 356 2171; x_wconf 88' lang='lat' dir='ltr'>quod</span> <span class='ocrx_word' id='word_1_228' title='bbox 370 2130 566 2171; x_wconf 85' lang='lat' dir='ltr'>praedicatur</span> <span class='ocrx_word' id='word_1_229' title='bbox 581 2139 639 2171; x_wconf 89' lang='lat' dir='ltr'>per</span> <span class='ocrx_word' id='word_1_230' title='bbox 654 2131 787 2162; x_wconf 90' lang='lat' dir='ltr'>modum</span> <span class='ocrx_word' id='word_1_231' title='bbox 807 2130 900 2162; x_wconf 88' lang='lat' dir='ltr'>habi-</span> 
     </span>
     <span class='ocr_line' id='line_1_38' title="bbox 121 2183 902 2225; baseline 0.003 -11"><span class='ocrx_word' id='word_1_232' title='bbox 121 2185 174 2214; x_wconf 88' lang='lat' dir='ltr'>tus</span> <span class='ocrx_word' id='word_1_233' title='bbox 183 2186 214 2215; x_wconf 89' lang='lat' dir='ltr'>et</span> <span class='ocrx_word' id='word_1_234' title='bbox 228 2183 408 2222; x_wconf 84' lang='lat' dir='ltr'>accidentis,</span> <span class='ocrx_word' id='word_1_235' title='bbox 420 2193 485 2214; x_wconf 91' lang='lat' dir='ltr'>non</span> <span class='ocrx_word' id='word_1_236' title='bbox 494 2184 686 2224; x_wconf 66' lang='lat' dir='ltr'>praedicatur</span> <span class='ocrx_word' id='word_1_237' title='bbox 698 2194 755 2225; x_wconf 89' lang='lat' dir='ltr'>per</span> <span class='ocrx_word' id='word_1_238' title='bbox 768 2185 902 2216; x_wconf 93' lang='lat' dir='ltr'>modum</span> 
     </span>
     <span class='ocr_line' id='line_1_39' title="bbox 121 2237 902 2278; baseline 0.003 -10"><span class='ocrx_word' id='word_1_239' title='bbox 121 2237 328 2275; x_wconf 84' lang='lat' dir='ltr'>substantiae;</span> <span class='ocrx_word' id='word_1_240' title='bbox 358 2237 443 2268; x_wconf 86' lang='lat' dir='ltr'>unde</span> <span class='ocrx_word' id='word_1_241' title='bbox 470 2238 620 2278; x_wconf 87' lang='lat' dir='ltr'>quamvis</span> <span class='ocrx_word' id='word_1_242' title='bbox 650 2238 748 2270; x_wconf 90' lang='lat' dir='ltr'>homo</span> <span class='ocrx_word' id='word_1_243' title='bbox 778 2239 902 2270; x_wconf 85' lang='lat' dir='ltr'>dicatur</span> 
     </span>
     <span class='ocr_line' id='line_1_40' title="bbox 121 2291 902 2331; baseline 0.001 -9"><span class='ocrx_word' id='word_1_244' title='bbox 121 2291 266 2329; x_wconf 85' lang='lat' dir='ltr'>vestitus,</span> <span class='ocrx_word' id='word_1_245' title='bbox 295 2299 465 2331; x_wconf 85' lang='lat' dir='ltr'>nunquam</span> <span class='ocrx_word' id='word_1_246' title='bbox 478 2293 588 2322; x_wconf 88' lang='lat' dir='ltr'>tamen</span> <span class='ocrx_word' id='word_1_247' title='bbox 603 2292 719 2323; x_wconf 89' lang='lat' dir='ltr'>dicitur</span> <span class='ocrx_word' id='word_1_248' title='bbox 731 2293 902 2324; x_wconf 86' lang='lat' dir='ltr'>vestimen-</span> 
     </span>
     <span class='ocr_line' id='line_1_41' title="bbox 120 2344 901 2384; baseline 0.003 -9"><span class='ocrx_word' id='word_1_249' title='bbox 120 2345 192 2375; x_wconf 84' lang='lat' dir='ltr'>tum</span> <span class='ocrx_word' id='word_1_250' title='bbox 207 2354 214 2375; x_wconf 89' lang='lat'>:</span> <span class='ocrx_word' id='word_1_251' title='bbox 233 2353 312 2384; x_wconf 85' lang='lat' dir='ltr'>ergo</span> <span class='ocrx_word' id='word_1_252' title='bbox 328 2345 355 2375; x_wconf 91' lang='lat' dir='ltr'>si</span> <span class='ocrx_word' id='word_1_253' title='bbox 370 2344 471 2376; x_wconf 89' lang='lat' dir='ltr'>Filius</span> <span class='ocrx_word' id='word_1_254' title='bbox 486 2345 541 2376; x_wconf 89' lang='lat' dir='ltr'>Dei</span> <span class='ocrx_word' id='word_1_255' title='bbox 557 2345 717 2377; x_wconf 89' lang='lat' dir='ltr'>diceretur</span> <span class='ocrx_word' id='word_1_256' title='bbox 738 2346 901 2377; x_wconf 86' lang='lat' dir='ltr'>humana-</span> 
     </span>
     <span class='ocr_line' id='line_1_42' title="bbox 121 2398 899 2440; baseline 0.004 -12"><span class='ocrx_word' id='word_1_257' title='bbox 121 2398 172 2428; x_wconf 87' lang='lat' dir='ltr'>tus</span> <span class='ocrx_word' id='word_1_258' title='bbox 185 2406 241 2438; x_wconf 89' lang='lat' dir='ltr'>per</span> <span class='ocrx_word' id='word_1_259' title='bbox 257 2398 390 2429; x_wconf 89' lang='lat' dir='ltr'>modum</span> <span class='ocrx_word' id='word_1_260' title='bbox 404 2398 545 2438; x_wconf 88' lang='lat' dir='ltr'>habitus,</span> <span class='ocrx_word' id='word_1_261' title='bbox 561 2408 729 2440; x_wconf 87' lang='lat' dir='ltr'>nunquam</span> <span class='ocrx_word' id='word_1_262' title='bbox 741 2400 899 2431; x_wconf 82' lang='lat' dir='ltr'>diceretur</span> 
     </span>
     <span class='ocr_line' id='line_1_43' title="bbox 121 2449 900 2492; baseline 0.006 -12"><span class='ocrx_word' id='word_1_263' title='bbox 121 2449 218 2481; x_wconf 91' lang='lat' dir='ltr'>homo</span> <span class='ocrx_word' id='word_1_264' title='bbox 234 2461 242 2482; x_wconf 92' lang='lat'>:</span> <span class='ocrx_word' id='word_1_265' title='bbox 259 2451 346 2491; x_wconf 87' lang='lat' dir='ltr'>quod</span> <span class='ocrx_word' id='word_1_266' title='bbox 359 2452 386 2482; x_wconf 92' lang='lat' dir='ltr'>si</span> <span class='ocrx_word' id='word_1_267' title='bbox 400 2451 462 2484; x_wconf 89' lang='lat' dir='ltr'>hoc</span> <span class='ocrx_word' id='word_1_268' title='bbox 475 2452 593 2484; x_wconf 78' lang='lat' dir='ltr'>falsum</span> <span class='ocrx_word' id='word_1_269' title='bbox 616 2455 681 2492; x_wconf 89' lang='lat' dir='ltr'>est,</span> <span class='ocrx_word' id='word_1_270' title='bbox 703 2455 800 2485; x_wconf 86' lang='lat' dir='ltr'>restat</span> <span class='ocrx_word' id='word_1_271' title='bbox 816 2453 900 2485; x_wconf 89' lang='lat' dir='ltr'>idem</span> 
     </span>
     <span class='ocr_line' id='line_1_44' title="bbox 121 2503 330 2544; baseline 0.014 -11"><span class='ocrx_word' id='word_1_272' title='bbox 121 2503 209 2543; x_wconf 85' lang='lat' dir='ltr'>quod</span> <span class='ocrx_word' id='word_1_273' title='bbox 229 2504 330 2544; x_wconf 87' lang='lat' dir='ltr'>prius.</span> 
     </span>
    </p>
   </div>
   <div class='ocr_carea' id='block_1_5' title="bbox 121 2650 898 2710">
    <p class='ocr_par' dir='ltr' id='par_1_10' title="bbox 121 2650 898 2710">
     <span class='ocr_line' id='line_1_45' title="bbox 121 2650 898 2710; baseline 0.006 -37"><span class='ocrx_word' id='word_1_274' title='bbox 121 2651 161 2710; x_wconf 54' lang='lat' dir='ltr'>m:</span> <span class='ocrx_word' id='word_1_275' title='bbox 172 2650 258 2710; x_wconf 46' lang='grc' dir='ltr'>Ἢῗῗυ</span> <span class='ocrx_word' id='word_1_276' title='bbox 274 2650 358 2682; x_wconf 62' lang='lat' dir='ltr'>Phys„</span> <span class='ocrx_word' id='word_1_277' title='bbox 373 2652 418 2677; x_wconf 82' lang='lat' dir='ltr'>lib.</span> <span class='ocrx_word' id='word_1_278' title='bbox 433 2653 460 2684; x_wconf 80' lang='grc' dir='ltr'>Ι,</span> <span class='ocrx_word' id='word_1_279' title='bbox 483 2656 552 2678; x_wconf 86' lang='lat' dir='ltr'>cont.</span> <span class='ocrx_word' id='word_1_280' title='bbox 577 2655 620 2686; x_wconf 65' lang='lat'>275</span> <span class='ocrx_word' id='word_1_281' title='bbox 636 2655 716 2678; x_wconf 73' lang='lat' dir='ltr'>Aven-</span> <span class='ocrx_word' id='word_1_282' title='bbox 743 2655 898 2687; x_wconf 47' lang='lat' dir='ltr'>ittetaphys„</span> 
     </span>
    </p>
   </div>
   <div class='ocr_carea' id='block_1_6' title="bbox 1690 203 1747 233">
    <p class='ocr_par' dir='ltr' id='par_1_11' title="bbox 1690 203 1747 233">
     <span class='ocr_line' id='line_1_46' title="bbox 1690 203 1747 233; baseline 0.018 -1"><span class='ocrx_word' id='word_1_283' title='bbox 1690 203 1747 233; x_wconf 76' lang='lat'>¹53</span> 
     </span>
    </p>
   </div>
   <div class='ocr_carea' id='block_1_7' title="bbox 1237 326 1462 361">
    <p class='ocr_par' dir='ltr' id='par_1_12' title="bbox 1237 326 1462 361">
     <span class='ocr_line' id='line_1_47' title="bbox 1237 326 1462 361; baseline 0.004 -3"><span class='ocrx_word' id='word_1_284' title='bbox 1237 326 1462 361; x_wconf 89' lang='lat' dir='ltr'>CONCLUSIO.</span> 
     </span>
    </p>
   </div>
   <div class='ocr_carea' id='block_1_8' title="bbox 966 418 1747 546">
    <p class='ocr_par' dir='ltr' id='par_1_13' title="bbox 966 418 1747 546">
     <span class='ocr_line' id='line_1_48' title="bbox 966 418 1747 455; baseline 0.009 -10"><span class='ocrx_word' id='word_1_285' title='bbox 966 418 1098 451; x_wconf 77' lang='lat' dir='ltr'>Christus,</span> <span class='ocrx_word' id='word_1_286' title='bbox 1106 419 1247 447; x_wconf 79' lang='lat' dir='ltr'>secundum</span> <span class='ocrx_word' id='word_1_287' title='bbox 1264 420 1335 454; x_wconf 80' lang='lat' dir='ltr'>quod</span> <span class='ocrx_word' id='word_1_288' title='bbox 1347 421 1432 455; x_wconf 82' lang='lat' dir='ltr'>homo,</span> <span class='ocrx_word' id='word_1_289' title='bbox 1450 423 1487 448; x_wconf 83' lang='lat' dir='ltr'>est</span> <span class='ocrx_word' id='word_1_290' title='bbox 1501 422 1667 455; x_wconf 70' lang='lat' dir='ltr'>substantia,</span> <span class='ocrx_word' id='word_1_291' title='bbox 1685 425 1747 453; x_wconf 75' lang='lat' dir='ltr'>licet</span> 
     </span>
     <span class='ocr_line' id='line_1_49' title="bbox 1001 466 1744 503; baseline 0.008 -12"><span class='ocrx_word' id='word_1_292' title='bbox 1001 466 1093 492; x_wconf 79' lang='lat' dir='ltr'>modus</span> <span class='ocrx_word' id='word_1_293' title='bbox 1108 467 1280 500; x_wconf 62' lang='lat' dir='ltr'>praedicandi</span> <span class='ocrx_word' id='word_1_294' title='bbox 1294 468 1410 495; x_wconf 67' lang='lat' dir='ltr'>hominis</span> <span class='ocrx_word' id='word_1_295' title='bbox 1425 470 1460 495; x_wconf 81' lang='lat' dir='ltr'>sit</span> <span class='ocrx_word' id='word_1_296' title='bbox 1481 469 1595 503; x_wconf 76' lang='lat' dir='ltr'>quodam</span> <span class='ocrx_word' id='word_1_297' title='bbox 1610 470 1684 497; x_wconf 62' lang='lat' dir='ltr'>morlo</span> <span class='ocrx_word' id='word_1_298' title='bbox 1700 479 1744 498; x_wconf 82' lang='lat' dir='ltr'>ac-</span> 
     </span>
     <span class='ocr_line' id='line_1_50' title="bbox 1001 510 1528 546; baseline 0.009 -10"><span class='ocrx_word' id='word_1_299' title='bbox 1001 510 1161 542; x_wconf 77' lang='lat' dir='ltr'>cidentalis,</span> <span class='ocrx_word' id='word_1_300' title='bbox 1184 515 1208 538; x_wconf 81' lang='lat' dir='ltr'>et</span> <span class='ocrx_word' id='word_1_301' title='bbox 1222 520 1272 546; x_wconf 81' lang='lat' dir='ltr'>per</span> <span class='ocrx_word' id='word_1_302' title='bbox 1289 513 1393 539; x_wconf 76' lang='lat' dir='ltr'>modum</span> <span class='ocrx_word' id='word_1_303' title='bbox 1410 514 1528 541; x_wconf 80' lang='lat' dir='ltr'>habitus.</span> 
     </span>
    </p>
   </div>
   <div class='ocr_carea' id='block_1_9' title="bbox 955 588 1746 2666">
    <p class='ocr_par' dir='ltr' id='par_1_14' title="bbox 955 588 1746 2666">
     <span class='ocr_line' id='line_1_51' title="bbox 1005 588 1746 632; baseline 0.009 -13"><span class='ocrx_word' id='word_1_304' title='bbox 1005 588 1097 629; x_wconf 84' lang='lat' dir='ltr'>Resp.</span> <span class='ocrx_word' id='word_1_305' title='bbox 1114 589 1153 620; x_wconf 84' lang='lat' dir='ltr'>ad</span> <span class='ocrx_word' id='word_1_306' title='bbox 1169 599 1239 630; x_wconf 89' lang='lat' dir='ltr'>arg.</span> <span class='ocrx_word' id='word_1_307' title='bbox 1269 591 1442 623; x_wconf 81' lang='lat' dir='ltr'>Dicendum</span> <span class='ocrx_word' id='word_1_308' title='bbox 1470 594 1568 632; x_wconf 88' lang='lat' dir='ltr'>quod,</span> <span class='ocrx_word' id='word_1_309' title='bbox 1596 603 1670 625; x_wconf 92' lang='lat' dir='ltr'>cum</span> <span class='ocrx_word' id='word_1_310' title='bbox 1695 594 1746 626; x_wconf 88' lang='lat' dir='ltr'>di-</span> 
     </span>
     <span class='ocr_line' id='line_1_52' title="bbox 963 641 1743 687; baseline 0.009 -15"><span class='ocrx_word' id='word_1_311' title='bbox 963 641 1046 672; x_wconf 91' lang='lat' dir='ltr'>citur</span> <span class='ocrx_word' id='word_1_312' title='bbox 1060 642 1145 682; x_wconf 90' lang='lat' dir='ltr'>quod</span> <span class='ocrx_word' id='word_1_313' title='bbox 1161 643 1259 674; x_wconf 89' lang='lat' dir='ltr'>homo</span> <span class='ocrx_word' id='word_1_314' title='bbox 1274 644 1391 675; x_wconf 86' lang='lat' dir='ltr'>dicitur</span> <span class='ocrx_word' id='word_1_315' title='bbox 1407 646 1444 676; x_wconf 88' lang='lat' dir='ltr'>de</span> <span class='ocrx_word' id='word_1_316' title='bbox 1460 646 1583 677; x_wconf 87' lang='lat' dir='ltr'>Christo</span> <span class='ocrx_word' id='word_1_317' title='bbox 1602 657 1658 687; x_wconf 84' lang='lat' dir='ltr'>per</span> <span class='ocrx_word' id='word_1_318' title='bbox 1673 658 1743 680; x_wconf 90' lang='lat' dir='ltr'>mo-</span> 
     </span>
     <span class='ocr_line' id='line_1_53' title="bbox 962 693 1745 739; baseline 0.01 -16"><span class='ocrx_word' id='word_1_319' title='bbox 962 693 1041 724; x_wconf 91' lang='lat' dir='ltr'>dum</span> <span class='ocrx_word' id='word_1_320' title='bbox 1056 693 1184 724; x_wconf 87' lang='lat' dir='ltr'>habitus</span> <span class='ocrx_word' id='word_1_321' title='bbox 1199 696 1229 725; x_wconf 87' lang='lat' dir='ltr'>et</span> <span class='ocrx_word' id='word_1_322' title='bbox 1256 696 1436 735; x_wconf 83' lang='lat' dir='ltr'>accidentis,</span> <span class='ocrx_word' id='word_1_323' title='bbox 1460 697 1628 737; x_wconf 79' lang='lat' dir='ltr'>dupliciter</span> <span class='ocrx_word' id='word_1_324' title='bbox 1643 702 1745 739; x_wconf 83' lang='lat' dir='ltr'>potest</span> 
     </span>
     <span class='ocr_line' id='line_1_54' title="bbox 962 746 1744 790; baseline 0.01 -14"><span class='ocrx_word' id='word_1_325' title='bbox 962 746 1097 786; x_wconf 82' lang='lat' dir='ltr'>intelligi</span> <span class='ocrx_word' id='word_1_326' title='bbox 1127 758 1134 778; x_wconf 89' lang='lat'><strong>:</strong></span> <span class='ocrx_word' id='word_1_327' title='bbox 1162 750 1219 779; x_wconf 84' lang='lat' dir='ltr'>aut</span> <span class='ocrx_word' id='word_1_328' title='bbox 1242 749 1285 779; x_wconf 86' lang='lat' dir='ltr'>ita</span> <span class='ocrx_word' id='word_1_329' title='bbox 1309 750 1393 789; x_wconf 86' lang='lat' dir='ltr'>quod</span> <span class='ocrx_word' id='word_1_330' title='bbox 1418 750 1600 790; x_wconf 82' lang='lat' dir='ltr'>praedicatio</span> <span class='ocrx_word' id='word_1_331' title='bbox 1627 752 1680 783; x_wconf 89' lang='lat' dir='ltr'>illa</span> <span class='ocrx_word' id='word_1_332' title='bbox 1703 754 1744 784; x_wconf 87' lang='lat' dir='ltr'>sit</span> 
     </span>
     <span class='ocr_line' id='line_1_55' title="bbox 962 801 1741 845; baseline 0.009 -15"><span class='ocrx_word' id='word_1_333' title='bbox 962 809 1043 839; x_wconf 86' lang='lat' dir='ltr'>pure</span> <span class='ocrx_word' id='word_1_334' title='bbox 1058 801 1270 840; x_wconf 73' lang='lat' dir='ltr'>accidentalis,</span> <span class='ocrx_word' id='word_1_335' title='bbox 1283 803 1326 832; x_wconf 82' lang='lat' dir='ltr'>ita</span> <span class='ocrx_word' id='word_1_336' title='bbox 1335 803 1420 842; x_wconf 90' lang='lat' dir='ltr'>quod</span> <span class='ocrx_word' id='word_1_337' title='bbox 1436 812 1499 833; x_wconf 93' lang='lat' dir='ltr'>non</span> <span class='ocrx_word' id='word_1_338' title='bbox 1517 804 1741 845; x_wconf 83' lang='lat' dir='ltr'>substantialis;</span> 
     </span>
     <span class='ocr_line' id='line_1_56' title="bbox 961 854 1743 895; baseline 0.009 -11"><span class='ocrx_word' id='word_1_339' title='bbox 961 855 1017 884; x_wconf 81' lang='lat' dir='ltr'>aut</span> <span class='ocrx_word' id='word_1_340' title='bbox 1040 854 1083 885; x_wconf 87' lang='lat' dir='ltr'>ita</span> <span class='ocrx_word' id='word_1_341' title='bbox 1104 855 1189 895; x_wconf 87' lang='lat' dir='ltr'>quod</span> <span class='ocrx_word' id='word_1_342' title='bbox 1209 855 1316 895; x_wconf 86' lang='lat' dir='ltr'>aliquo</span> <span class='ocrx_word' id='word_1_343' title='bbox 1338 856 1434 887; x_wconf 93' lang='lat' dir='ltr'>modo</span> <span class='ocrx_word' id='word_1_344' title='bbox 1449 856 1565 888; x_wconf 81' lang='lat' dir='ltr'>habeat</span> <span class='ocrx_word' id='word_1_345' title='bbox 1586 859 1743 891; x_wconf 88' lang='lat' dir='ltr'>rationem</span> 
     </span>
     <span class='ocr_line' id='line_1_57' title="bbox 961 907 1741 948; baseline 0.009 -11"><span class='ocrx_word' id='word_1_346' title='bbox 961 907 1196 947; x_wconf 81' lang='lat' dir='ltr'>praedicationis</span> <span class='ocrx_word' id='word_1_347' title='bbox 1210 909 1423 948; x_wconf 82' lang='lat' dir='ltr'>accidentalis,</span> <span class='ocrx_word' id='word_1_348' title='bbox 1448 912 1478 940; x_wconf 88' lang='lat' dir='ltr'>et</span> <span class='ocrx_word' id='word_1_349' title='bbox 1494 913 1601 942; x_wconf 88' lang='lat' dir='ltr'>tamen</span> <span class='ocrx_word' id='word_1_350' title='bbox 1626 921 1741 944; x_wconf 88' lang='lat' dir='ltr'>secun-</span> 
     </span>
     <span class='ocr_line' id='line_1_58' title="bbox 960 960 1742 998; baseline 0.008 -7"><span class='ocrx_word' id='word_1_351' title='bbox 960 960 1039 991; x_wconf 88' lang='lat' dir='ltr'>dum</span> <span class='ocrx_word' id='word_1_352' title='bbox 1060 962 1230 992; x_wconf 85' lang='lat' dir='ltr'>veritatem</span> <span class='ocrx_word' id='word_1_353' title='bbox 1255 963 1296 993; x_wconf 85' lang='lat' dir='ltr'>sit</span> <span class='ocrx_word' id='word_1_354' title='bbox 1316 963 1547 995; x_wconf 85' lang='lat' dir='ltr'>substantialis.</span> <span class='ocrx_word' id='word_1_355' title='bbox 1573 964 1607 995; x_wconf 91' lang='lat' dir='ltr'>Si</span> <span class='ocrx_word' id='word_1_356' title='bbox 1627 966 1742 998; x_wconf 87' lang='lat' dir='ltr'>ultimo</span> 
     </span>
     <span class='ocr_line' id='line_1_59' title="bbox 960 1015 1741 1059; baseline 0.009 -15"><span class='ocrx_word' id='word_1_357' title='bbox 960 1015 1056 1046; x_wconf 90' lang='lat' dir='ltr'>modo</span> <span class='ocrx_word' id='word_1_358' title='bbox 1077 1015 1285 1055; x_wconf 80' lang='lat' dir='ltr'>intelligatur,</span> <span class='ocrx_word' id='word_1_359' title='bbox 1303 1016 1470 1048; x_wconf 82' lang='lat' dir='ltr'>veritatem</span> <span class='ocrx_word' id='word_1_360' title='bbox 1492 1017 1607 1058; x_wconf 81' lang='lat' dir='ltr'>habet,</span> <span class='ocrx_word' id='word_1_361' title='bbox 1624 1028 1682 1059; x_wconf 92' lang='lat' dir='ltr'>pro</span> <span class='ocrx_word' id='word_1_362' title='bbox 1703 1029 1741 1052; x_wconf 92' lang='lat' dir='ltr'>eo</span> 
     </span>
     <span class='ocr_line' id='line_1_60' title="bbox 960 1068 1741 1111; baseline 0.009 -13"><span class='ocrx_word' id='word_1_363' title='bbox 960 1068 1045 1108; x_wconf 88' lang='lat' dir='ltr'>quod</span> <span class='ocrx_word' id='word_1_364' title='bbox 1070 1068 1253 1100; x_wconf 86' lang='lat' dir='ltr'>humanitas</span> <span class='ocrx_word' id='word_1_365' title='bbox 1278 1070 1311 1100; x_wconf 93' lang='lat' dir='ltr'>in</span> <span class='ocrx_word' id='word_1_366' title='bbox 1336 1070 1460 1101; x_wconf 88' lang='lat' dir='ltr'>Christo</span> <span class='ocrx_word' id='word_1_367' title='bbox 1486 1072 1626 1111; x_wconf 87' lang='lat' dir='ltr'>quodam</span> <span class='ocrx_word' id='word_1_368' title='bbox 1646 1073 1741 1105; x_wconf 90' lang='lat' dir='ltr'>modo</span> 
     </span>
     <span class='ocr_line' id='line_1_61' title="bbox 960 1122 1742 1161; baseline 0.009 -10"><span class='ocrx_word' id='word_1_369' title='bbox 960 1122 1187 1161; x_wconf 83' lang='lat' dir='ltr'>proprietatem</span> <span class='ocrx_word' id='word_1_370' title='bbox 1204 1123 1299 1153; x_wconf 89' lang='lat' dir='ltr'>habet</span> <span class='ocrx_word' id='word_1_371' title='bbox 1315 1124 1496 1161; x_wconf 83' lang='lat' dir='ltr'>accidentis,</span> <span class='ocrx_word' id='word_1_372' title='bbox 1524 1125 1557 1155; x_wconf 86' lang='lat' dir='ltr'>in</span> <span class='ocrx_word' id='word_1_373' title='bbox 1582 1125 1642 1157; x_wconf 90' lang='lat' dir='ltr'>hoc</span> <span class='ocrx_word' id='word_1_374' title='bbox 1657 1127 1742 1158; x_wconf 86' lang='lat' dir='ltr'>vide-</span> 
     </span>
     <span class='ocr_line' id='line_1_62' title="bbox 959 1174 1740 1218; baseline 0.008 -14"><span class='ocrx_word' id='word_1_375' title='bbox 959 1174 1032 1205; x_wconf 89' lang='lat' dir='ltr'>licet</span> <span class='ocrx_word' id='word_1_376' title='bbox 1050 1175 1134 1214; x_wconf 92' lang='lat' dir='ltr'>quod</span> <span class='ocrx_word' id='word_1_377' title='bbox 1152 1176 1425 1208; x_wconf 84' lang='lat' dir='ltr'>substantificatur</span> <span class='ocrx_word' id='word_1_378' title='bbox 1441 1177 1473 1207; x_wconf 91' lang='lat' dir='ltr'>in</span> <span class='ocrx_word' id='word_1_379' title='bbox 1485 1179 1648 1218; x_wconf 86' lang='lat' dir='ltr'>supposito</span> <span class='ocrx_word' id='word_1_380' title='bbox 1662 1179 1740 1211; x_wconf 83' lang='lat' dir='ltr'>alte-</span> 
     </span>
     <span class='ocr_line' id='line_1_63' title="bbox 960 1228 1742 1273; baseline 0.008 -15"><span class='ocrx_word' id='word_1_381' title='bbox 960 1228 1028 1258; x_wconf 87' lang='lat' dir='ltr'>rius</span> <span class='ocrx_word' id='word_1_382' title='bbox 1043 1230 1182 1266; x_wconf 80' lang='lat' dir='ltr'>naturae,</span> <span class='ocrx_word' id='word_1_383' title='bbox 1198 1229 1241 1260; x_wconf 88' lang='lat' dir='ltr'>ita</span> <span class='ocrx_word' id='word_1_384' title='bbox 1256 1230 1341 1269; x_wconf 86' lang='lat' dir='ltr'>quod</span> <span class='ocrx_word' id='word_1_385' title='bbox 1356 1239 1422 1260; x_wconf 90' lang='lat' dir='ltr'>non</span> <span class='ocrx_word' id='word_1_386' title='bbox 1437 1231 1490 1261; x_wconf 86' lang='lat' dir='ltr'>dat</span> <span class='ocrx_word' id='word_1_387' title='bbox 1511 1231 1554 1261; x_wconf 89' lang='lat' dir='ltr'>illi</span> <span class='ocrx_word' id='word_1_388' title='bbox 1577 1233 1742 1273; x_wconf 88' lang='lat' dir='ltr'>supposito</span> 
     </span>
     <span class='ocr_line' id='line_1_64' title="bbox 958 1276 1740 1326; baseline 0.008 -14"><span class='ocrx_word' id='word_1_389' title='bbox 958 1276 1102 1322; x_wconf 83' lang='lat' dir='ltr'>primum</span> <span class='ocrx_word' id='word_1_390' title='bbox 1136 1291 1213 1319; x_wconf 79' lang='lat' dir='ltr'>esse,</span> <span class='ocrx_word' id='word_1_391' title='bbox 1242 1283 1295 1313; x_wconf 88' lang='lat' dir='ltr'>sed</span> <span class='ocrx_word' id='word_1_392' title='bbox 1324 1283 1453 1314; x_wconf 82' lang='lat' dir='ltr'>advenit</span> <span class='ocrx_word' id='word_1_393' title='bbox 1474 1285 1543 1324; x_wconf 80' lang='lat' dir='ltr'>jam</span> <span class='ocrx_word' id='word_1_394' title='bbox 1571 1286 1740 1326; x_wconf 87' lang='lat' dir='ltr'>completo.</span> 
     </span>
     <span class='ocr_line' id='line_1_65' title="bbox 959 1334 1742 1371; baseline 0.008 -6"><span class='ocrx_word' id='word_1_395' title='bbox 959 1334 1047 1366; x_wconf 88' lang='lat' dir='ltr'>Unde</span> <span class='ocrx_word' id='word_1_396' title='bbox 1074 1335 1154 1366; x_wconf 82' lang='lat' dir='ltr'>sicut</span> <span class='ocrx_word' id='word_1_397' title='bbox 1179 1336 1290 1366; x_wconf 79' lang='lat' dir='ltr'>albedo</span> <span class='ocrx_word' id='word_1_398' title='bbox 1320 1345 1386 1366; x_wconf 90' lang='grc'>000</span> <span class='ocrx_word' id='word_1_399' title='bbox 1407 1337 1680 1370; x_wconf 82' lang='lat' dir='ltr'>substantificatur</span> <span class='ocrx_word' id='word_1_400' title='bbox 1708 1340 1742 1371; x_wconf 90' lang='lat' dir='ltr'>in</span> 
     </span>
     <span class='ocr_line' id='line_1_66' title="bbox 958 1388 1741 1433; baseline 0.008 -15"><span class='ocrx_word' id='word_1_401' title='bbox 958 1388 1030 1419; x_wconf 87' lang='lat' dir='ltr'>albo</span> <span class='ocrx_word' id='word_1_402' title='bbox 1046 1389 1130 1428; x_wconf 88' lang='lat' dir='ltr'>quod</span> <span class='ocrx_word' id='word_1_403' title='bbox 1144 1389 1184 1419; x_wconf 86' lang='lat' dir='ltr'>sit</span> <span class='ocrx_word' id='word_1_404' title='bbox 1202 1389 1235 1419; x_wconf 93' lang='lat' dir='ltr'>in</span> <span class='ocrx_word' id='word_1_405' title='bbox 1248 1398 1367 1428; x_wconf 82' lang='lat' dir='ltr'>genere</span> <span class='ocrx_word' id='word_1_406' title='bbox 1379 1390 1550 1429; x_wconf 81' lang='lat' dir='ltr'>qualitatis,</span> <span class='ocrx_word' id='word_1_407' title='bbox 1566 1392 1620 1423; x_wconf 87' lang='lat' dir='ltr'>sed</span> <span class='ocrx_word' id='word_1_408' title='bbox 1637 1393 1741 1433; x_wconf 82' lang='lat' dir='ltr'>magis</span> 
     </span>
     <span class='ocr_line' id='line_1_67' title="bbox 957 1442 1740 1486; baseline 0.009 -14"><span class='ocrx_word' id='word_1_409' title='bbox 957 1442 993 1472; x_wconf 92' lang='lat' dir='ltr'>in</span> <span class='ocrx_word' id='word_1_410' title='bbox 1008 1443 1196 1481; x_wconf 83' lang='lat' dir='ltr'>substantia,</span> <span class='ocrx_word' id='word_1_411' title='bbox 1213 1452 1272 1474; x_wconf 87' lang='grc'>000</span> <span class='ocrx_word' id='word_1_412' title='bbox 1285 1443 1330 1474; x_wconf 87' lang='lat' dir='ltr'>illi</span> <span class='ocrx_word' id='word_1_413' title='bbox 1346 1444 1399 1474; x_wconf 82' lang='lat' dir='ltr'>dat</span> <span class='ocrx_word' id='word_1_414' title='bbox 1414 1453 1489 1483; x_wconf 83' lang='lat' dir='ltr'>esse,</span> <span class='ocrx_word' id='word_1_415' title='bbox 1506 1446 1558 1476; x_wconf 86' lang='lat' dir='ltr'>sed</span> <span class='ocrx_word' id='word_1_416' title='bbox 1573 1447 1641 1486; x_wconf 84' lang='lat' dir='ltr'>J&#39;am</span> <span class='ocrx_word' id='word_1_417' title='bbox 1656 1456 1740 1478; x_wconf 89' lang='lat' dir='ltr'>com-</span> 
     </span>
     <span class='ocr_line' id='line_1_68' title="bbox 958 1496 1740 1537; baseline 0.008 -11"><span class='ocrx_word' id='word_1_418' title='bbox 958 1496 1043 1536; x_wconf 87' lang='lat' dir='ltr'>pleto</span> <span class='ocrx_word' id='word_1_419' title='bbox 1063 1497 1208 1534; x_wconf 86' lang='lat' dir='ltr'>advenit;</span> <span class='ocrx_word' id='word_1_420' title='bbox 1226 1497 1270 1528; x_wconf 87' lang='lat' dir='ltr'>sie</span> <span class='ocrx_word' id='word_1_421' title='bbox 1290 1506 1347 1537; x_wconf 89' lang='lat' dir='ltr'>per</span> <span class='ocrx_word' id='word_1_422' title='bbox 1370 1498 1543 1537; x_wconf 88' lang='lat' dir='ltr'>quamdam</span> <span class='ocrx_word' id='word_1_423' title='bbox 1565 1500 1740 1532; x_wconf 87' lang='lat' dir='ltr'>conformi-</span> 
     </span>
     <span class='ocr_line' id='line_1_69' title="bbox 958 1551 1736 1592; baseline 0.008 -12"><span class='ocrx_word' id='word_1_424' title='bbox 958 1552 1054 1580; x_wconf 84' lang='lat' dir='ltr'>tatem</span> <span class='ocrx_word' id='word_1_425' title='bbox 1067 1552 1112 1581; x_wconf 88' lang='lat' dir='ltr'>est</span> <span class='ocrx_word' id='word_1_426' title='bbox 1122 1551 1260 1590; x_wconf 82' lang='lat' dir='ltr'>reperire</span> <span class='ocrx_word' id='word_1_427' title='bbox 1271 1551 1354 1582; x_wconf 75' lang='lat' dir='ltr'>circa</span> <span class='ocrx_word' id='word_1_428' title='bbox 1364 1552 1479 1583; x_wconf 84' lang='lat' dir='ltr'>Christi</span> <span class='ocrx_word' id='word_1_429' title='bbox 1490 1553 1736 1592; x_wconf 69' lang='lat' dir='ltr'>humanitatem,</span> 
     </span>
     <span class='ocr_line' id='line_1_70' title="bbox 958 1605 1739 1647; baseline 0.009 -14"><span class='ocrx_word' id='word_1_430' title='bbox 958 1613 1031 1644; x_wconf 82' lang='lat' dir='ltr'>quae</span> <span class='ocrx_word' id='word_1_431' title='bbox 1072 1605 1344 1636; x_wconf 84' lang='lat' dir='ltr'>substantificatur</span> <span class='ocrx_word' id='word_1_432' title='bbox 1384 1605 1417 1636; x_wconf 91' lang='grc'>10</span> <span class='ocrx_word' id='word_1_433' title='bbox 1456 1606 1567 1637; x_wconf 87' lang='lat' dir='ltr'>divina</span> <span class='ocrx_word' id='word_1_434' title='bbox 1602 1617 1739 1647; x_wconf 82' lang='lat' dir='ltr'>persona</span> 
     </span>
     <span class='ocr_line' id='line_1_71' title="bbox 957 1657 1740 1702; baseline 0.008 -15"><span class='ocrx_word' id='word_1_435' title='bbox 957 1657 1094 1688; x_wconf 83' lang='lat' dir='ltr'>habente</span> <span class='ocrx_word' id='word_1_436' title='bbox 1109 1658 1284 1697; x_wconf 83' lang='lat' dir='ltr'>perfectum</span> <span class='ocrx_word' id='word_1_437' title='bbox 1294 1668 1361 1689; x_wconf 87' lang='lat' dir='ltr'>esse</span> <span class='ocrx_word' id='word_1_438' title='bbox 1373 1668 1413 1690; x_wconf 79' lang='lat' dir='ltr'>ex</span> <span class='ocrx_word' id='word_1_439' title='bbox 1424 1659 1485 1690; x_wconf 83' lang='lat' dir='ltr'>alia</span> <span class='ocrx_word' id='word_1_440' title='bbox 1501 1663 1626 1700; x_wconf 81' lang='lat' dir='ltr'>natura,</span> <span class='ocrx_word' id='word_1_441' title='bbox 1640 1671 1740 1702; x_wconf 87' lang='lat' dir='ltr'>quam</span> 
     </span>
     <span class='ocr_line' id='line_1_72' title="bbox 958 1710 1741 1750; baseline 0.009 -10"><span class='ocrx_word' id='word_1_442' title='bbox 958 1719 999 1741; x_wconf 78' lang='lat' dir='ltr'>ex</span> <span class='ocrx_word' id='word_1_443' title='bbox 1014 1710 1082 1750; x_wconf 89' lang='lat' dir='ltr'>ipsa</span> <span class='ocrx_word' id='word_1_444' title='bbox 1098 1711 1310 1750; x_wconf 84' lang='lat' dir='ltr'>humanitate,</span> <span class='ocrx_word' id='word_1_445' title='bbox 1325 1712 1473 1744; x_wconf 86' lang='lat' dir='ltr'>videlicet</span> <span class='ocrx_word' id='word_1_446' title='bbox 1493 1723 1533 1745; x_wconf 77' lang='lat' dir='ltr'>ex</span> <span class='ocrx_word' id='word_1_447' title='bbox 1558 1715 1679 1746; x_wconf 89' lang='lat' dir='ltr'>divina.</span> <span class='ocrx_word' id='word_1_448' title='bbox 1701 1716 1741 1747; x_wconf 89' lang='lat' dir='ltr'>Et</span> 
     </span>
     <span class='ocr_line' id='line_1_73' title="bbox 958 1766 1739 1809; baseline 0.009 -15"><span class='ocrx_word' id='word_1_449' title='bbox 958 1766 1124 1804; x_wconf 80' lang='lat' dir='ltr'>propterea</span> <span class='ocrx_word' id='word_1_450' title='bbox 1154 1766 1254 1796; x_wconf 88' lang='lat' dir='ltr'>nostri</span> <span class='ocrx_word' id='word_1_451' title='bbox 1279 1766 1421 1797; x_wconf 85' lang='lat' dir='ltr'>doctores</span> <span class='ocrx_word' id='word_1_452' title='bbox 1450 1767 1620 1806; x_wconf 82' lang='lat' dir='ltr'>dixerunt,</span> <span class='ocrx_word' id='word_1_453' title='bbox 1652 1770 1739 1809; x_wconf 88' lang='lat' dir='ltr'>quod</span> 
     </span>
     <span class='ocr_line' id='line_1_74' title="bbox 957 1817 1740 1860; baseline 0.008 -12"><span class='ocrx_word' id='word_1_454' title='bbox 957 1817 1102 1848; x_wconf 85' lang='lat' dir='ltr'>humana</span> <span class='ocrx_word' id='word_1_455' title='bbox 1115 1820 1233 1850; x_wconf 88' lang='lat' dir='ltr'>natura</span> <span class='ocrx_word' id='word_1_456' title='bbox 1247 1819 1280 1849; x_wconf 93' lang='grc'>10</span> <span class='ocrx_word' id='word_1_457' title='bbox 1289 1819 1412 1851; x_wconf 87' lang='lat' dir='ltr'>Christo</span> <span class='ocrx_word' id='word_1_458' title='bbox 1425 1821 1531 1860; x_wconf 84' lang='lat' dir='ltr'>vergit</span> <span class='ocrx_word' id='word_1_459' title='bbox 1547 1822 1580 1852; x_wconf 89' lang='lat' dir='ltr'>in</span> <span class='ocrx_word' id='word_1_460' title='bbox 1595 1823 1740 1854; x_wconf 89' lang='lat' dir='ltr'>accidens</span> 
     </span>
     <span class='ocr_line' id='line_1_75' title="bbox 958 1871 1740 1912; baseline 0.009 -11"><span class='ocrx_word' id='word_1_461' title='bbox 958 1871 1135 1902; x_wconf 85' lang='lat' dir='ltr'>secundum</span> <span class='ocrx_word' id='word_1_462' title='bbox 1151 1872 1324 1912; x_wconf 88' lang='lat' dir='ltr'>quamdam</span> <span class='ocrx_word' id='word_1_463' title='bbox 1343 1873 1608 1906; x_wconf 82' lang='lat' dir='ltr'>conformitatem.</span> <span class='ocrx_word' id='word_1_464' title='bbox 1628 1875 1665 1907; x_wconf 86' lang='lat' dir='ltr'>Et</span> <span class='ocrx_word' id='word_1_465' title='bbox 1679 1876 1740 1908; x_wconf 87' lang='lat' dir='ltr'>hoc</span> 
     </span>
     <span class='ocr_line' id='line_1_76' title="bbox 957 1924 1740 1964; baseline 0.005 -10"><span class='ocrx_word' id='word_1_466' title='bbox 957 1924 982 1954; x_wconf 91' lang='lat' dir='ltr'>si</span> <span class='ocrx_word' id='word_1_467' title='bbox 998 1924 1197 1964; x_wconf 81' lang='lat' dir='ltr'>intelligatur</span> <span class='ocrx_word' id='word_1_468' title='bbox 1211 1934 1304 1964; x_wconf 88' lang='lat' dir='ltr'>sane,</span> <span class='ocrx_word' id='word_1_469' title='bbox 1331 1928 1376 1957; x_wconf 91' lang='lat' dir='ltr'>est</span> <span class='ocrx_word' id='word_1_470' title='bbox 1397 1927 1518 1958; x_wconf 87' lang='lat' dir='ltr'>dictum</span> <span class='ocrx_word' id='word_1_471' title='bbox 1535 1928 1693 1960; x_wconf 85' lang='lat' dir='ltr'>subtiliter</span> <span class='ocrx_word' id='word_1_472' title='bbox 1710 1933 1740 1961; x_wconf 83' lang='lat' dir='ltr'>et</span> 
     </span>
     <span class='ocr_line' id='line_1_77' title="bbox 957 1979 1739 2014; baseline 0.006 -4"><span class='ocrx_word' id='word_1_473' title='bbox 957 1979 1123 2011; x_wconf 82' lang='lat' dir='ltr'>catholice.</span> <span class='ocrx_word' id='word_1_474' title='bbox 1140 1979 1278 2010; x_wconf 79' lang='lat' dir='ltr'>Maxime</span> <span class='ocrx_word' id='word_1_475' title='bbox 1301 1982 1410 2011; x_wconf 88' lang='lat' dir='ltr'>autem</span> <span class='ocrx_word' id='word_1_476' title='bbox 1426 1981 1509 2012; x_wconf 89' lang='lat' dir='ltr'>inter</span> <span class='ocrx_word' id='word_1_477' title='bbox 1523 1991 1654 2013; x_wconf 90' lang='lat' dir='ltr'>omnem</span> <span class='ocrx_word' id='word_1_478' title='bbox 1670 1992 1739 2014; x_wconf 68' lang='lat' dir='ltr'>mo-</span> 
     </span>
     <span class='ocr_line' id='line_1_78' title="bbox 957 2033 1739 2078; baseline 0.005 -14"><span class='ocrx_word' id='word_1_479' title='bbox 957 2033 1034 2065; x_wconf 90' lang='lat' dir='ltr'>dum</span> <span class='ocrx_word' id='word_1_480' title='bbox 1054 2034 1224 2065; x_wconf 86' lang='lat' dir='ltr'>accidentis</span> <span class='ocrx_word' id='word_1_481' title='bbox 1248 2035 1382 2065; x_wconf 89' lang='lat' dir='ltr'>modum</span> <span class='ocrx_word' id='word_1_482' title='bbox 1405 2035 1535 2066; x_wconf 85' lang='lat' dir='ltr'>habitus</span> <span class='ocrx_word' id='word_1_483' title='bbox 1558 2036 1664 2075; x_wconf 88' lang='lat' dir='ltr'>habet,</span> <span class='ocrx_word' id='word_1_484' title='bbox 1682 2047 1739 2078; x_wconf 82' lang='lat' dir='ltr'>pro</span> 
     </span>
     <span class='ocr_line' id='line_1_79' title="bbox 957 2087 1739 2128; baseline 0.005 -11"><span class='ocrx_word' id='word_1_485' title='bbox 957 2095 994 2117; x_wconf 88' lang='lat' dir='ltr'>eo</span> <span class='ocrx_word' id='word_1_486' title='bbox 1009 2088 1094 2126; x_wconf 84' lang='lat' dir='ltr'>quod</span> <span class='ocrx_word' id='word_1_487' title='bbox 1111 2087 1240 2118; x_wconf 89' lang='lat' dir='ltr'>habitus</span> <span class='ocrx_word' id='word_1_488' title='bbox 1254 2088 1401 2119; x_wconf 85' lang='lat' dir='ltr'>nominat</span> <span class='ocrx_word' id='word_1_489' title='bbox 1415 2089 1626 2128; x_wconf 83' lang='lat' dir='ltr'>adjacentiam</span> <span class='ocrx_word' id='word_1_490' title='bbox 1641 2092 1739 2121; x_wconf 82' lang='lat' dir='ltr'>unius</span> 
     </span>
     <span class='ocr_line' id='line_1_80' title="bbox 957 2140 1739 2183; baseline 0.006 -13"><span class='ocrx_word' id='word_1_491' title='bbox 957 2140 1143 2172; x_wconf 76' lang='lat' dir='ltr'>substantiae</span> <span class='ocrx_word' id='word_1_492' title='bbox 1168 2144 1314 2181; x_wconf 84' lang='lat' dir='ltr'>respectu</span> <span class='ocrx_word' id='word_1_493' title='bbox 1338 2142 1488 2181; x_wconf 83' lang='lat' dir='ltr'>alterius,</span> <span class='ocrx_word' id='word_1_494' title='bbox 1515 2152 1588 2183; x_wconf 86' lang='lat' dir='ltr'>quae</span> <span class='ocrx_word' id='word_1_495' title='bbox 1610 2144 1739 2183; x_wconf 87' lang='lat' dir='ltr'>quidem</span> 
     </span>
     <span class='ocr_line' id='line_1_81' title="bbox 957 2195 1735 2238; baseline 0.006 -14"><span class='ocrx_word' id='word_1_496' title='bbox 957 2196 1059 2233; x_wconf 86' lang='lat' dir='ltr'>potest</span> <span class='ocrx_word' id='word_1_497' title='bbox 1079 2203 1146 2225; x_wconf 89' lang='lat' dir='ltr'>esse</span> <span class='ocrx_word' id='word_1_498' title='bbox 1170 2195 1340 2235; x_wconf 89' lang='lat' dir='ltr'>utriusque</span> <span class='ocrx_word' id='word_1_499' title='bbox 1370 2199 1495 2228; x_wconf 87' lang='lat' dir='ltr'>servata</span> <span class='ocrx_word' id='word_1_500' title='bbox 1530 2198 1735 2238; x_wconf 85' lang='lat' dir='ltr'>proprietate.</span> 
     </span>
     <span class='ocr_line' id='line_1_82' title="bbox 958 2247 1738 2292; baseline 0.006 -14"><span class='ocrx_word' id='word_1_501' title='bbox 958 2247 995 2278; x_wconf 90' lang='lat' dir='ltr'>Et</span> <span class='ocrx_word' id='word_1_502' title='bbox 1006 2248 1077 2279; x_wconf 85' lang='lat' dir='ltr'>ideo</span> <span class='ocrx_word' id='word_1_503' title='bbox 1090 2249 1272 2289; x_wconf 86' lang='lat' dir='ltr'>Apostolus,</span> <span class='ocrx_word' id='word_1_504' title='bbox 1287 2249 1556 2289; x_wconf 83' lang='lat' dir='ltr'>prudentissimus</span> <span class='ocrx_word' id='word_1_505' title='bbox 1568 2251 1641 2283; x_wconf 88' lang='lat' dir='ltr'>fidei</span> <span class='ocrx_word' id='word_1_506' title='bbox 1652 2261 1738 2292; x_wconf 83' lang='lat' dir='ltr'>prae-</span> 
     </span>
     <span class='ocr_line' id='line_1_83' title="bbox 956 2301 1738 2342; baseline 0.003 -9"><span class='ocrx_word' id='word_1_507' title='bbox 956 2301 1087 2340; x_wconf 86' lang='lat' dir='ltr'>dicator,</span> <span class='ocrx_word' id='word_1_508' title='bbox 1111 2304 1142 2333; x_wconf 91' lang='lat' dir='ltr'>et</span> <span class='ocrx_word' id='word_1_509' title='bbox 1166 2302 1392 2342; x_wconf 80' lang='lat' dir='ltr'>Augustinus,</span> <span class='ocrx_word' id='word_1_510' title='bbox 1418 2303 1646 2335; x_wconf 88' lang='lat' dir='ltr'>subtilissimus</span> <span class='ocrx_word' id='word_1_511' title='bbox 1665 2304 1738 2335; x_wconf 89' lang='lat' dir='ltr'>fidei</span> 
     </span>
     <span class='ocr_line' id='line_1_84' title="bbox 957 2355 1738 2397; baseline 0.004 -11"><span class='ocrx_word' id='word_1_512' title='bbox 957 2355 1118 2393; x_wconf 83' lang='lat' dir='ltr'>defensor,</span> <span class='ocrx_word' id='word_1_513' title='bbox 1139 2356 1304 2387; x_wconf 88' lang='lat' dir='ltr'>insinuant</span> <span class='ocrx_word' id='word_1_514' title='bbox 1330 2357 1436 2397; x_wconf 87' lang='lat' dir='ltr'>aliquo</span> <span class='ocrx_word' id='word_1_515' title='bbox 1462 2357 1557 2388; x_wconf 90' lang='lat' dir='ltr'>modo</span> <span class='ocrx_word' id='word_1_516' title='bbox 1577 2357 1738 2389; x_wconf 85' lang='lat' dir='ltr'>Christum</span> 
     </span>
     <span class='ocr_line' id='line_1_85' title="bbox 956 2409 1738 2442; baseline 0.004 -3"><span class='ocrx_word' id='word_1_517' title='bbox 956 2409 1018 2440; x_wconf 90' lang='lat' dir='ltr'>dici</span> <span class='ocrx_word' id='word_1_518' title='bbox 1033 2409 1199 2441; x_wconf 88' lang='lat' dir='ltr'>hominem</span> <span class='ocrx_word' id='word_1_519' title='bbox 1214 2410 1392 2441; x_wconf 88' lang='lat' dir='ltr'>secundum</span> <span class='ocrx_word' id='word_1_520' title='bbox 1408 2411 1554 2441; x_wconf 86' lang='lat' dir='ltr'>habitum</span> <span class='ocrx_word' id='word_1_521' title='bbox 1571 2422 1578 2441; x_wconf 91' lang='lat'>:</span> <span class='ocrx_word' id='word_1_522' title='bbox 1596 2420 1661 2442; x_wconf 91' lang='lat' dir='ltr'>non</span> <span class='ocrx_word' id='word_1_523' title='bbox 1676 2420 1738 2442; x_wconf 79' lang='lat' dir='ltr'>ex-</span> 
     </span>
     <span class='ocr_line' id='line_1_86' title="bbox 958 2464 1737 2505; baseline 0.003 -10"><span class='ocrx_word' id='word_1_524' title='bbox 958 2464 1120 2495; x_wconf 89' lang='lat' dir='ltr'>cludentes</span> <span class='ocrx_word' id='word_1_525' title='bbox 1146 2474 1203 2504; x_wconf 89' lang='lat' dir='ltr'>per</span> <span class='ocrx_word' id='word_1_526' title='bbox 1228 2465 1289 2496; x_wconf 89' lang='lat' dir='ltr'>hoc</span> <span class='ocrx_word' id='word_1_527' title='bbox 1312 2465 1391 2505; x_wconf 89' lang='lat' dir='ltr'>quin</span> <span class='ocrx_word' id='word_1_528' title='bbox 1418 2465 1516 2496; x_wconf 92' lang='lat' dir='ltr'>homo</span> <span class='ocrx_word' id='word_1_529' title='bbox 1549 2465 1672 2496; x_wconf 86' lang='lat' dir='ltr'>dicatur</span> <span class='ocrx_word' id='word_1_530' title='bbox 1698 2465 1737 2497; x_wconf 87' lang='lat' dir='ltr'>de</span> 
     </span>
     <span class='ocr_line' id='line_1_87' title="bbox 956 2518 1737 2551; baseline 0.003 -2"><span class='ocrx_word' id='word_1_531' title='bbox 956 2518 1079 2549; x_wconf 86' lang='lat' dir='ltr'>Christo</span> <span class='ocrx_word' id='word_1_532' title='bbox 1095 2518 1272 2549; x_wconf 89' lang='lat' dir='ltr'>secundum</span> <span class='ocrx_word' id='word_1_533' title='bbox 1300 2519 1525 2550; x_wconf 86' lang='lat' dir='ltr'>substantiam.</span> <span class='ocrx_word' id='word_1_534' title='bbox 1550 2518 1620 2549; x_wconf 82' lang='lat' dir='ltr'>Alio</span> <span class='ocrx_word' id='word_1_535' title='bbox 1640 2519 1737 2551; x_wconf 90' lang='lat' dir='ltr'>modo</span> 
     </span>
     <span class='ocr_line' id='line_1_88' title="bbox 956 2571 1735 2612; baseline 0.004 -11"><span class='ocrx_word' id='word_1_536' title='bbox 956 2573 1003 2602; x_wconf 88' lang='lat' dir='ltr'>est</span> <span class='ocrx_word' id='word_1_537' title='bbox 1018 2571 1207 2611; x_wconf 86' lang='lat' dir='ltr'>intelligere,</span> <span class='ocrx_word' id='word_1_538' title='bbox 1224 2572 1310 2612; x_wconf 88' lang='lat' dir='ltr'>quod</span> <span class='ocrx_word' id='word_1_539' title='bbox 1325 2571 1467 2603; x_wconf 76' lang='lat' dir='ltr'>Christus</span> <span class='ocrx_word' id='word_1_540' title='bbox 1490 2572 1614 2603; x_wconf 88' lang='lat' dir='ltr'>dicatur</span> <span class='ocrx_word' id='word_1_541' title='bbox 1637 2571 1735 2604; x_wconf 90' lang='lat' dir='ltr'>homo</span> 
     </span>
     <span class='ocr_line' id='line_1_89' title="bbox 955 2625 1736 2666; baseline 0.003 -10"><span class='ocrx_word' id='word_1_542' title='bbox 955 2625 1134 2656; x_wconf 87' lang='lat' dir='ltr'>secundum</span> <span class='ocrx_word' id='word_1_543' title='bbox 1158 2626 1321 2664; x_wconf 83' lang='lat' dir='ltr'>accidens,</span> <span class='ocrx_word' id='word_1_544' title='bbox 1349 2626 1393 2657; x_wconf 85' lang='lat' dir='ltr'>ita</span> <span class='ocrx_word' id='word_1_545' title='bbox 1419 2625 1505 2666; x_wconf 85' lang='lat' dir='ltr'>quod</span> <span class='ocrx_word' id='word_1_546' title='bbox 1542 2625 1657 2658; x_wconf 88' lang='lat' dir='ltr'>modus</span> <span class='ocrx_word' id='word_1_547' title='bbox 1682 2626 1736 2659; x_wconf 90' lang='lat' dir='ltr'>ille</span> 
     </span>
    </p>
   </div>
   <div class='ocr_carea' id='block_1_10' title="bbox 955 2682 1734 2723">
    <p class='ocr_par' dir='ltr' id='par_1_15' title="bbox 955 2682 1734 2723">
     <span class='ocr_line' id='line_1_90' title="bbox 955 2682 1734 2723; baseline 0.001 -8"><span class='ocrx_word' id='word_1_548' title='bbox 955 2682 1148 2723; x_wconf 69' lang='lat' dir='ltr'>praedicandi</span> <span class='ocrx_word' id='word_1_549' title='bbox 1173 2683 1215 2715; x_wconf 88' lang='lat' dir='ltr'>sit</span> <span class='ocrx_word' id='word_1_550' title='bbox 1237 2683 1371 2716; x_wconf 87' lang='lat' dir='ltr'>omnino</span> <span class='ocrx_word' id='word_1_551' title='bbox 1389 2683 1601 2723; x_wconf 82' lang='lat' dir='ltr'>accidentalis,</span> <span class='ocrx_word' id='word_1_552' title='bbox 1616 2686 1648 2716; x_wconf 88' lang='lat' dir='ltr'>et</span> <span class='ocrx_word' id='word_1_553' title='bbox 1668 2692 1734 2717; x_wconf 88' lang='lat' dir='ltr'>non</span> 
     </span>
    </p>
   </div>
  </div>
 </body>
</html>
