<?xml version="1.0" encoding="UTF-8"?>
<!DOCTYPE html PUBLIC "-//W3C//DTD XHTML 1.0 Transitional//EN"
    "http://www.w3.org/TR/xhtml1/DTD/xhtml1-transitional.dtd">
<html xmlns="http://www.w3.org/1999/xhtml" xml:lang="en" lang="en">
 <head>
  <title>
</title>
<meta http-equiv="Content-Type" content="text/html;charset=utf-8" />
  <meta name='ocr-system' content='tesseract 3.04.00' />
  <meta name='ocr-capabilities' content='ocr_page ocr_carea ocr_par ocr_line ocrx_word'/>
</head>
<body>
  <div class='ocr_page' id='page_1' title='image "./operaomniasixtiv04bonauoft/operaomniasixtiv04bonauoft_0549.png"; bbox 0 0 2017 2960; ppageno 0'>
   <div class='ocr_carea' id='block_1_1' title="bbox 621 146 1235 184">
    <p class='ocr_par' dir='ltr' id='par_1_1' title="bbox 621 146 1235 184">
     <span class='ocr_line' id='line_1_1' title="bbox 621 146 1235 184; baseline -0.008 -3"><span class='ocrx_word' id='word_1_1' title='bbox 621 149 716 181; x_wconf 88' lang='lat' dir='ltr'>DlST.</span> <span class='ocrx_word' id='word_1_2' title='bbox 739 148 843 180; x_wconf 86' lang='lat' dir='ltr'>XXIV.</span> <span class='ocrx_word' id='word_1_3' title='bbox 868 147 957 179; x_wconf 71' lang='grc' dir='ltr'><strong>ΛΒΤ.</strong></span> <span class='ocrx_word' id='word_1_4' title='bbox 982 147 1019 178; x_wconf 92' lang='grc'>11.</span> <span class='ocrx_word' id='word_1_5' title='bbox 1043 146 1192 184; x_wconf 84' lang='lat' dir='ltr'><strong>QUAEST.</strong></span> <span class='ocrx_word' id='word_1_6' title='bbox 1212 147 1235 177; x_wconf 93' lang='lat' dir='ltr'>l.</span> 
     </span>
    </p>
   </div>
   <div class='ocr_carea' id='block_1_2' title="bbox 135 214 909 1525">
    <p class='ocr_par' dir='ltr' id='par_1_2' title="bbox 135 214 908 674">
     <span class='ocr_line' id='line_1_2' title="bbox 176 214 905 256; baseline -0.007 -6"><span class='ocrx_word' id='word_1_7' title='bbox 176 221 206 250; x_wconf 78' lang='lat'>2.</span> <span class='ocrx_word' id='word_1_8' title='bbox 235 218 314 249; x_wconf 83' lang='lat' dir='ltr'><strong>Item</strong></span> <span class='ocrx_word' id='word_1_9' title='bbox 332 217 535 256; x_wconf 82' lang='lat' dir='ltr'>Augustinus</span> <span class='ocrx_word' id='word_1_10' title='bbox 555 216 714 247; x_wconf 84' lang='lat' dir='ltr'>diffiniens</span> <span class='ocrx_word' id='word_1_11' title='bbox 737 215 834 246; x_wconf 88' lang='lat' dir='ltr'>fidem</span> <span class='ocrx_word' id='word_1_12' title='bbox 857 214 905 244; x_wconf 91' lang='lat' dir='ltr'>di-</span> 
     </span>
     <span class='ocr_line' id='line_1_3' title="bbox 136 267 901 309; baseline -0.01 -6"><span class='ocrx_word' id='word_1_13' title='bbox 136 272 195 303; x_wconf 85' lang='lat' dir='ltr'>cit¹</span> <span class='ocrx_word' id='word_1_14' title='bbox 213 281 220 302; x_wconf 91' lang='lat'><strong>:</strong></span> <span class='ocrx_word' id='word_1_15' title='bbox 243 270 358 301; x_wconf 87' lang='lat' dir='ltr'>«Fidei</span> <span class='ocrx_word' id='word_1_16' title='bbox 380 270 427 300; x_wconf 90' lang='lat' dir='ltr'>est</span> <span class='ocrx_word' id='word_1_17' title='bbox 448 269 573 300; x_wconf 88' lang='lat' dir='ltr'>credere</span> <span class='ocrx_word' id='word_1_18' title='bbox 587 268 672 309; x_wconf 90' lang='lat' dir='ltr'>quod</span> <span class='ocrx_word' id='word_1_19' title='bbox 687 277 751 299; x_wconf 92' lang='lat' dir='ltr'>non</span> <span class='ocrx_word' id='word_1_20' title='bbox 765 267 870 303; x_wconf 87' lang='lat' dir='ltr'>vides;</span> <span class='ocrx_word' id='word_1_21' title='bbox 887 276 901 294; x_wconf 73' lang='lat' dir='ltr'>n</span> 
     </span>
     <span class='ocr_line' id='line_1_4' title="bbox 136 321 904 364; baseline -0.008 -8"><span class='ocrx_word' id='word_1_22' title='bbox 136 326 168 356; x_wconf 90' lang='lat' dir='ltr'>et</span> <span class='ocrx_word' id='word_1_23' title='bbox 190 324 222 355; x_wconf 90' lang='lat' dir='ltr'>in</span> <span class='ocrx_word' id='word_1_24' title='bbox 246 322 433 364; x_wconf 66' lang='lat' dir='ltr'>praecedenti</span> <span class='ocrx_word' id='word_1_25' title='bbox 457 322 655 353; x_wconf 87' lang='lat' dir='ltr'>distinctione</span> <span class='ocrx_word' id='word_1_26' title='bbox 679 321 825 352; x_wconf 87' lang='lat' dir='ltr'>habitum</span> <span class='ocrx_word' id='word_1_27' title='bbox 848 321 904 356; x_wconf 87' lang='lat' dir='ltr'>est,</span> 
     </span>
     <span class='ocr_line' id='line_1_5' title="bbox 136 375 906 417; baseline -0.006 -10"><span class='ocrx_word' id='word_1_28' title='bbox 136 377 222 417; x_wconf 91' lang='lat' dir='ltr'>quod</span> <span class='ocrx_word' id='word_1_29' title='bbox 240 377 317 407; x_wconf 89' lang='lat' dir='ltr'>fides</span> <span class='ocrx_word' id='word_1_30' title='bbox 339 378 384 406; x_wconf 91' lang='lat' dir='ltr'>est</span> <span class='ocrx_word' id='word_1_31' title='bbox 400 376 520 414; x_wconf 84' lang='lat' dir='ltr'>virtus,</span> <span class='ocrx_word' id='word_1_32' title='bbox 538 386 602 416; x_wconf 82' lang='lat' dir='ltr'>qna</span> <span class='ocrx_word' id='word_1_33' title='bbox 625 375 799 406; x_wconf 87' lang='lat' dir='ltr'>creduntur</span> <span class='ocrx_word' id='word_1_34' title='bbox 811 398 818 412; x_wconf 81' lang='lat'>,</span> <span class='ocrx_word' id='word_1_35' title='bbox 834 381 906 413; x_wconf 76' lang='lat' dir='ltr'>quae</span> 
     </span>
     <span class='ocr_line' id='line_1_6' title="bbox 136 425 904 468; baseline -0.005 -8"><span class='ocrx_word' id='word_1_36' title='bbox 136 439 200 460; x_wconf 90' lang='lat' dir='ltr'>non</span> <span class='ocrx_word' id='word_1_37' title='bbox 215 428 374 460; x_wconf 82' lang='lat' dir='ltr'>videntur.</span> <span class='ocrx_word' id='word_1_38' title='bbox 391 428 429 459; x_wconf 87' lang='lat' dir='ltr'>Et</span> <span class='ocrx_word' id='word_1_39' title='bbox 444 429 615 468; x_wconf 80' lang='lat' dir='ltr'>Gregorius</span> <span class='ocrx_word' id='word_1_40' title='bbox 633 429 666 459; x_wconf 85' lang='lat' dir='ltr'>in</span> <span class='ocrx_word' id='word_1_41' title='bbox 685 427 823 467; x_wconf 82' lang='lat' dir='ltr'>quadam</span> <span class='ocrx_word' id='word_1_42' title='bbox 847 425 904 456; x_wconf 91' lang='lat' dir='ltr'>ho-</span> 
     </span>
     <span class='ocr_line' id='line_1_7' title="bbox 136 481 907 520; baseline -0.004 -8"><span class='ocrx_word' id='word_1_43' title='bbox 136 483 223 513; x_wconf 89' lang='lat' dir='ltr'>milia</span> <span class='ocrx_word' id='word_1_44' title='bbox 239 482 418 513; x_wconf 78' lang='lat' dir='ltr'>Paschali2:</span> <span class='ocrx_word' id='word_1_45' title='bbox 438 483 540 520; x_wconf 80' lang='lat' dir='ltr'>«Quae</span> <span class='ocrx_word' id='word_1_46' title='bbox 555 482 715 519; x_wconf 81' lang='lat' dir='ltr'>videntur,</span> <span class='ocrx_word' id='word_1_47' title='bbox 731 481 826 511; x_wconf 89' lang='lat' dir='ltr'>fidem</span> <span class='ocrx_word' id='word_1_48' title='bbox 843 488 907 511; x_wconf 89' lang='lat' dir='ltr'>non</span> 
     </span>
     <span class='ocr_line' id='line_1_8' title="bbox 135 534 908 575; baseline -0.005 -9"><span class='ocrx_word' id='word_1_49' title='bbox 135 536 264 574; x_wconf 83' lang='lat' dir='ltr'>habent,</span> <span class='ocrx_word' id='word_1_50' title='bbox 282 536 336 566; x_wconf 90' lang='lat' dir='ltr'>sed</span> <span class='ocrx_word' id='word_1_51' title='bbox 351 536 559 575; x_wconf 83' lang='lat' dir='ltr'>agnitionem.</span> <span class='ocrx_word' id='word_1_52' title='bbox 574 546 589 563; x_wconf 86' lang='lat'>»</span> <span class='ocrx_word' id='word_1_53' title='bbox 604 535 690 573; x_wconf 81' lang='lat' dir='ltr'>Ergo</span> <span class='ocrx_word' id='word_1_54' title='bbox 703 543 768 565; x_wconf 91' lang='lat' dir='ltr'>non</span> <span class='ocrx_word' id='word_1_55' title='bbox 783 534 908 566; x_wconf 85' lang='lat' dir='ltr'>videtur</span> 
     </span>
     <span class='ocr_line' id='line_1_9' title="bbox 135 588 908 630; baseline -0.004 -10"><span class='ocrx_word' id='word_1_56' title='bbox 135 589 219 628; x_wconf 87' lang='lat' dir='ltr'>quod</span> <span class='ocrx_word' id='word_1_57' title='bbox 233 589 270 620; x_wconf 89' lang='lat' dir='ltr'>de</span> <span class='ocrx_word' id='word_1_58' title='bbox 284 589 403 620; x_wconf 89' lang='lat' dir='ltr'>eisdem</span> <span class='ocrx_word' id='word_1_59' title='bbox 419 590 516 630; x_wconf 80' lang='lat' dir='ltr'>possit</span> <span class='ocrx_word' id='word_1_60' title='bbox 532 598 599 620; x_wconf 87' lang='lat' dir='ltr'>esse</span> <span class='ocrx_word' id='word_1_61' title='bbox 615 589 692 619; x_wconf 87' lang='lat' dir='ltr'>fides</span> <span class='ocrx_word' id='word_1_62' title='bbox 710 588 840 618; x_wconf 88' lang='lat' dir='ltr'>interior</span> <span class='ocrx_word' id='word_1_63' title='bbox 853 611 860 625; x_wconf 88' lang='lat'>‚</span> <span class='ocrx_word' id='word_1_64' title='bbox 877 589 908 617; x_wconf 86' lang='lat' dir='ltr'>et</span> 
     </span>
     <span class='ocr_line' id='line_1_10' title="bbox 135 643 409 674; baseline 0.007 -2"><span class='ocrx_word' id='word_1_65' title='bbox 135 651 247 673; x_wconf 84' lang='lat' dir='ltr'>sensus</span> <span class='ocrx_word' id='word_1_66' title='bbox 261 643 409 674; x_wconf 76' lang='lat' dir='ltr'>exterior.</span> 
     </span>
    </p>

    <p class='ocr_par' dir='ltr' id='par_1_3' title="bbox 135 695 908 1151">
     <span class='ocr_line' id='line_1_11' title="bbox 177 695 908 736; baseline -0.005 -9"><span class='ocrx_word' id='word_1_67' title='bbox 177 698 206 727; x_wconf 87' lang='lat'>3.</span> <span class='ocrx_word' id='word_1_68' title='bbox 224 696 303 727; x_wconf 89' lang='lat' dir='ltr'>Item</span> <span class='ocrx_word' id='word_1_69' title='bbox 325 697 405 728; x_wconf 88' lang='lat' dir='ltr'>visio</span> <span class='ocrx_word' id='word_1_70' title='bbox 418 696 528 736; x_wconf 84' lang='lat' dir='ltr'>patriae</span> <span class='ocrx_word' id='word_1_71' title='bbox 538 697 670 727; x_wconf 81' lang='lat' dir='ltr'>evacuat</span> <span class='ocrx_word' id='word_1_72' title='bbox 684 695 780 725; x_wconf 88' lang='lat' dir='ltr'>fidem</span> <span class='ocrx_word' id='word_1_73' title='bbox 794 695 824 725; x_wconf 92' lang='lat' dir='ltr'>et</span> <span class='ocrx_word' id='word_1_74' title='bbox 839 695 908 733; x_wconf 70' lang='lat' dir='ltr'>ejus</span> 
     </span>
     <span class='ocr_line' id='line_1_12' title="bbox 135 747 908 789; baseline -0.003 -10"><span class='ocrx_word' id='word_1_75' title='bbox 135 749 288 779; x_wconf 90' lang='lat' dir='ltr'>meritum</span> <span class='ocrx_word' id='word_1_76' title='bbox 309 751 438 789; x_wconf 89' lang='lat' dir='ltr'>propter</span> <span class='ocrx_word' id='word_1_77' title='bbox 462 749 750 779; x_wconf 70' lang='lat' dir='ltr'><strong>manifestationem</strong></span> <span class='ocrx_word' id='word_1_78' title='bbox 767 747 908 779; x_wconf 85' lang='lat' dir='ltr'>veritatis</span> 
     </span>
     <span class='ocr_line' id='line_1_13' title="bbox 135 801 906 842; baseline -0.001 -11"><span class='ocrx_word' id='word_1_79' title='bbox 135 802 262 832; x_wconf 67' lang='lat' dir='ltr'>creditae</span> <span class='ocrx_word' id='word_1_80' title='bbox 280 812 287 832; x_wconf 87' lang='lat'>:</span> <span class='ocrx_word' id='word_1_81' title='bbox 306 802 359 832; x_wconf 89' lang='lat' dir='ltr'>sed</span> <span class='ocrx_word' id='word_1_82' title='bbox 374 802 455 833; x_wconf 90' lang='lat' dir='ltr'>visio</span> <span class='ocrx_word' id='word_1_83' title='bbox 467 802 637 842; x_wconf 83' lang='lat' dir='ltr'>corporalis</span> <span class='ocrx_word' id='word_1_84' title='bbox 652 801 765 832; x_wconf 82' lang='lat' dir='ltr'>Christi</span> <span class='ocrx_word' id='word_1_85' title='bbox 783 801 824 831; x_wconf 84' lang='lat' dir='ltr'>ita</span> <span class='ocrx_word' id='word_1_86' title='bbox 839 810 906 831; x_wconf 87' lang='lat' dir='ltr'>ma-</span> 
     </span>
     <span class='ocr_line' id='line_1_14' title="bbox 135 853 908 893; baseline -0.001 -9"><span class='ocrx_word' id='word_1_87' title='bbox 135 854 261 884; x_wconf 85' lang='lat' dir='ltr'>nifestat</span> <span class='ocrx_word' id='word_1_88' title='bbox 275 855 343 893; x_wconf 79' lang='lat' dir='ltr'>eJus</span> <span class='ocrx_word' id='word_1_89' title='bbox 361 854 595 885; x_wconf 79' lang='lat' dir='ltr'>humanitatem</span> <span class='ocrx_word' id='word_1_90' title='bbox 608 878 616 892; x_wconf 79' lang='lat'><strong>‚</strong></span> <span class='ocrx_word' id='word_1_91' title='bbox 640 854 721 884; x_wconf 81' lang='lat' dir='ltr'>sicut</span> <span class='ocrx_word' id='word_1_92' title='bbox 743 853 824 884; x_wconf 87' lang='lat' dir='ltr'>visio</span> <span class='ocrx_word' id='word_1_93' title='bbox 850 862 908 893; x_wconf 82' lang='lat' dir='ltr'>pa-</span> 
     </span>
     <span class='ocr_line' id='line_1_15' title="bbox 135 906 907 947; baseline -0.001 -10"><span class='ocrx_word' id='word_1_94' title='bbox 135 907 205 938; x_wconf 80' lang='lat' dir='ltr'>triae</span> <span class='ocrx_word' id='word_1_95' title='bbox 219 908 289 946; x_wconf 76' lang='lat' dir='ltr'>ejus</span> <span class='ocrx_word' id='word_1_96' title='bbox 303 906 501 939; x_wconf 89' lang='lat' dir='ltr'>divinitatem</span> <span class='ocrx_word' id='word_1_97' title='bbox 518 918 525 938; x_wconf 90' lang='lat'>:</span> <span class='ocrx_word' id='word_1_98' title='bbox 542 917 620 947; x_wconf 83' lang='lat' dir='ltr'>ergo</span> <span class='ocrx_word' id='word_1_99' title='bbox 640 907 722 938; x_wconf 89' lang='lat' dir='ltr'>sicut</span> <span class='ocrx_word' id='word_1_100' title='bbox 736 907 813 938; x_wconf 87' lang='lat' dir='ltr'>fides</span> <span class='ocrx_word' id='word_1_101' title='bbox 827 906 907 937; x_wconf 87' lang='lat' dir='ltr'>divi-</span> 
     </span>
     <span class='ocr_line' id='line_1_16' title="bbox 135 960 908 1001; baseline 0.001 -11"><span class='ocrx_word' id='word_1_102' title='bbox 135 960 245 991; x_wconf 86' lang='lat' dir='ltr'>nitatis</span> <span class='ocrx_word' id='word_1_103' title='bbox 266 970 332 992; x_wconf 90' lang='lat' dir='ltr'>non</span> <span class='ocrx_word' id='word_1_104' title='bbox 356 963 457 1001; x_wconf 87' lang='lat' dir='ltr'>potest</span> <span class='ocrx_word' id='word_1_105' title='bbox 473 971 540 992; x_wconf 88' lang='lat' dir='ltr'>esse</span> <span class='ocrx_word' id='word_1_106' title='bbox 560 962 643 992; x_wconf 84' lang='lat' dir='ltr'>circa</span> <span class='ocrx_word' id='word_1_107' title='bbox 658 962 766 993; x_wconf 87' lang='lat' dir='ltr'>visum</span> <span class='ocrx_word' id='word_1_108' title='bbox 785 961 908 991; x_wconf 85' lang='lat' dir='ltr'>visione</span> 
     </span>
     <span class='ocr_line' id='line_1_17' title="bbox 136 1014 908 1055; baseline 0 -11"><span class='ocrx_word' id='word_1_109' title='bbox 136 1014 285 1053; x_wconf 82' lang='lat' dir='ltr'>gloriosa,</span> <span class='ocrx_word' id='word_1_110' title='bbox 304 1014 348 1045; x_wconf 88' lang='lat' dir='ltr'>sic</span> <span class='ocrx_word' id='word_1_111' title='bbox 368 1015 495 1046; x_wconf 84' lang='lat' dir='ltr'>videtur</span> <span class='ocrx_word' id='word_1_112' title='bbox 509 1015 594 1055; x_wconf 89' lang='lat' dir='ltr'>quod</span> <span class='ocrx_word' id='word_1_113' title='bbox 608 1015 686 1046; x_wconf 87' lang='lat' dir='ltr'>fides</span> <span class='ocrx_word' id='word_1_114' title='bbox 700 1014 908 1046; x_wconf 84' lang='lat' dir='ltr'>humanitatis</span> 
     </span>
     <span class='ocr_line' id='line_1_18' title="bbox 135 1067 904 1107; baseline 0 -10"><span class='ocrx_word' id='word_1_115' title='bbox 135 1075 201 1098; x_wconf 85' lang='lat' dir='ltr'>non</span> <span class='ocrx_word' id='word_1_116' title='bbox 219 1069 320 1107; x_wconf 86' lang='lat' dir='ltr'>potest</span> <span class='ocrx_word' id='word_1_117' title='bbox 345 1076 412 1099; x_wconf 87' lang='lat' dir='ltr'>esse</span> <span class='ocrx_word' id='word_1_118' title='bbox 433 1068 516 1099; x_wconf 90' lang='lat' dir='ltr'>circa</span> <span class='ocrx_word' id='word_1_119' title='bbox 536 1068 644 1100; x_wconf 91' lang='lat' dir='ltr'>visum</span> <span class='ocrx_word' id='word_1_120' title='bbox 664 1068 787 1100; x_wconf 81' lang='lat' dir='ltr'>visione</span> <span class='ocrx_word' id='word_1_121' title='bbox 803 1067 904 1099; x_wconf 88' lang='lat' dir='ltr'>sensi-</span> 
     </span>
     <span class='ocr_line' id='line_1_19' title="bbox 135 1120 212 1151; baseline 0.013 -2"><span class='ocrx_word' id='word_1_122' title='bbox 135 1120 212 1151; x_wconf 83' lang='lat' dir='ltr'>tiva.</span> 
     </span>
    </p>

    <p class='ocr_par' dir='ltr' id='par_1_4' title="bbox 135 1172 909 1525">
     <span class='ocr_line' id='line_1_20' title="bbox 175 1172 906 1213; baseline 0.001 -10"><span class='ocrx_word' id='word_1_123' title='bbox 175 1174 206 1203; x_wconf 77' lang='lat'>4.</span> <span class='ocrx_word' id='word_1_124' title='bbox 221 1172 300 1204; x_wconf 86' lang='lat' dir='ltr'>Item</span> <span class='ocrx_word' id='word_1_125' title='bbox 314 1175 402 1204; x_wconf 85' lang='lat' dir='ltr'>actus</span> <span class='ocrx_word' id='word_1_126' title='bbox 409 1174 566 1213; x_wconf 79' lang='lat' dir='ltr'>credendi,</span> <span class='ocrx_word' id='word_1_127' title='bbox 577 1174 754 1205; x_wconf 86' lang='lat' dir='ltr'>secundum</span> <span class='ocrx_word' id='word_1_128' title='bbox 770 1174 855 1213; x_wconf 88' lang='lat' dir='ltr'>quod</span> <span class='ocrx_word' id='word_1_129' title='bbox 867 1174 906 1204; x_wconf 82' lang='lat' dir='ltr'>ad</span> 
     </span>
     <span class='ocr_line' id='line_1_21' title="bbox 135 1225 908 1267; baseline 0.003 -12"><span class='ocrx_word' id='word_1_130' title='bbox 135 1225 288 1256; x_wconf 88' lang='lat' dir='ltr'>virtutem</span> <span class='ocrx_word' id='word_1_131' title='bbox 302 1228 421 1266; x_wconf 83' lang='lat' dir='ltr'>spectat</span> <span class='ocrx_word' id='word_1_132' title='bbox 432 1251 441 1265; x_wconf 87' lang='lat'>,</span> <span class='ocrx_word' id='word_1_133' title='bbox 457 1229 503 1258; x_wconf 89' lang='lat' dir='ltr'>est</span> <span class='ocrx_word' id='word_1_134' title='bbox 518 1227 594 1267; x_wconf 86' lang='lat' dir='ltr'>quid</span> <span class='ocrx_word' id='word_1_135' title='bbox 609 1227 733 1258; x_wconf 85' lang='lat' dir='ltr'>difficile</span> <span class='ocrx_word' id='word_1_136' title='bbox 746 1229 777 1257; x_wconf 88' lang='lat' dir='ltr'>et</span> <span class='ocrx_word' id='word_1_137' title='bbox 791 1227 908 1259; x_wconf 91' lang='lat' dir='ltr'>volun-</span> 
     </span>
     <span class='ocr_line' id='line_1_22' title="bbox 135 1279 909 1320; baseline 0.001 -11"><span class='ocrx_word' id='word_1_138' title='bbox 135 1279 254 1310; x_wconf 88' lang='lat' dir='ltr'>tarium</span> <span class='ocrx_word' id='word_1_139' title='bbox 268 1289 275 1310; x_wconf 92' lang='lat'>:</span> <span class='ocrx_word' id='word_1_140' title='bbox 290 1279 344 1310; x_wconf 88' lang='lat' dir='ltr'>sed</span> <span class='ocrx_word' id='word_1_141' title='bbox 357 1279 483 1310; x_wconf 87' lang='lat' dir='ltr'>credere</span> <span class='ocrx_word' id='word_1_142' title='bbox 497 1279 583 1320; x_wconf 89' lang='lat' dir='ltr'>quod</span> <span class='ocrx_word' id='word_1_143' title='bbox 598 1280 683 1310; x_wconf 89' lang='lat' dir='ltr'>videt</span> <span class='ocrx_word' id='word_1_144' title='bbox 696 1280 793 1310; x_wconf 87' lang='lat' dir='ltr'>homo</span> <span class='ocrx_word' id='word_1_145' title='bbox 808 1279 909 1310; x_wconf 92' lang='lat' dir='ltr'>oculis</span> 
     </span>
     <span class='ocr_line' id='line_1_23' title="bbox 136 1334 906 1373; baseline 0.001 -9"><span class='ocrx_word' id='word_1_146' title='bbox 136 1334 362 1373; x_wconf 77' lang='lat' dir='ltr'>exterioribus,</span> <span class='ocrx_word' id='word_1_147' title='bbox 378 1334 440 1366; x_wconf 88' lang='lat' dir='ltr'>hoc</span> <span class='ocrx_word' id='word_1_148' title='bbox 458 1337 505 1366; x_wconf 86' lang='lat' dir='ltr'>est</span> <span class='ocrx_word' id='word_1_149' title='bbox 519 1335 610 1366; x_wconf 83' lang='lat' dir='ltr'>facile</span> <span class='ocrx_word' id='word_1_150' title='bbox 624 1336 654 1366; x_wconf 91' lang='lat' dir='ltr'>et</span> <span class='ocrx_word' id='word_1_151' title='bbox 668 1334 881 1365; x_wconf 84' lang='lat' dir='ltr'>necessarium</span> <span class='ocrx_word' id='word_1_152' title='bbox 898 1344 906 1365; x_wconf 78' lang='lat' dir='ltr'>t</span> 
     </span>
     <span class='ocr_line' id='line_1_24' title="bbox 136 1387 909 1428; baseline 0 -10"><span class='ocrx_word' id='word_1_153' title='bbox 136 1396 216 1426; x_wconf 81' lang='lat' dir='ltr'>ergo</span> <span class='ocrx_word' id='word_1_154' title='bbox 238 1396 305 1418; x_wconf 91' lang='lat' dir='ltr'>non</span> <span class='ocrx_word' id='word_1_155' title='bbox 328 1387 454 1419; x_wconf 88' lang='lat' dir='ltr'>videtur</span> <span class='ocrx_word' id='word_1_156' title='bbox 475 1388 562 1428; x_wconf 85' lang='lat' dir='ltr'>quod</span> <span class='ocrx_word' id='word_1_157' title='bbox 585 1388 704 1428; x_wconf 82' lang='lat' dir='ltr'>aliquid</span> <span class='ocrx_word' id='word_1_158' title='bbox 727 1388 824 1428; x_wconf 84' lang='lat' dir='ltr'>possit</span> <span class='ocrx_word' id='word_1_159' title='bbox 841 1396 909 1419; x_wconf 90' lang='lat' dir='ltr'>esse</span> 
     </span>
     <span class='ocr_line' id='line_1_25' title="bbox 137 1440 909 1480; baseline 0.001 -10"><span class='ocrx_word' id='word_1_160' title='bbox 137 1440 233 1471; x_wconf 88' lang='lat' dir='ltr'>simul</span> <span class='ocrx_word' id='word_1_161' title='bbox 256 1442 287 1471; x_wconf 91' lang='lat' dir='ltr'>et</span> <span class='ocrx_word' id='word_1_162' title='bbox 305 1441 403 1472; x_wconf 90' lang='lat' dir='ltr'>semel</span> <span class='ocrx_word' id='word_1_163' title='bbox 423 1441 563 1473; x_wconf 83' lang='lat' dir='ltr'>exterius</span> <span class='ocrx_word' id='word_1_164' title='bbox 586 1442 708 1480; x_wconf 86' lang='lat' dir='ltr'>visum,</span> <span class='ocrx_word' id='word_1_165' title='bbox 726 1443 758 1472; x_wconf 89' lang='lat' dir='ltr'>et</span> <span class='ocrx_word' id='word_1_166' title='bbox 775 1441 909 1472; x_wconf 87' lang='lat' dir='ltr'>interius</span> 
     </span>
     <span class='ocr_line' id='line_1_26' title="bbox 136 1493 303 1525; baseline 0.006 -1"><span class='ocrx_word' id='word_1_167' title='bbox 136 1493 303 1525; x_wconf 88' lang='lat' dir='ltr'>creditum.</span> 
     </span>
    </p>
   </div>
   <div class='ocr_carea' id='block_1_3' title="bbox 408 1574 634 1606">
    <p class='ocr_par' dir='ltr' id='par_1_5' title="bbox 408 1574 634 1606">
     <span class='ocr_line' id='line_1_27' title="bbox 408 1574 634 1606; baseline 0 0"><span class='ocrx_word' id='word_1_168' title='bbox 408 1574 634 1606; x_wconf 88' lang='lat' dir='ltr'><strong>CONCLUSIO.</strong></span> 
     </span>
    </p>
   </div>
   <div class='ocr_carea' id='block_1_4' title="bbox 137 1647 910 1816">
    <p class='ocr_par' dir='ltr' id='par_1_6' title="bbox 138 1647 910 1771">
     <span class='ocr_line' id='line_1_28' title="bbox 138 1647 910 1683; baseline -0.001 -9"><span class='ocrx_word' id='word_1_169' title='bbox 138 1647 216 1675; x_wconf 76' lang='lat' dir='ltr'>Circa</span> <span class='ocrx_word' id='word_1_170' title='bbox 230 1655 311 1675; x_wconf 66' lang='lat' dir='ltr'>imum</span> <span class='ocrx_word' id='word_1_171' title='bbox 326 1650 350 1675; x_wconf 82' lang='lat' dir='ltr'>et</span> <span class='ocrx_word' id='word_1_172' title='bbox 365 1648 435 1675; x_wconf 75' lang='lat' dir='ltr'>idem</span> <span class='ocrx_word' id='word_1_173' title='bbox 446 1650 559 1683; x_wconf 77' lang='lat' dir='ltr'>possunt</span> <span class='ocrx_word' id='word_1_174' title='bbox 572 1655 623 1675; x_wconf 83' lang='lat' dir='ltr'>esse</span> <span class='ocrx_word' id='word_1_175' title='bbox 640 1647 720 1675; x_wconf 73' lang='lat' dir='ltr'>simul</span> <span class='ocrx_word' id='word_1_176' title='bbox 735 1647 813 1681; x_wconf 78' lang='lat' dir='ltr'>sides,</span> <span class='ocrx_word' id='word_1_177' title='bbox 830 1649 910 1681; x_wconf 76' lang='lat' dir='ltr'>atque</span> 
     </span>
     <span class='ocr_line' id='line_1_29' title="bbox 170 1691 906 1727; baseline -0.001 -9"><span class='ocrx_word' id='word_1_178' title='bbox 170 1693 240 1719; x_wconf 73' lang='lat' dir='ltr'>visio</span> <span class='ocrx_word' id='word_1_179' title='bbox 263 1693 414 1727; x_wconf 75' lang='lat' dir='ltr'>sensibilis,</span> <span class='ocrx_word' id='word_1_180' title='bbox 437 1694 559 1727; x_wconf 73' lang='lat' dir='ltr'>quamvis</span> <span class='ocrx_word' id='word_1_181' title='bbox 581 1700 634 1719; x_wconf 77' lang='lat' dir='ltr'>non</span> <span class='ocrx_word' id='word_1_182' title='bbox 655 1691 795 1719; x_wconf 76' lang='lat' dir='ltr'>secundum</span> <span class='ocrx_word' id='word_1_183' title='bbox 815 1691 884 1718; x_wconf 76' lang='lat' dir='ltr'>idem</span> <span class='ocrx_word' id='word_1_184' title='bbox 897 1711 906 1725; x_wconf 90' lang='lat'><strong><em>,</em></strong></span> 
     </span>
     <span class='ocr_line' id='line_1_30' title="bbox 171 1737 906 1771; baseline 0 -8"><span class='ocrx_word' id='word_1_185' title='bbox 171 1737 276 1771; x_wconf 79' lang='lat' dir='ltr'>quando</span> <span class='ocrx_word' id='word_1_186' title='bbox 289 1738 389 1765; x_wconf 71' lang='lat' dir='ltr'>scilicet</span> <span class='ocrx_word' id='word_1_187' title='bbox 400 1738 472 1765; x_wconf 70' lang='lat' dir='ltr'>illuct</span> <span class='ocrx_word' id='word_1_188' title='bbox 484 1746 566 1765; x_wconf 83' lang='lat' dir='ltr'>unum</span> <span class='ocrx_word' id='word_1_189' title='bbox 580 1737 720 1765; x_wconf 73' lang='lat' dir='ltr'>secundum</span> <span class='ocrx_word' id='word_1_190' title='bbox 730 1737 808 1764; x_wconf 75' lang='lat' dir='ltr'>aliud</span> <span class='ocrx_word' id='word_1_191' title='bbox 821 1738 906 1771; x_wconf 73' lang='lat' dir='ltr'>patet,</span> 
     </span>
    </p>

    <p class='ocr_par' dir='ltr' id='par_1_7' title="bbox 137 1782 719 1816">
     <span class='ocr_line' id='line_1_31' title="bbox 137 1782 719 1816; baseline -0.003 -6"><span class='ocrx_word' id='word_1_192' title='bbox 137 1792 142 1795; x_wconf 93' lang='lat'>·</span> <span class='ocrx_word' id='word_1_193' title='bbox 170 1782 309 1810; x_wconf 77' lang='lat' dir='ltr'>secundum</span> <span class='ocrx_word' id='word_1_194' title='bbox 324 1783 402 1810; x_wconf 78' lang='lat' dir='ltr'>aliud</span> <span class='ocrx_word' id='word_1_195' title='bbox 418 1783 499 1816; x_wconf 75' lang='lat' dir='ltr'>latet,</span> <span class='ocrx_word' id='word_1_196' title='bbox 514 1785 545 1810; x_wconf 83' lang='lat' dir='ltr'>ut</span> <span class='ocrx_word' id='word_1_197' title='bbox 559 1783 590 1810; x_wconf 80' lang='lat' dir='ltr'>in</span> <span class='ocrx_word' id='word_1_198' title='bbox 605 1782 719 1809; x_wconf 82' lang='lat' dir='ltr'>Christo.</span> 
     </span>
    </p>
   </div>
   <div class='ocr_carea' id='block_1_5' title="bbox 135 1860 911 2538">
    <p class='ocr_par' dir='ltr' id='par_1_8' title="bbox 135 1860 911 2538">
     <span class='ocr_line' id='line_1_32' title="bbox 176 1860 907 1902; baseline -0.003 -9"><span class='ocrx_word' id='word_1_199' title='bbox 176 1861 268 1902; x_wconf 87' lang='lat' dir='ltr'>Resp.</span> <span class='ocrx_word' id='word_1_200' title='bbox 291 1862 331 1894; x_wconf 87' lang='lat' dir='ltr'>ad</span> <span class='ocrx_word' id='word_1_201' title='bbox 350 1871 422 1902; x_wconf 82' lang='lat' dir='ltr'>arg.</span> <span class='ocrx_word' id='word_1_202' title='bbox 447 1862 623 1894; x_wconf 86' lang='lat' dir='ltr'>Dicendum</span> <span class='ocrx_word' id='word_1_203' title='bbox 645 1861 732 1902; x_wconf 88' lang='lat' dir='ltr'>quod</span> <span class='ocrx_word' id='word_1_204' title='bbox 758 1860 907 1901; x_wconf 84' lang='lat' dir='ltr'>quaedam</span> 
     </span>
     <span class='ocr_line' id='line_1_33' title="bbox 135 1915 908 1955; baseline -0.001 -10"><span class='ocrx_word' id='word_1_205' title='bbox 135 1917 208 1946; x_wconf 87' lang='lat' dir='ltr'>sunt</span> <span class='ocrx_word' id='word_1_206' title='bbox 222 1923 296 1955; x_wconf 84' lang='lat' dir='ltr'>quae</span> <span class='ocrx_word' id='word_1_207' title='bbox 310 1915 525 1955; x_wconf 88' lang='lat' dir='ltr'>subjiciuntur</span> <span class='ocrx_word' id='word_1_208' title='bbox 538 1915 646 1946; x_wconf 90' lang='lat' dir='ltr'>sensui</span> <span class='ocrx_word' id='word_1_209' title='bbox 664 1915 815 1946; x_wconf 83' lang='lat' dir='ltr'>exteriori</span> <span class='ocrx_word' id='word_1_210' title='bbox 831 1915 908 1945; x_wconf 87' lang='lat' dir='ltr'>sim-</span> 
     </span>
     <span class='ocr_line' id='line_1_34' title="bbox 136 1967 908 2007; baseline -0.001 -9"><span class='ocrx_word' id='word_1_211' title='bbox 136 1967 260 2007; x_wconf 85' lang='lat' dir='ltr'>pliciter</span> <span class='ocrx_word' id='word_1_212' title='bbox 282 1970 314 1999; x_wconf 88' lang='lat' dir='ltr'>et</span> <span class='ocrx_word' id='word_1_213' title='bbox 334 1968 470 2000; x_wconf 84' lang='lat' dir='ltr'>totaliter</span> <span class='ocrx_word' id='word_1_214' title='bbox 487 1977 495 1999; x_wconf 89' lang='lat'><strong>:</strong></span> <span class='ocrx_word' id='word_1_215' title='bbox 510 1970 541 1999; x_wconf 89' lang='lat' dir='ltr'>et</span> <span class='ocrx_word' id='word_1_216' title='bbox 555 1968 608 1999; x_wconf 89' lang='lat' dir='ltr'>illa</span> <span class='ocrx_word' id='word_1_217' title='bbox 621 1968 728 2000; x_wconf 89' lang='lat' dir='ltr'>videre</span> <span class='ocrx_word' id='word_1_218' title='bbox 739 1991 747 2006; x_wconf 83' lang='lat'>‚</span> <span class='ocrx_word' id='word_1_219' title='bbox 764 1969 811 1998; x_wconf 89' lang='lat' dir='ltr'>est</span> <span class='ocrx_word' id='word_1_220' title='bbox 826 1967 908 1997; x_wconf 88' lang='lat' dir='ltr'>clare</span> 
     </span>
     <span class='ocr_line' id='line_1_35' title="bbox 136 2021 910 2061; baseline -0.003 -9"><span class='ocrx_word' id='word_1_221' title='bbox 136 2022 167 2052; x_wconf 87' lang='lat' dir='ltr'>et</span> <span class='ocrx_word' id='word_1_222' title='bbox 178 2021 314 2061; x_wconf 80' lang='lat' dir='ltr'>perfecte</span> <span class='ocrx_word' id='word_1_223' title='bbox 327 2031 519 2061; x_wconf 84' lang='lat' dir='ltr'>cognoscere</span> <span class='ocrx_word' id='word_1_224' title='bbox 531 2032 538 2053; x_wconf 94' lang='lat'>:</span> <span class='ocrx_word' id='word_1_225' title='bbox 554 2024 586 2053; x_wconf 87' lang='lat' dir='ltr'>et</span> <span class='ocrx_word' id='word_1_226' title='bbox 596 2022 677 2052; x_wconf 88' lang='lat' dir='ltr'>circa</span> <span class='ocrx_word' id='word_1_227' title='bbox 689 2021 765 2052; x_wconf 82' lang='lat' dir='ltr'>talia</span> <span class='ocrx_word' id='word_1_228' title='bbox 776 2029 841 2051; x_wconf 88' lang='lat' dir='ltr'>non</span> <span class='ocrx_word' id='word_1_229' title='bbox 851 2029 910 2060; x_wconf 90' lang='lat' dir='ltr'>po-</span> 
     </span>
     <span class='ocr_line' id='line_1_36' title="bbox 136 2073 910 2113; baseline -0.003 -9"><span class='ocrx_word' id='word_1_230' title='bbox 136 2076 196 2105; x_wconf 88' lang='lat' dir='ltr'>test</span> <span class='ocrx_word' id='word_1_231' title='bbox 215 2075 313 2106; x_wconf 90' lang='lat' dir='ltr'>simul</span> <span class='ocrx_word' id='word_1_232' title='bbox 325 2077 356 2106; x_wconf 89' lang='lat' dir='ltr'>et</span> <span class='ocrx_word' id='word_1_233' title='bbox 370 2076 468 2107; x_wconf 91' lang='lat' dir='ltr'>semel</span> <span class='ocrx_word' id='word_1_234' title='bbox 482 2085 548 2107; x_wconf 91' lang='lat' dir='ltr'>esse</span> <span class='ocrx_word' id='word_1_235' title='bbox 563 2075 690 2106; x_wconf 88' lang='lat' dir='ltr'>habitus</span> <span class='ocrx_word' id='word_1_236' title='bbox 707 2074 775 2106; x_wconf 86' lang='lat' dir='ltr'>sive</span> <span class='ocrx_word' id='word_1_237' title='bbox 793 2073 910 2113; x_wconf 81' lang='lat' dir='ltr'>cogni-</span> 
     </span>
     <span class='ocr_line' id='line_1_37' title="bbox 135 2126 909 2168; baseline -0.001 -10"><span class='ocrx_word' id='word_1_238' title='bbox 135 2128 180 2158; x_wconf 91' lang='lat' dir='ltr'>tio</span> <span class='ocrx_word' id='word_1_239' title='bbox 199 2128 274 2159; x_wconf 88' lang='lat' dir='ltr'>fidei</span> <span class='ocrx_word' id='word_1_240' title='bbox 287 2137 362 2160; x_wconf 91' lang='lat' dir='ltr'>cum</span> <span class='ocrx_word' id='word_1_241' title='bbox 375 2128 496 2160; x_wconf 87' lang='lat' dir='ltr'>visione</span> <span class='ocrx_word' id='word_1_242' title='bbox 512 2128 681 2166; x_wconf 79' lang='lat' dir='ltr'>exteriori3</span> <span class='ocrx_word' id='word_1_243' title='bbox 698 2137 756 2168; x_wconf 89' lang='lat' dir='ltr'>pro</span> <span class='ocrx_word' id='word_1_244' title='bbox 771 2136 808 2158; x_wconf 93' lang='lat' dir='ltr'>eo</span> <span class='ocrx_word' id='word_1_245' title='bbox 823 2126 909 2167; x_wconf 89' lang='lat' dir='ltr'>quod</span> 
     </span>
     <span class='ocr_line' id='line_1_38' title="bbox 136 2180 910 2222; baseline -0.004 -10"><span class='ocrx_word' id='word_1_246' title='bbox 136 2180 229 2220; x_wconf 88' lang='lat' dir='ltr'>visio,</span> <span class='ocrx_word' id='word_1_247' title='bbox 243 2181 310 2213; x_wconf 90' lang='lat' dir='ltr'>sive</span> <span class='ocrx_word' id='word_1_248' title='bbox 323 2182 464 2222; x_wconf 84' lang='lat' dir='ltr'>cognitio</span> <span class='ocrx_word' id='word_1_249' title='bbox 478 2182 532 2213; x_wconf 90' lang='lat' dir='ltr'>illa</span> <span class='ocrx_word' id='word_1_250' title='bbox 546 2181 686 2213; x_wconf 82' lang='lat' dir='ltr'>excludit</span> <span class='ocrx_word' id='word_1_251' title='bbox 699 2190 794 2212; x_wconf 90' lang='lat' dir='ltr'>omne</span> <span class='ocrx_word' id='word_1_252' title='bbox 806 2180 910 2219; x_wconf 87' lang='lat' dir='ltr'>aenig-</span> 
     </span>
     <span class='ocr_line' id='line_1_39' title="bbox 136 2233 910 2275; baseline -0.001 -11"><span class='ocrx_word' id='word_1_253' title='bbox 136 2242 201 2272; x_wconf 90' lang='lat' dir='ltr'>ma,</span> <span class='ocrx_word' id='word_1_254' title='bbox 216 2235 247 2265; x_wconf 91' lang='lat' dir='ltr'>et</span> <span class='ocrx_word' id='word_1_255' title='bbox 259 2235 478 2274; x_wconf 83' lang='lat' dir='ltr'>cognitionem</span> <span class='ocrx_word' id='word_1_256' title='bbox 490 2235 739 2275; x_wconf 61' lang='lat' dir='ltr'>aenigmaticam.</span> <span class='ocrx_word' id='word_1_257' title='bbox 756 2233 910 2272; x_wconf 74' lang='lat' dir='ltr'>Quaedam</span> 
     </span>
     <span class='ocr_line' id='line_1_40' title="bbox 137 2288 911 2329; baseline 0.001 -12"><span class='ocrx_word' id='word_1_258' title='bbox 137 2289 246 2318; x_wconf 85' lang='lat' dir='ltr'>autem</span> <span class='ocrx_word' id='word_1_259' title='bbox 260 2289 345 2326; x_wconf 91' lang='lat' dir='ltr'>sunt,</span> <span class='ocrx_word' id='word_1_260' title='bbox 362 2297 435 2328; x_wconf 78' lang='lat' dir='ltr'>quae</span> <span class='ocrx_word' id='word_1_261' title='bbox 449 2288 494 2319; x_wconf 89' lang='lat' dir='ltr'>sic</span> <span class='ocrx_word' id='word_1_262' title='bbox 508 2289 674 2329; x_wconf 85' lang='lat' dir='ltr'>subjacent</span> <span class='ocrx_word' id='word_1_263' title='bbox 683 2288 789 2320; x_wconf 88' lang='lat' dir='ltr'>sensui</span> <span class='ocrx_word' id='word_1_264' title='bbox 800 2296 911 2318; x_wconf 88' lang='lat' dir='ltr'>secun-</span> 
     </span>
     <span class='ocr_line' id='line_1_41' title="bbox 138 2338 911 2381; baseline 0.001 -12"><span class='ocrx_word' id='word_1_265' title='bbox 138 2338 217 2370; x_wconf 88' lang='lat' dir='ltr'>dum</span> <span class='ocrx_word' id='word_1_266' title='bbox 240 2340 361 2380; x_wconf 82' lang='lat' dir='ltr'>aliquid</span> <span class='ocrx_word' id='word_1_267' title='bbox 380 2341 449 2380; x_wconf 86' lang='lat' dir='ltr'>sui,</span> <span class='ocrx_word' id='word_1_268' title='bbox 470 2343 506 2372; x_wconf 90' lang='lat' dir='ltr'>ut</span> <span class='ocrx_word' id='word_1_269' title='bbox 526 2342 705 2373; x_wconf 88' lang='lat' dir='ltr'>secundum</span> <span class='ocrx_word' id='word_1_270' title='bbox 724 2341 843 2381; x_wconf 79' lang='lat' dir='ltr'>aliquid</span> <span class='ocrx_word' id='word_1_271' title='bbox 859 2339 911 2371; x_wconf 87' lang='lat' dir='ltr'>sui</span> 
     </span>
     <span class='ocr_line' id='line_1_42' title="bbox 138 2391 911 2433; baseline 0.003 -11"><span class='ocrx_word' id='word_1_272' title='bbox 138 2391 256 2423; x_wconf 82' lang='lat' dir='ltr'>lateant</span> <span class='ocrx_word' id='word_1_273' title='bbox 274 2393 382 2433; x_wconf 87' lang='lat' dir='ltr'>ipsum</span> <span class='ocrx_word' id='word_1_274' title='bbox 396 2403 528 2426; x_wconf 87' lang='lat' dir='ltr'>sensum</span> <span class='ocrx_word' id='word_1_275' title='bbox 550 2406 556 2426; x_wconf 91' lang='lat'>:</span> <span class='ocrx_word' id='word_1_276' title='bbox 577 2397 610 2426; x_wconf 90' lang='lat' dir='ltr'>et</span> <span class='ocrx_word' id='word_1_277' title='bbox 627 2395 711 2426; x_wconf 88' lang='lat' dir='ltr'>circa</span> <span class='ocrx_word' id='word_1_278' title='bbox 729 2394 806 2425; x_wconf 78' lang='lat' dir='ltr'>talia</span> <span class='ocrx_word' id='word_1_279' title='bbox 830 2394 911 2424; x_wconf 89' lang='lat' dir='ltr'>bene</span> 
     </span>
     <span class='ocr_line' id='line_1_43' title="bbox 138 2446 909 2484; baseline 0.003 -9"><span class='ocrx_word' id='word_1_280' title='bbox 138 2446 241 2484; x_wconf 85' lang='lat' dir='ltr'>potest</span> <span class='ocrx_word' id='word_1_281' title='bbox 261 2446 357 2478; x_wconf 88' lang='lat' dir='ltr'>simul</span> <span class='ocrx_word' id='word_1_282' title='bbox 379 2450 409 2479; x_wconf 92' lang='lat' dir='ltr'>et</span> <span class='ocrx_word' id='word_1_283' title='bbox 429 2449 527 2480; x_wconf 90' lang='lat' dir='ltr'>semel</span> <span class='ocrx_word' id='word_1_284' title='bbox 550 2457 618 2480; x_wconf 88' lang='lat' dir='ltr'>esse</span> <span class='ocrx_word' id='word_1_285' title='bbox 635 2448 717 2481; x_wconf 90' lang='lat' dir='ltr'>visio</span> <span class='ocrx_word' id='word_1_286' title='bbox 731 2447 909 2479; x_wconf 88' lang='lat' dir='ltr'>secundum</span> 
     </span>
     <span class='ocr_line' id='line_1_44' title="bbox 139 2500 907 2538; baseline 0 -8"><span class='ocrx_word' id='word_1_287' title='bbox 139 2507 253 2538; x_wconf 86' lang='lat' dir='ltr'>unum,</span> <span class='ocrx_word' id='word_1_288' title='bbox 269 2501 300 2531; x_wconf 86' lang='lat' dir='ltr'>et</span> <span class='ocrx_word' id='word_1_289' title='bbox 313 2500 481 2533; x_wconf 81' lang='lat' dir='ltr'>credulitas</span> <span class='ocrx_word' id='word_1_290' title='bbox 500 2502 576 2534; x_wconf 87' lang='lat' dir='ltr'>fidei</span> <span class='ocrx_word' id='word_1_291' title='bbox 595 2501 772 2533; x_wconf 89' lang='lat' dir='ltr'>secundum</span> <span class='ocrx_word' id='word_1_292' title='bbox 795 2500 907 2532; x_wconf 85' lang='lat' dir='ltr'>aliud:</span> 
     </span>
    </p>
   </div>
   <div class='ocr_carea' id='block_1_6' title="bbox 141 2584 910 2653">
    <p class='ocr_par' dir='ltr' id='par_1_9' title="bbox 141 2584 910 2653">
     <span class='ocr_line' id='line_1_45' title="bbox 174 2584 909 2618; baseline 0.003 -11"><span class='ocrx_word' id='word_1_293' title='bbox 174 2584 180 2600; x_wconf 86' lang='lat'><strong>¹</strong></span> <span class='ocrx_word' id='word_1_294' title='bbox 193 2585 266 2615; x_wconf 57' lang='lat' dir='ltr'>Aug„</span> <span class='ocrx_word' id='word_1_295' title='bbox 276 2586 301 2608; x_wconf 74' lang='lat' dir='ltr'>in</span> <span class='ocrx_word' id='word_1_296' title='bbox 309 2586 390 2617; x_wconf 63' lang='lat' dir='ltr'>joan„</span> <span class='ocrx_word' id='word_1_297' title='bbox 401 2588 472 2611; x_wconf 83' lang='lat' dir='ltr'>tract.</span> <span class='ocrx_word' id='word_1_298' title='bbox 484 2593 526 2618; x_wconf 78' lang='lat' dir='ltr'>XL,</span> <span class='ocrx_word' id='word_1_299' title='bbox 538 2594 565 2611; x_wconf 91' lang='lat' dir='ltr'>n.</span> <span class='ocrx_word' id='word_1_300' title='bbox 574 2589 601 2618; x_wconf 74' lang='lat'>93</span> <span class='ocrx_word' id='word_1_301' title='bbox 613 2587 705 2617; x_wconf 76' lang='lat' dir='ltr'>Quaest.</span> <span class='ocrx_word' id='word_1_302' title='bbox 714 2594 811 2617; x_wconf 68' lang='lat' dir='ltr'>evanq„</span> <span class='ocrx_word' id='word_1_303' title='bbox 823 2586 868 2610; x_wconf 86' lang='lat' dir='ltr'>lib.</span> <span class='ocrx_word' id='word_1_304' title='bbox 881 2586 909 2615; x_wconf 83' lang='grc' dir='ltr'>ΙΙ,</span> 
     </span>
     <span class='ocr_line' id='line_1_46' title="bbox 141 2621 910 2653; baseline 0.004 -11"><span class='ocrx_word' id='word_1_305' title='bbox 141 2626 164 2643; x_wconf 81' lang='lat' dir='ltr'>e.</span> <span class='ocrx_word' id='word_1_306' title='bbox 176 2625 267 2644; x_wconf 78' lang='lat' dir='ltr'>xxxix.</span> <span class='ocrx_word' id='word_1_307' title='bbox 277 2632 307 2639; x_wconf 90' lang='lat'>—</span> <span class='ocrx_word' id='word_1_308' title='bbox 320 2622 331 2638; x_wconf 84' lang='lat'><strong>¹</strong></span> <span class='ocrx_word' id='word_1_309' title='bbox 343 2622 429 2652; x_wconf 73' lang='lat' dir='ltr'>Greg„</span> <span class='ocrx_word' id='word_1_310' title='bbox 445 2622 470 2646; x_wconf 82' lang='lat' dir='ltr'>in</span> <span class='ocrx_word' id='word_1_311' title='bbox 480 2623 586 2653; x_wconf 79' lang='lat' dir='ltr'>Evanq.‚</span> <span class='ocrx_word' id='word_1_312' title='bbox 601 2623 669 2648; x_wconf 86' lang='lat' dir='ltr'>hom.</span> <span class='ocrx_word' id='word_1_313' title='bbox 686 2628 737 2647; x_wconf 70' lang='lat' dir='ltr'>im.</span> <span class='ocrx_word' id='word_1_314' title='bbox 749 2635 778 2639; x_wconf 98' lang='lat'><strong>—</strong></span> <span class='ocrx_word' id='word_1_315' title='bbox 789 2621 910 2651; x_wconf 78' lang='lat' dir='ltr'>⁸Mattle.,</span> 
     </span>
    </p>
   </div>
   <div class='ocr_carea' id='block_1_7' title="bbox 1674 147 1729 176">
    <p class='ocr_par' dir='ltr' id='par_1_10' title="bbox 1674 147 1729 176">
     <span class='ocr_line' id='line_1_47' title="bbox 1674 147 1729 176; baseline 0 -1"><span class='ocrx_word' id='word_1_316' title='bbox 1674 147 1729 176; x_wconf 72' lang='lat'>527</span> 
     </span>
    </p>
   </div>
   <div class='ocr_carea' id='block_1_8' title="bbox 962 211 1739 2544">
    <p class='ocr_par' dir='ltr' id='par_1_11' title="bbox 962 211 1738 2282">
     <span class='ocr_line' id='line_1_48' title="bbox 962 211 1730 251; baseline -0.003 -7"><span class='ocrx_word' id='word_1_317' title='bbox 962 214 1044 245; x_wconf 89' lang='lat' dir='ltr'>visio</span> <span class='ocrx_word' id='word_1_318' title='bbox 1063 212 1239 244; x_wconf 90' lang='lat' dir='ltr'>secundum</span> <span class='ocrx_word' id='word_1_319' title='bbox 1260 212 1356 251; x_wconf 83' lang='lat' dir='ltr'>illud,</span> <span class='ocrx_word' id='word_1_320' title='bbox 1375 211 1550 242; x_wconf 89' lang='lat' dir='ltr'>secundum</span> <span class='ocrx_word' id='word_1_321' title='bbox 1569 212 1653 251; x_wconf 88' lang='lat' dir='ltr'>quod</span> <span class='ocrx_word' id='word_1_322' title='bbox 1672 220 1730 251; x_wconf 85' lang='lat' dir='ltr'>pa-</span> 
     </span>
     <span class='ocr_line' id='line_1_49' title="bbox 963 264 1732 304; baseline -0.004 -7"><span class='ocrx_word' id='word_1_323' title='bbox 963 268 1043 304; x_wconf 84' lang='lat' dir='ltr'>tent;</span> <span class='ocrx_word' id='word_1_324' title='bbox 1060 266 1227 297; x_wconf 81' lang='lat' dir='ltr'>credulitas</span> <span class='ocrx_word' id='word_1_325' title='bbox 1239 265 1313 296; x_wconf 90' lang='lat' dir='ltr'>fidei</span> <span class='ocrx_word' id='word_1_326' title='bbox 1325 264 1503 296; x_wconf 86' lang='lat' dir='ltr'>secundum</span> <span class='ocrx_word' id='word_1_327' title='bbox 1517 264 1606 302; x_wconf 85' lang='lat' dir='ltr'>illud,</span> <span class='ocrx_word' id='word_1_328' title='bbox 1623 273 1732 295; x_wconf 87' lang='lat' dir='ltr'>secun-</span> 
     </span>
     <span class='ocr_line' id='line_1_50' title="bbox 962 317 1732 359; baseline -0.003 -10"><span class='ocrx_word' id='word_1_329' title='bbox 962 319 1039 349; x_wconf 86' lang='lat' dir='ltr'>dum</span> <span class='ocrx_word' id='word_1_330' title='bbox 1060 319 1145 359; x_wconf 84' lang='lat' dir='ltr'>quod</span> <span class='ocrx_word' id='word_1_331' title='bbox 1165 319 1273 349; x_wconf 85' lang='lat' dir='ltr'>latent.</span> <span class='ocrx_word' id='word_1_332' title='bbox 1291 318 1330 349; x_wconf 76' lang='lat' dir='ltr'>Et</span> <span class='ocrx_word' id='word_1_333' title='bbox 1344 318 1403 349; x_wconf 84' lang='lat' dir='ltr'>hoe</span> <span class='ocrx_word' id='word_1_334' title='bbox 1422 318 1516 348; x_wconf 87' lang='lat' dir='ltr'>modo</span> <span class='ocrx_word' id='word_1_335' title='bbox 1535 319 1581 347; x_wconf 91' lang='lat' dir='ltr'>est</span> <span class='ocrx_word' id='word_1_336' title='bbox 1598 317 1630 347; x_wconf 88' lang='lat' dir='ltr'>in</span> <span class='ocrx_word' id='word_1_337' title='bbox 1645 317 1732 348; x_wconf 85' lang='lat' dir='ltr'>Chri-</span> 
     </span>
     <span class='ocr_line' id='line_1_51' title="bbox 962 370 1731 411; baseline -0.001 -10"><span class='ocrx_word' id='word_1_338' title='bbox 962 374 1009 401; x_wconf 88' lang='lat' dir='ltr'>sto</span> <span class='ocrx_word' id='word_1_339' title='bbox 1023 372 1211 411; x_wconf 83' lang='lat' dir='ltr'>intelligere.</span> <span class='ocrx_word' id='word_1_340' title='bbox 1228 371 1310 402; x_wconf 87' lang='lat' dir='ltr'>Nam</span> <span class='ocrx_word' id='word_1_341' title='bbox 1325 371 1467 402; x_wconf 88' lang='lat' dir='ltr'>Christus</span> <span class='ocrx_word' id='word_1_342' title='bbox 1481 370 1657 401; x_wconf 88' lang='lat' dir='ltr'>secundum</span> <span class='ocrx_word' id='word_1_343' title='bbox 1674 379 1731 400; x_wconf 87' lang='lat' dir='ltr'>na-</span> 
     </span>
     <span class='ocr_line' id='line_1_52' title="bbox 962 424 1733 464; baseline -0.001 -9"><span class='ocrx_word' id='word_1_344' title='bbox 962 427 1067 455; x_wconf 82' lang='lat' dir='ltr'>turam</span> <span class='ocrx_word' id='word_1_345' title='bbox 1082 428 1290 464; x_wconf 82' lang='lat' dir='ltr'>assumptam,</span> <span class='ocrx_word' id='word_1_346' title='bbox 1304 427 1335 456; x_wconf 86' lang='lat' dir='ltr'>ct</span> <span class='ocrx_word' id='word_1_347' title='bbox 1352 433 1548 464; x_wconf 85' lang='lat' dir='ltr'>corpoream,</span> <span class='ocrx_word' id='word_1_348' title='bbox 1565 424 1733 463; x_wconf 88' lang='lat' dir='ltr'>Apostolo-</span> 
     </span>
     <span class='ocr_line' id='line_1_53' title="bbox 962 478 1733 518; baseline -0.001 -9"><span class='ocrx_word' id='word_1_349' title='bbox 962 487 1036 509; x_wconf 87' lang='lat' dir='ltr'>rum</span> <span class='ocrx_word' id='word_1_350' title='bbox 1058 479 1203 509; x_wconf 88' lang='lat' dir='ltr'>sensibus</span> <span class='ocrx_word' id='word_1_351' title='bbox 1220 479 1411 518; x_wconf 76' lang='lat' dir='ltr'>apparebat3</span> <span class='ocrx_word' id='word_1_352' title='bbox 1428 478 1603 509; x_wconf 85' lang='lat' dir='ltr'>secundum</span> <span class='ocrx_word' id='word_1_353' title='bbox 1626 480 1733 508; x_wconf 84' lang='lat' dir='ltr'>autem</span> 
     </span>
     <span class='ocr_line' id='line_1_54' title="bbox 962 532 1731 569; baseline -0.001 -7"><span class='ocrx_word' id='word_1_354' title='bbox 962 532 1105 563; x_wconf 85' lang='lat' dir='ltr'>divinam</span> <span class='ocrx_word' id='word_1_355' title='bbox 1119 534 1279 569; x_wconf 86' lang='lat' dir='ltr'>naturam,</span> <span class='ocrx_word' id='word_1_356' title='bbox 1301 541 1429 562; x_wconf 87' lang='lat' dir='ltr'>omnem</span> <span class='ocrx_word' id='word_1_357' title='bbox 1448 541 1576 562; x_wconf 85' lang='lat' dir='ltr'>sensum</span> <span class='ocrx_word' id='word_1_358' title='bbox 1598 532 1731 569; x_wconf 80' lang='lat' dir='ltr'>latebat3</span> 
     </span>
     <span class='ocr_line' id='line_1_55' title="bbox 963 585 1732 625; baseline -0.003 -9"><span class='ocrx_word' id='word_1_359' title='bbox 963 587 993 616; x_wconf 90' lang='lat' dir='ltr'>et</span> <span class='ocrx_word' id='word_1_360' title='bbox 1015 585 1125 616; x_wconf 85' lang='lat' dir='ltr'>eadem</span> <span class='ocrx_word' id='word_1_361' title='bbox 1146 594 1282 625; x_wconf 86' lang='lat' dir='ltr'>persona</span> <span class='ocrx_word' id='word_1_362' title='bbox 1302 587 1332 615; x_wconf 89' lang='lat' dir='ltr'>et</span> <span class='ocrx_word' id='word_1_363' title='bbox 1355 585 1532 624; x_wconf 80' lang='lat' dir='ltr'>hypostasis</span> <span class='ocrx_word' id='word_1_364' title='bbox 1555 585 1732 615; x_wconf 89' lang='lat' dir='ltr'>secundum</span> 
     </span>
     <span class='ocr_line' id='line_1_56' title="bbox 963 638 1734 676; baseline -0.003 -7"><span class='ocrx_word' id='word_1_365' title='bbox 963 639 1102 670; x_wconf 82' lang='lat' dir='ltr'>diversas</span> <span class='ocrx_word' id='word_1_366' title='bbox 1116 641 1246 669; x_wconf 88' lang='lat' dir='ltr'>naturas</span> <span class='ocrx_word' id='word_1_367' title='bbox 1260 638 1357 669; x_wconf 90' lang='lat' dir='ltr'>simul</span> <span class='ocrx_word' id='word_1_368' title='bbox 1371 640 1437 668; x_wconf 86' lang='lat' dir='ltr'>erat</span> <span class='ocrx_word' id='word_1_369' title='bbox 1452 638 1535 668; x_wconf 91' lang='lat' dir='ltr'>visui</span> <span class='ocrx_word' id='word_1_370' title='bbox 1550 638 1690 676; x_wconf 81' lang='lat' dir='ltr'>cognita,</span> <span class='ocrx_word' id='word_1_371' title='bbox 1704 639 1734 668; x_wconf 91' lang='lat' dir='ltr'>et</span> 
     </span>
     <span class='ocr_line' id='line_1_57' title="bbox 963 691 1737 732; baseline -0.003 -10"><span class='ocrx_word' id='word_1_372' title='bbox 963 692 1147 732; x_wconf 79' lang='lat' dir='ltr'>incognita:</span> <span class='ocrx_word' id='word_1_373' title='bbox 1165 693 1236 723; x_wconf 88' lang='lat' dir='ltr'>ideo</span> <span class='ocrx_word' id='word_1_374' title='bbox 1256 691 1351 722; x_wconf 90' lang='lat' dir='ltr'>simul</span> <span class='ocrx_word' id='word_1_375' title='bbox 1372 693 1493 731; x_wconf 85' lang='lat' dir='ltr'>poterat</span> <span class='ocrx_word' id='word_1_376' title='bbox 1512 700 1579 721; x_wconf 89' lang='lat' dir='ltr'>esse</span> <span class='ocrx_word' id='word_1_377' title='bbox 1601 691 1687 728; x_wconf 80' lang='lat' dir='ltr'>visa,</span> <span class='ocrx_word' id='word_1_378' title='bbox 1706 693 1737 721; x_wconf 90' lang='lat' dir='ltr'>et</span> 
     </span>
     <span class='ocr_line' id='line_1_58' title="bbox 964 743 1734 782; baseline -0.003 -7"><span class='ocrx_word' id='word_1_379' title='bbox 964 745 1090 776; x_wconf 80' lang='lat' dir='ltr'>credita.</span> <span class='ocrx_word' id='word_1_380' title='bbox 1116 745 1154 775; x_wconf 87' lang='lat' dir='ltr'>Et</span> <span class='ocrx_word' id='word_1_381' title='bbox 1172 745 1204 776; x_wconf 89' lang='lat' dir='ltr'>id</span> <span class='ocrx_word' id='word_1_382' title='bbox 1223 747 1269 776; x_wconf 90' lang='lat' dir='ltr'>est</span> <span class='ocrx_word' id='word_1_383' title='bbox 1287 745 1361 775; x_wconf 89' lang='lat' dir='ltr'>satis</span> <span class='ocrx_word' id='word_1_384' title='bbox 1383 744 1472 774; x_wconf 84' lang='lat' dir='ltr'>facile</span> <span class='ocrx_word' id='word_1_385' title='bbox 1494 743 1672 782; x_wconf 83' lang='lat' dir='ltr'>intelligere</span> <span class='ocrx_word' id='word_1_386' title='bbox 1685 767 1692 780; x_wconf 87' lang='lat'><strong>‚</strong></span> <span class='ocrx_word' id='word_1_387' title='bbox 1709 743 1734 773; x_wconf 91' lang='lat' dir='ltr'>si</span> 
     </span>
     <span class='ocr_line' id='line_1_59' title="bbox 963 797 1734 838; baseline -0.003 -10"><span class='ocrx_word' id='word_1_388' title='bbox 963 799 1036 837; x_wconf 86' lang='lat' dir='ltr'>quis</span> <span class='ocrx_word' id='word_1_389' title='bbox 1055 799 1207 836; x_wconf 84' lang='lat' dir='ltr'>attendat,</span> <span class='ocrx_word' id='word_1_390' title='bbox 1235 798 1388 838; x_wconf 82' lang='lat' dir='ltr'>quoniam</span> <span class='ocrx_word' id='word_1_391' title='bbox 1412 798 1494 828; x_wconf 86' lang='lat' dir='ltr'>circa</span> <span class='ocrx_word' id='word_1_392' title='bbox 1521 797 1605 827; x_wconf 85' lang='lat' dir='ltr'>idem</span> <span class='ocrx_word' id='word_1_393' title='bbox 1632 798 1734 836; x_wconf 87' lang='lat' dir='ltr'>potest</span> 
     </span>
     <span class='ocr_line' id='line_1_60' title="bbox 964 850 1731 890; baseline -0.004 -8"><span class='ocrx_word' id='word_1_394' title='bbox 964 861 1030 882; x_wconf 88' lang='lat' dir='ltr'>esse</span> <span class='ocrx_word' id='word_1_395' title='bbox 1053 852 1205 882; x_wconf 82' lang='lat' dir='ltr'>certitudo</span> <span class='ocrx_word' id='word_1_396' title='bbox 1217 876 1225 890; x_wconf 84' lang='lat'>‚</span> <span class='ocrx_word' id='word_1_397' title='bbox 1246 854 1276 882; x_wconf 91' lang='lat' dir='ltr'>et</span> <span class='ocrx_word' id='word_1_398' title='bbox 1301 851 1454 881; x_wconf 81' lang='lat' dir='ltr'>dubitatio</span> <span class='ocrx_word' id='word_1_399' title='bbox 1466 874 1474 888; x_wconf 91' lang='lat'><em>‚</em></span> <span class='ocrx_word' id='word_1_400' title='bbox 1489 850 1666 880; x_wconf 89' lang='lat' dir='ltr'>secundum</span> <span class='ocrx_word' id='word_1_401' title='bbox 1681 850 1731 880; x_wconf 91' lang='lat' dir='ltr'>di-</span> 
     </span>
     <span class='ocr_line' id='line_1_61' title="bbox 963 903 1734 943; baseline -0.004 -8"><span class='ocrx_word' id='word_1_402' title='bbox 963 913 1070 935; x_wconf 82' lang='lat' dir='ltr'>versas</span> <span class='ocrx_word' id='word_1_403' title='bbox 1085 906 1229 943; x_wconf 82' lang='lat' dir='ltr'>naturas,</span> <span class='ocrx_word' id='word_1_404' title='bbox 1246 907 1276 935; x_wconf 91' lang='lat' dir='ltr'>et</span> <span class='ocrx_word' id='word_1_405' title='bbox 1290 905 1429 935; x_wconf 83' lang='lat' dir='ltr'>diversos</span> <span class='ocrx_word' id='word_1_406' title='bbox 1450 905 1621 943; x_wconf 81' lang='lat' dir='ltr'>respectus,</span> <span class='ocrx_word' id='word_1_407' title='bbox 1638 905 1669 933; x_wconf 88' lang='lat' dir='ltr'>et</span> <span class='ocrx_word' id='word_1_408' title='bbox 1684 903 1734 933; x_wconf 85' lang='lat' dir='ltr'>di-</span> 
     </span>
     <span class='ocr_line' id='line_1_62' title="bbox 963 956 1735 996; baseline -0.003 -7"><span class='ocrx_word' id='word_1_409' title='bbox 963 968 1071 990; x_wconf 87' lang='lat' dir='ltr'>versas</span> <span class='ocrx_word' id='word_1_410' title='bbox 1095 959 1302 989; x_wconf 89' lang='lat' dir='ltr'>conditiones.</span> <span class='ocrx_word' id='word_1_411' title='bbox 1326 958 1399 988; x_wconf 86' lang='lat' dir='ltr'>Esto</span> <span class='ocrx_word' id='word_1_412' title='bbox 1414 957 1501 988; x_wconf 89' lang='lat' dir='ltr'>enim</span> <span class='ocrx_word' id='word_1_413' title='bbox 1525 957 1609 996; x_wconf 87' lang='lat' dir='ltr'>quod</span> <span class='ocrx_word' id='word_1_414' title='bbox 1626 957 1677 987; x_wconf 82' lang='lat' dir='ltr'>hic</span> <span class='ocrx_word' id='word_1_415' title='bbox 1694 956 1735 987; x_wconf 84' lang='lat' dir='ltr'>sit</span> 
     </span>
     <span class='ocr_line' id='line_1_63' title="bbox 965 1010 1733 1048; baseline -0.003 -6"><span class='ocrx_word' id='word_1_416' title='bbox 965 1012 1106 1044; x_wconf 89' lang='lat' dir='ltr'>Christus</span> <span class='ocrx_word' id='word_1_417' title='bbox 1130 1021 1238 1043; x_wconf 88' lang='lat' dir='ltr'>coram</span> <span class='ocrx_word' id='word_1_418' title='bbox 1257 1011 1357 1043; x_wconf 89' lang='lat' dir='ltr'>oculis</span> <span class='ocrx_word' id='word_1_419' title='bbox 1378 1011 1475 1048; x_wconf 89' lang='lat' dir='ltr'>meis;</span> <span class='ocrx_word' id='word_1_420' title='bbox 1502 1010 1560 1041; x_wconf 87' lang='lat' dir='ltr'>etsi</span> <span class='ocrx_word' id='word_1_421' title='bbox 1585 1010 1657 1041; x_wconf 89' lang='lat' dir='ltr'>visu</span> <span class='ocrx_word' id='word_1_422' title='bbox 1682 1019 1733 1041; x_wconf 95' lang='lat' dir='ltr'>co-</span> 
     </span>
     <span class='ocr_line' id='line_1_64' title="bbox 964 1064 1736 1105; baseline -0.004 -9"><span class='ocrx_word' id='word_1_423' title='bbox 964 1074 1116 1105; x_wconf 85' lang='lat' dir='ltr'>gnoscam</span> <span class='ocrx_word' id='word_1_424' title='bbox 1141 1065 1247 1105; x_wconf 87' lang='lat' dir='ltr'>ipsum</span> <span class='ocrx_word' id='word_1_425' title='bbox 1267 1074 1336 1096; x_wconf 87' lang='lat' dir='ltr'>esse</span> <span class='ocrx_word' id='word_1_426' title='bbox 1358 1064 1539 1100; x_wconf 85' lang='lat' dir='ltr'>hominem,</span> <span class='ocrx_word' id='word_1_427' title='bbox 1566 1071 1736 1103; x_wconf 88' lang='lat' dir='ltr'>nunquam</span> 
     </span>
     <span class='ocr_line' id='line_1_65' title="bbox 963 1115 1734 1158; baseline -0.004 -9"><span class='ocrx_word' id='word_1_428' title='bbox 963 1121 1071 1149; x_wconf 84' lang='lat' dir='ltr'>tamen</span> <span class='ocrx_word' id='word_1_429' title='bbox 1087 1128 1142 1158; x_wconf 85' lang='lat' dir='ltr'>per</span> <span class='ocrx_word' id='word_1_430' title='bbox 1157 1118 1261 1149; x_wconf 83' lang='lat' dir='ltr'>visum</span> <span class='ocrx_word' id='word_1_431' title='bbox 1275 1126 1467 1157; x_wconf 82' lang='lat' dir='ltr'>cognoscam</span> <span class='ocrx_word' id='word_1_432' title='bbox 1483 1117 1588 1156; x_wconf 89' lang='lat' dir='ltr'>ipsum</span> <span class='ocrx_word' id='word_1_433' title='bbox 1604 1125 1671 1147; x_wconf 87' lang='lat' dir='ltr'>esse</span> <span class='ocrx_word' id='word_1_434' title='bbox 1685 1115 1734 1146; x_wconf 89' lang='lat' dir='ltr'>Fi-</span> 
     </span>
     <span class='ocr_line' id='line_1_66' title="bbox 963 1169 1732 1202; baseline -0.004 -1"><span class='ocrx_word' id='word_1_435' title='bbox 963 1171 1043 1202; x_wconf 89' lang='lat' dir='ltr'>lium</span> <span class='ocrx_word' id='word_1_436' title='bbox 1060 1171 1123 1201; x_wconf 87' lang='lat' dir='ltr'>Dei.</span> <span class='ocrx_word' id='word_1_437' title='bbox 1140 1170 1212 1201; x_wconf 91' lang='lat' dir='ltr'>Ideo</span> <span class='ocrx_word' id='word_1_438' title='bbox 1234 1171 1315 1201; x_wconf 85' lang='lat' dir='ltr'>alius</span> <span class='ocrx_word' id='word_1_439' title='bbox 1337 1171 1463 1201; x_wconf 84' lang='lat' dir='ltr'>habitus</span> <span class='ocrx_word' id='word_1_440' title='bbox 1476 1169 1672 1200; x_wconf 86' lang='lat' dir='ltr'>necessarius</span> <span class='ocrx_word' id='word_1_441' title='bbox 1687 1171 1732 1199; x_wconf 91' lang='lat' dir='ltr'>est</span> 
     </span>
     <span class='ocr_line' id='line_1_67' title="bbox 963 1224 1733 1265; baseline -0.003 -9"><span class='ocrx_word' id='word_1_442' title='bbox 963 1226 1002 1256; x_wconf 81' lang='lat' dir='ltr'>ad</span> <span class='ocrx_word' id='word_1_443' title='bbox 1017 1227 1088 1263; x_wconf 80' lang='lat' dir='ltr'>hoc,</span> <span class='ocrx_word' id='word_1_444' title='bbox 1109 1226 1192 1265; x_wconf 89' lang='lat' dir='ltr'>quod</span> <span class='ocrx_word' id='word_1_445' title='bbox 1207 1235 1399 1264; x_wconf 79' lang='lat' dir='ltr'>cognoscam</span> <span class='ocrx_word' id='word_1_446' title='bbox 1413 1226 1518 1264; x_wconf 87' lang='lat' dir='ltr'>ipsum</span> <span class='ocrx_word' id='word_1_447' title='bbox 1535 1233 1602 1255; x_wconf 88' lang='lat' dir='ltr'>esse</span> <span class='ocrx_word' id='word_1_448' title='bbox 1621 1224 1733 1254; x_wconf 89' lang='lat' dir='ltr'>Deum.</span> 
     </span>
     <span class='ocr_line' id='line_1_68' title="bbox 964 1278 1734 1319; baseline -0.003 -9"><span class='ocrx_word' id='word_1_449' title='bbox 964 1280 1002 1310; x_wconf 88' lang='lat' dir='ltr'>Et</span> <span class='ocrx_word' id='word_1_450' title='bbox 1015 1280 1075 1310; x_wconf 89' lang='lat' dir='ltr'>hoc</span> <span class='ocrx_word' id='word_1_451' title='bbox 1088 1282 1145 1318; x_wconf 85' lang='lat' dir='ltr'>est,</span> <span class='ocrx_word' id='word_1_452' title='bbox 1162 1280 1247 1319; x_wconf 88' lang='lat' dir='ltr'>quod</span> <span class='ocrx_word' id='word_1_453' title='bbox 1260 1280 1413 1310; x_wconf 86' lang='lat' dir='ltr'>Dominus</span> <span class='ocrx_word' id='word_1_454' title='bbox 1427 1279 1507 1310; x_wconf 82' lang='lat' dir='ltr'>dixit</span> <span class='ocrx_word' id='word_1_455' title='bbox 1520 1278 1623 1315; x_wconf 85' lang='lat' dir='ltr'>Petro,</span> <span class='ocrx_word' id='word_1_456' title='bbox 1635 1287 1734 1318; x_wconf 82' lang='lat' dir='ltr'>quan-</span> 
     </span>
     <span class='ocr_line' id='line_1_69' title="bbox 963 1332 1733 1365; baseline -0.001 -2"><span class='ocrx_word' id='word_1_457' title='bbox 963 1334 1003 1364; x_wconf 87' lang='lat' dir='ltr'>do</span> <span class='ocrx_word' id='word_1_458' title='bbox 1018 1333 1140 1364; x_wconf 79' lang='lat' dir='ltr'>dixerat</span> <span class='ocrx_word' id='word_1_459' title='bbox 1150 1333 1159 1350; x_wconf 82' lang='lat'>³</span> <span class='ocrx_word' id='word_1_460' title='bbox 1174 1342 1182 1364; x_wconf 73' lang='grc' dir='ltr'>ε</span> <span class='ocrx_word' id='word_1_461' title='bbox 1201 1333 1246 1364; x_wconf 82' lang='lat' dir='ltr'>Tu</span> <span class='ocrx_word' id='word_1_462' title='bbox 1260 1341 1290 1365; x_wconf 85' lang='lat' dir='ltr'>es</span> <span class='ocrx_word' id='word_1_463' title='bbox 1307 1332 1451 1365; x_wconf 69' lang='lat' dir='ltr'>Christus</span> <span class='ocrx_word' id='word_1_464' title='bbox 1460 1332 1564 1364; x_wconf 73' lang='lat' dir='ltr'>Filius</span> <span class='ocrx_word' id='word_1_465' title='bbox 1577 1333 1634 1363; x_wconf 77' lang='lat' dir='ltr'>Dei</span> <span class='ocrx_word' id='word_1_466' title='bbox 1644 1332 1733 1363; x_wconf 80' lang='lat' dir='ltr'>vivi:</span> 
     </span>
     <span class='ocr_line' id='line_1_70' title="bbox 966 1385 1732 1427; baseline -0.005 -8"><span class='ocrx_word' id='word_1_467' title='bbox 966 1388 1055 1425; x_wconf 81' lang='lat' dir='ltr'>Caro,</span> <span class='ocrx_word' id='word_1_468' title='bbox 1085 1391 1114 1420; x_wconf 79' lang='lat' dir='ltr'>et</span> <span class='ocrx_word' id='word_1_469' title='bbox 1137 1388 1272 1427; x_wconf 69' lang='lat' dir='ltr'>sanquis</span> <span class='ocrx_word' id='word_1_470' title='bbox 1297 1395 1362 1418; x_wconf 82' lang='lat' dir='ltr'>non</span> <span class='ocrx_word' id='word_1_471' title='bbox 1387 1386 1538 1418; x_wconf 78' lang='lat' dir='ltr'>revelabit</span> <span class='ocrx_word' id='word_1_472' title='bbox 1565 1385 1625 1417; x_wconf 74' lang='lat' dir='ltr'>tibi</span> <span class='ocrx_word' id='word_1_473' title='bbox 1634 1409 1644 1424; x_wconf 87' lang='lat'>‚</span> <span class='ocrx_word' id='word_1_474' title='bbox 1673 1387 1732 1416; x_wconf 91' lang='lat' dir='ltr'>etc.</span> 
     </span>
     <span class='ocr_line' id='line_1_71' title="bbox 965 1438 1734 1480; baseline -0.005 -8"><span class='ocrx_word' id='word_1_475' title='bbox 965 1440 1206 1472; x_wconf 89' lang='lat' dir='ltr'>Concedendum</span> <span class='ocrx_word' id='word_1_476' title='bbox 1224 1443 1270 1472; x_wconf 87' lang='lat' dir='ltr'>est</span> <span class='ocrx_word' id='word_1_477' title='bbox 1295 1449 1373 1479; x_wconf 85' lang='lat' dir='ltr'>ergo</span> <span class='ocrx_word' id='word_1_478' title='bbox 1396 1440 1482 1480; x_wconf 87' lang='lat' dir='ltr'>quod</span> <span class='ocrx_word' id='word_1_479' title='bbox 1504 1439 1581 1471; x_wconf 80' lang='lat' dir='ltr'>fides</span> <span class='ocrx_word' id='word_1_480' title='bbox 1601 1440 1631 1469; x_wconf 83' lang='lat' dir='ltr'>et</span> <span class='ocrx_word' id='word_1_481' title='bbox 1654 1438 1734 1469; x_wconf 89' lang='lat' dir='ltr'>visio</span> 
     </span>
     <span class='ocr_line' id='line_1_72' title="bbox 964 1493 1735 1534; baseline -0.005 -9"><span class='ocrx_word' id='word_1_482' title='bbox 964 1496 1095 1534; x_wconf 86' lang='lat' dir='ltr'>possunt</span> <span class='ocrx_word' id='word_1_483' title='bbox 1108 1503 1176 1525; x_wconf 85' lang='lat' dir='ltr'>esse</span> <span class='ocrx_word' id='word_1_484' title='bbox 1190 1494 1271 1525; x_wconf 87' lang='lat' dir='ltr'>circa</span> <span class='ocrx_word' id='word_1_485' title='bbox 1284 1502 1388 1524; x_wconf 90' lang='lat' dir='ltr'>unum</span> <span class='ocrx_word' id='word_1_486' title='bbox 1403 1495 1434 1524; x_wconf 88' lang='lat' dir='ltr'>et</span> <span class='ocrx_word' id='word_1_487' title='bbox 1448 1493 1607 1530; x_wconf 88' lang='lat' dir='ltr'>eumdem,</span> <span class='ocrx_word' id='word_1_488' title='bbox 1624 1500 1735 1531; x_wconf 88' lang='lat' dir='ltr'>quam-</span> 
     </span>
     <span class='ocr_line' id='line_1_73' title="bbox 964 1545 1735 1586; baseline -0.005 -7"><span class='ocrx_word' id='word_1_489' title='bbox 964 1548 1013 1579; x_wconf 92' lang='lat' dir='ltr'>vis</span> <span class='ocrx_word' id='word_1_490' title='bbox 1034 1557 1100 1579; x_wconf 89' lang='lat' dir='ltr'>non</span> <span class='ocrx_word' id='word_1_491' title='bbox 1119 1548 1294 1579; x_wconf 89' lang='lat' dir='ltr'>secundum</span> <span class='ocrx_word' id='word_1_492' title='bbox 1318 1547 1414 1578; x_wconf 89' lang='lat' dir='ltr'>idem.</span> <span class='ocrx_word' id='word_1_493' title='bbox 1440 1546 1479 1578; x_wconf 86' lang='lat' dir='ltr'>Et</span> <span class='ocrx_word' id='word_1_494' title='bbox 1504 1546 1564 1577; x_wconf 90' lang='lat' dir='ltr'>hoc</span> <span class='ocrx_word' id='word_1_495' title='bbox 1585 1547 1632 1576; x_wconf 87' lang='lat' dir='ltr'>est</span> <span class='ocrx_word' id='word_1_496' title='bbox 1650 1545 1735 1586; x_wconf 80' lang='lat' dir='ltr'>quod</span> 
     </span>
     <span class='ocr_line' id='line_1_74' title="bbox 964 1598 1732 1640; baseline -0.003 -9"><span class='ocrx_word' id='word_1_497' title='bbox 964 1601 1038 1632; x_wconf 91' lang='lat' dir='ltr'>dicit</span> <span class='ocrx_word' id='word_1_498' title='bbox 1052 1602 1253 1640; x_wconf 78' lang='lat' dir='ltr'>Augustinus</span> <span class='ocrx_word' id='word_1_499' title='bbox 1267 1603 1288 1639; x_wconf 73' lang='lat'>¹⁹,</span> <span class='ocrx_word' id='word_1_500' title='bbox 1304 1602 1336 1631; x_wconf 88' lang='lat' dir='ltr'>et</span> <span class='ocrx_word' id='word_1_501' title='bbox 1346 1600 1517 1639; x_wconf 80' lang='lat' dir='ltr'>Gregorius</span> <span class='ocrx_word' id='word_1_502' title='bbox 1527 1602 1536 1618; x_wconf 79' lang='lat'>⁵</span> <span class='ocrx_word' id='word_1_503' title='bbox 1547 1599 1585 1630; x_wconf 92' lang='lat' dir='ltr'>de</span> <span class='ocrx_word' id='word_1_504' title='bbox 1599 1598 1732 1637; x_wconf 82' lang='lat' dir='ltr'>Thoma,</span> 
     </span>
     <span class='ocr_line' id='line_1_75' title="bbox 964 1652 1735 1693; baseline -0.004 -8"><span class='ocrx_word' id='word_1_505' title='bbox 964 1654 1049 1693; x_wconf 84' lang='lat' dir='ltr'>quod</span> <span class='ocrx_word' id='word_1_506' title='bbox 1061 1654 1148 1685; x_wconf 84' lang='lat' dir='ltr'>aliud</span> <span class='ocrx_word' id='word_1_507' title='bbox 1161 1654 1249 1691; x_wconf 80' lang='lat' dir='ltr'>vidit,</span> <span class='ocrx_word' id='word_1_508' title='bbox 1264 1655 1294 1685; x_wconf 90' lang='lat' dir='ltr'>et</span> <span class='ocrx_word' id='word_1_509' title='bbox 1308 1654 1394 1685; x_wconf 90' lang='lat' dir='ltr'>aliud</span> <span class='ocrx_word' id='word_1_510' title='bbox 1409 1652 1557 1691; x_wconf 88' lang='lat' dir='ltr'>credidit;</span> <span class='ocrx_word' id='word_1_511' title='bbox 1571 1652 1735 1683; x_wconf 89' lang='lat' dir='ltr'>hominem</span> 
     </span>
     <span class='ocr_line' id='line_1_76' title="bbox 964 1706 1732 1746; baseline -0.003 -7"><span class='ocrx_word' id='word_1_512' title='bbox 964 1708 1054 1746; x_wconf 84' lang='lat' dir='ltr'>vidit,</span> <span class='ocrx_word' id='word_1_513' title='bbox 1067 1710 1097 1739; x_wconf 91' lang='lat' dir='ltr'>et</span> <span class='ocrx_word' id='word_1_514' title='bbox 1104 1708 1203 1739; x_wconf 88' lang='lat' dir='ltr'>Deum</span> <span class='ocrx_word' id='word_1_515' title='bbox 1211 1708 1372 1738; x_wconf 86' lang='lat' dir='ltr'>confessus</span> <span class='ocrx_word' id='word_1_516' title='bbox 1381 1709 1428 1738; x_wconf 87' lang='lat' dir='ltr'>est</span> <span class='ocrx_word' id='word_1_517' title='bbox 1438 1707 1545 1738; x_wconf 88' lang='lat' dir='ltr'>dicens</span> <span class='ocrx_word' id='word_1_518' title='bbox 1558 1717 1564 1737; x_wconf 92' lang='lat'>:</span> <span class='ocrx_word' id='word_1_519' title='bbox 1577 1706 1732 1738; x_wconf 81' lang='lat' dir='ltr'>Dominus</span> 
     </span>
     <span class='ocr_line' id='line_1_77' title="bbox 964 1760 1732 1798; baseline -0.003 -6"><span class='ocrx_word' id='word_1_520' title='bbox 964 1769 1051 1793; x_wconf 79' lang='lat' dir='ltr'>meus</span> <span class='ocrx_word' id='word_1_521' title='bbox 1059 1763 1086 1793; x_wconf 76' lang='lat' dir='ltr'>et</span> <span class='ocrx_word' id='word_1_522' title='bbox 1094 1762 1179 1793; x_wconf 76' lang='lat' dir='ltr'>Deus</span> <span class='ocrx_word' id='word_1_523' title='bbox 1190 1769 1287 1792; x_wconf 85' lang='lat' dir='ltr'>meus.</span> <span class='ocrx_word' id='word_1_524' title='bbox 1297 1760 1419 1791; x_wconf 86' lang='lat' dir='ltr'>Etsicut</span> <span class='ocrx_word' id='word_1_525' title='bbox 1431 1761 1469 1791; x_wconf 92' lang='lat' dir='ltr'>de</span> <span class='ocrx_word' id='word_1_526' title='bbox 1477 1760 1598 1791; x_wconf 85' lang='lat' dir='ltr'>Thoma</span> <span class='ocrx_word' id='word_1_527' title='bbox 1607 1760 1732 1798; x_wconf 86' lang='lat' dir='ltr'>dicitur,</span> 
     </span>
     <span class='ocr_line' id='line_1_78' title="bbox 964 1812 1731 1854; baseline 0 -10"><span class='ocrx_word' id='word_1_528' title='bbox 964 1814 1008 1845; x_wconf 85' lang='lat' dir='ltr'>ita</span> <span class='ocrx_word' id='word_1_529' title='bbox 1019 1815 1115 1846; x_wconf 87' lang='lat' dir='ltr'>etiam</span> <span class='ocrx_word' id='word_1_530' title='bbox 1137 1815 1175 1845; x_wconf 93' lang='lat' dir='ltr'>de</span> <span class='ocrx_word' id='word_1_531' title='bbox 1192 1815 1260 1845; x_wconf 87' lang='lat' dir='ltr'>aliis</span> <span class='ocrx_word' id='word_1_532' title='bbox 1275 1814 1438 1854; x_wconf 88' lang='lat' dir='ltr'>apostolis,</span> <span class='ocrx_word' id='word_1_533' title='bbox 1453 1814 1532 1845; x_wconf 83' lang='lat' dir='ltr'>etde</span> <span class='ocrx_word' id='word_1_534' title='bbox 1543 1812 1731 1853; x_wconf 86' lang='lat' dir='ltr'>B.Virgine,</span> 
     </span>
     <span class='ocr_line' id='line_1_79' title="bbox 963 1867 1738 1908; baseline -0.003 -9"><span class='ocrx_word' id='word_1_535' title='bbox 963 1877 1037 1908; x_wconf 72' lang='lat' dir='ltr'>quae</span> <span class='ocrx_word' id='word_1_536' title='bbox 1053 1868 1202 1908; x_wconf 83' lang='lat' dir='ltr'>quamvis</span> <span class='ocrx_word' id='word_1_537' title='bbox 1222 1867 1436 1898; x_wconf 85' lang='lat' dir='ltr'>certitudinali</span> <span class='ocrx_word' id='word_1_538' title='bbox 1455 1867 1650 1906; x_wconf 83' lang='lat' dir='ltr'>experientia</span> <span class='ocrx_word' id='word_1_539' title='bbox 1670 1867 1738 1897; x_wconf 89' lang='lat' dir='ltr'>sci-</span> 
     </span>
     <span class='ocr_line' id='line_1_80' title="bbox 966 1920 1736 1961; baseline -0.004 -8"><span class='ocrx_word' id='word_1_540' title='bbox 966 1922 1047 1953; x_wconf 86' lang='lat' dir='ltr'>verit</span> <span class='ocrx_word' id='word_1_541' title='bbox 1058 1931 1091 1952; x_wconf 88' lang='lat' dir='ltr'>se</span> <span class='ocrx_word' id='word_1_542' title='bbox 1103 1921 1283 1961; x_wconf 86' lang='lat' dir='ltr'>concepisse</span> <span class='ocrx_word' id='word_1_543' title='bbox 1297 1921 1364 1951; x_wconf 90' lang='lat' dir='ltr'>sine</span> <span class='ocrx_word' id='word_1_544' title='bbox 1378 1920 1468 1952; x_wconf 87' lang='lat' dir='ltr'>virili</span> <span class='ocrx_word' id='word_1_545' title='bbox 1480 1921 1612 1959; x_wconf 81' lang='lat' dir='ltr'>semine,</span> <span class='ocrx_word' id='word_1_546' title='bbox 1626 1922 1736 1951; x_wconf 84' lang='lat' dir='ltr'>tamen</span> 
     </span>
     <span class='ocr_line' id='line_1_81' title="bbox 964 1973 1734 2015; baseline -0.001 -10"><span class='ocrx_word' id='word_1_547' title='bbox 964 1984 996 2005; x_wconf 90' lang='lat' dir='ltr'>se</span> <span class='ocrx_word' id='word_1_548' title='bbox 1003 1975 1185 2015; x_wconf 88' lang='lat' dir='ltr'>concepisse</span> <span class='ocrx_word' id='word_1_549' title='bbox 1192 1983 1361 2015; x_wconf 81' lang='lat' dir='ltr'>personam</span> <span class='ocrx_word' id='word_1_550' title='bbox 1371 1974 1465 2006; x_wconf 85' lang='lat' dir='ltr'>Verbi</span> <span class='ocrx_word' id='word_1_551' title='bbox 1475 1974 1564 2005; x_wconf 90' lang='lat' dir='ltr'>novit</span> <span class='ocrx_word' id='word_1_552' title='bbox 1575 1973 1734 2004; x_wconf 77' lang='lat' dir='ltr'>mediante</span> 
     </span>
     <span class='ocr_line' id='line_1_82' title="bbox 964 2027 1735 2068; baseline -0.001 -9"><span class='ocrx_word' id='word_1_553' title='bbox 964 2028 1038 2059; x_wconf 89' lang='lat' dir='ltr'>fide.</span> <span class='ocrx_word' id='word_1_554' title='bbox 1062 2028 1099 2059; x_wconf 88' lang='lat' dir='ltr'>Et</span> <span class='ocrx_word' id='word_1_555' title='bbox 1121 2029 1272 2066; x_wconf 78' lang='lat' dir='ltr'>breviter,</span> <span class='ocrx_word' id='word_1_556' title='bbox 1293 2028 1368 2068; x_wconf 83' lang='lat' dir='ltr'>quia</span> <span class='ocrx_word' id='word_1_557' title='bbox 1383 2028 1416 2058; x_wconf 92' lang='lat' dir='ltr'>in</span> <span class='ocrx_word' id='word_1_558' title='bbox 1433 2028 1582 2058; x_wconf 88' lang='lat' dir='ltr'>omnibus</span> <span class='ocrx_word' id='word_1_559' title='bbox 1594 2027 1735 2058; x_wconf 85' lang='lat' dir='ltr'>articulis</span> 
     </span>
     <span class='ocr_line' id='line_1_83' title="bbox 964 2081 1737 2122; baseline 0 -10"><span class='ocrx_word' id='word_1_560' title='bbox 964 2082 1146 2122; x_wconf 86' lang='lat' dir='ltr'>implicatur</span> <span class='ocrx_word' id='word_1_561' title='bbox 1168 2082 1288 2122; x_wconf 87' lang='lat' dir='ltr'>aliquid</span> <span class='ocrx_word' id='word_1_562' title='bbox 1311 2082 1478 2121; x_wconf 87' lang='lat' dir='ltr'>divinum,</span> <span class='ocrx_word' id='word_1_563' title='bbox 1496 2082 1571 2122; x_wconf 91' lang='lat' dir='ltr'>quia</span> <span class='ocrx_word' id='word_1_564' title='bbox 1585 2081 1737 2113; x_wconf 87' lang='lat' dir='ltr'>articulus</span> 
     </span>
     <span class='ocr_line' id='line_1_84' title="bbox 965 2135 1736 2175; baseline -0.001 -9"><span class='ocrx_word' id='word_1_565' title='bbox 965 2137 1012 2165; x_wconf 89' lang='lat' dir='ltr'>est</span> <span class='ocrx_word' id='word_1_566' title='bbox 1034 2135 1151 2166; x_wconf 89' lang='lat' dir='ltr'>veritas</span> <span class='ocrx_word' id='word_1_567' title='bbox 1169 2135 1207 2166; x_wconf 89' lang='lat' dir='ltr'>de</span> <span class='ocrx_word' id='word_1_568' title='bbox 1225 2135 1302 2173; x_wconf 89' lang='lat' dir='ltr'>Deo,</span> <span class='ocrx_word' id='word_1_569' title='bbox 1327 2137 1358 2166; x_wconf 90' lang='lat' dir='ltr'>et</span> <span class='ocrx_word' id='word_1_570' title='bbox 1383 2135 1463 2166; x_wconf 92' lang='lat' dir='ltr'>illud</span> <span class='ocrx_word' id='word_1_571' title='bbox 1483 2135 1613 2175; x_wconf 88' lang='lat' dir='ltr'>quidem</span> <span class='ocrx_word' id='word_1_572' title='bbox 1642 2135 1736 2172; x_wconf 84' lang='lat' dir='ltr'>latet;</span> 
     </span>
     <span class='ocr_line' id='line_1_85' title="bbox 965 2187 1738 2220; baseline -0.001 -1"><span class='ocrx_word' id='word_1_573' title='bbox 965 2187 1036 2219; x_wconf 88' lang='lat' dir='ltr'>ideo</span> <span class='ocrx_word' id='word_1_574' title='bbox 1059 2188 1267 2220; x_wconf 85' lang='lat' dir='ltr'>concedendae</span> <span class='ocrx_word' id='word_1_575' title='bbox 1284 2190 1358 2219; x_wconf 91' lang='lat' dir='ltr'>sunt</span> <span class='ocrx_word' id='word_1_576' title='bbox 1378 2188 1517 2220; x_wconf 78' lang='lat' dir='ltr'>rationes</span> <span class='ocrx_word' id='word_1_577' title='bbox 1539 2188 1738 2219; x_wconf 89' lang='lat' dir='ltr'>ostendentes</span> 
     </span>
     <span class='ocr_line' id='line_1_86' title="bbox 966 2241 1682 2282; baseline 0.001 -11"><span class='ocrx_word' id='word_1_578' title='bbox 966 2241 1052 2281; x_wconf 88' lang='lat' dir='ltr'>quod</span> <span class='ocrx_word' id='word_1_579' title='bbox 1063 2241 1143 2273; x_wconf 88' lang='lat' dir='ltr'>visio</span> <span class='ocrx_word' id='word_1_580' title='bbox 1158 2242 1329 2282; x_wconf 85' lang='lat' dir='ltr'>corporalis</span> <span class='ocrx_word' id='word_1_581' title='bbox 1341 2241 1439 2273; x_wconf 87' lang='lat' dir='ltr'>fidem</span> <span class='ocrx_word' id='word_1_582' title='bbox 1453 2251 1519 2273; x_wconf 92' lang='lat' dir='ltr'>non</span> <span class='ocrx_word' id='word_1_583' title='bbox 1533 2242 1682 2273; x_wconf 77' lang='lat' dir='ltr'>excludit.</span> 
     </span>
    </p>

    <p class='ocr_par' dir='ltr' id='par_1_12' title="bbox 966 2294 1739 2544">
     <span class='ocr_line' id='line_1_87' title="bbox 1007 2294 1738 2336; baseline -0.001 -11"><span class='ocrx_word' id='word_1_584' title='bbox 1007 2297 1037 2325; x_wconf 87' lang='lat'>1.</span> <span class='ocrx_word' id='word_1_585' title='bbox 1054 2294 1103 2326; x_wconf 93' lang='lat' dir='ltr'>Ad</span> <span class='ocrx_word' id='word_1_586' title='bbox 1114 2294 1194 2326; x_wconf 90' lang='lat' dir='ltr'>illud</span> <span class='ocrx_word' id='word_1_587' title='bbox 1208 2304 1287 2334; x_wconf 83' lang='lat' dir='ltr'>ergo</span> <span class='ocrx_word' id='word_1_588' title='bbox 1305 2295 1390 2335; x_wconf 73' lang='lat' dir='ltr'>quod</span> <span class='ocrx_word' id='word_1_589' title='bbox 1413 2294 1517 2336; x_wconf 88' lang='lat' dir='ltr'>primo</span> <span class='ocrx_word' id='word_1_590' title='bbox 1535 2294 1684 2334; x_wconf 87' lang='lat' dir='ltr'>objicitur</span> <span class='ocrx_word' id='word_1_591' title='bbox 1704 2294 1738 2324; x_wconf 90' lang='lat' dir='ltr'>in</span> 
     </span>
     <span class='ocr_line' id='line_1_88' title="bbox 967 2347 1738 2388; baseline -0.003 -10"><span class='ocrx_word' id='word_1_592' title='bbox 967 2348 1174 2386; x_wconf 84' lang='lat' dir='ltr'>contrarium,</span> <span class='ocrx_word' id='word_1_593' title='bbox 1193 2348 1278 2388; x_wconf 90' lang='lat' dir='ltr'>quod</span> <span class='ocrx_word' id='word_1_594' title='bbox 1294 2348 1368 2379; x_wconf 90' lang='lat' dir='ltr'>fidei</span> <span class='ocrx_word' id='word_1_595' title='bbox 1382 2348 1557 2378; x_wconf 82' lang='lat' dir='ltr'>necessaria</span> <span class='ocrx_word' id='word_1_596' title='bbox 1575 2348 1620 2377; x_wconf 86' lang='lat' dir='ltr'>est</span> <span class='ocrx_word' id='word_1_597' title='bbox 1634 2347 1738 2377; x_wconf 83' lang='lat' dir='ltr'>laten-</span> 
     </span>
     <span class='ocr_line' id='line_1_89' title="bbox 966 2397 1737 2439; baseline -0.003 -9"><span class='ocrx_word' id='word_1_598' title='bbox 966 2399 1022 2437; x_wconf 88' lang='lat' dir='ltr'>tia,</span> <span class='ocrx_word' id='word_1_599' title='bbox 1038 2399 1209 2430; x_wconf 90' lang='lat' dir='ltr'>dicendum</span> <span class='ocrx_word' id='word_1_600' title='bbox 1223 2400 1309 2439; x_wconf 90' lang='lat' dir='ltr'>quod</span> <span class='ocrx_word' id='word_1_601' title='bbox 1327 2399 1458 2431; x_wconf 86' lang='lat' dir='ltr'>latentia</span> <span class='ocrx_word' id='word_1_602' title='bbox 1477 2397 1651 2430; x_wconf 86' lang='lat' dir='ltr'>divinitatis</span> <span class='ocrx_word' id='word_1_603' title='bbox 1666 2397 1737 2428; x_wconf 76' lang='lat' dir='ltr'>haec</span> 
     </span>
     <span class='ocr_line' id='line_1_90' title="bbox 967 2450 1739 2493; baseline -0.003 -9"><span class='ocrx_word' id='word_1_604' title='bbox 967 2454 1031 2492; x_wconf 86' lang='lat' dir='ltr'>est,</span> <span class='ocrx_word' id='word_1_605' title='bbox 1058 2462 1132 2493; x_wconf 79' lang='lat' dir='ltr'>quae</span> <span class='ocrx_word' id='word_1_606' title='bbox 1151 2453 1328 2485; x_wconf 86' lang='lat' dir='ltr'>necessaria</span> <span class='ocrx_word' id='word_1_607' title='bbox 1347 2455 1394 2484; x_wconf 88' lang='lat' dir='ltr'>est</span> <span class='ocrx_word' id='word_1_608' title='bbox 1414 2452 1508 2490; x_wconf 86' lang='lat' dir='ltr'>fidei3</span> <span class='ocrx_word' id='word_1_609' title='bbox 1533 2452 1587 2482; x_wconf 89' lang='lat' dir='ltr'>sed</span> <span class='ocrx_word' id='word_1_610' title='bbox 1609 2450 1739 2482; x_wconf 81' lang='lat' dir='ltr'>latentia</span> 
     </span>
     <span class='ocr_line' id='line_1_91' title="bbox 967 2504 1739 2544; baseline -0.003 -7"><span class='ocrx_word' id='word_1_611' title='bbox 967 2505 1174 2538; x_wconf 85' lang='lat' dir='ltr'>humanitatis</span> <span class='ocrx_word' id='word_1_612' title='bbox 1191 2516 1257 2539; x_wconf 89' lang='lat' dir='ltr'>non</span> <span class='ocrx_word' id='word_1_613' title='bbox 1271 2509 1318 2539; x_wconf 88' lang='lat' dir='ltr'>est</span> <span class='ocrx_word' id='word_1_614' title='bbox 1335 2507 1374 2538; x_wconf 90' lang='lat' dir='ltr'>de</span> <span class='ocrx_word' id='word_1_615' title='bbox 1388 2506 1463 2538; x_wconf 87' lang='lat' dir='ltr'>fidei</span> <span class='ocrx_word' id='word_1_616' title='bbox 1476 2504 1673 2544; x_wconf 80' lang='lat' dir='ltr'>necessitate,</span> <span class='ocrx_word' id='word_1_617' title='bbox 1690 2504 1739 2535; x_wconf 83' lang='lat' dir='ltr'>fa-</span> 
     </span>
    </p>
   </div>
   <div class='ocr_carea' id='block_1_9' title="bbox 967 2586 1740 2654">
    <p class='ocr_par' dir='ltr' id='par_1_13' title="bbox 967 2586 1740 2654">
     <span class='ocr_line' id='line_1_92' title="bbox 968 2586 1740 2619; baseline 0 -9"><span class='ocrx_word' id='word_1_618' title='bbox 968 2593 1020 2617; x_wconf 57' lang='grc' dir='ltr'>ΔκνΙ,</span> <span class='ocrx_word' id='word_1_619' title='bbox 1041 2588 1078 2617; x_wconf 81' lang='grc'>16,</span> <span class='ocrx_word' id='word_1_620' title='bbox 1098 2588 1135 2612; x_wconf 82' lang='lat'>17.</span> <span class='ocrx_word' id='word_1_621' title='bbox 1148 2587 1200 2605; x_wconf 75' lang='lat'>—⁸</span> <span class='ocrx_word' id='word_1_622' title='bbox 1212 2588 1285 2619; x_wconf 67' lang='lat' dir='ltr'>Aug„</span> <span class='ocrx_word' id='word_1_623' title='bbox 1302 2588 1329 2610; x_wconf 81' lang='lat' dir='ltr'>in</span> <span class='ocrx_word' id='word_1_624' title='bbox 1342 2587 1423 2617; x_wconf 66' lang='lat' dir='ltr'>Joan„</span> <span class='ocrx_word' id='word_1_625' title='bbox 1446 2586 1519 2610; x_wconf 78' lang='lat' dir='ltr'>tract.</span> <span class='ocrx_word' id='word_1_626' title='bbox 1542 2590 1611 2614; x_wconf 78' lang='lat' dir='ltr'>cxxt,</span> <span class='ocrx_word' id='word_1_627' title='bbox 1632 2592 1658 2608; x_wconf 92' lang='lat' dir='ltr'>n.</span> <span class='ocrx_word' id='word_1_628' title='bbox 1677 2586 1740 2610; x_wconf 81' lang='lat'>5.—</span> 
     </span>
     <span class='ocr_line' id='line_1_93' title="bbox 967 2623 1405 2654; baseline -0.002 -8"><span class='ocrx_word' id='word_1_629' title='bbox 967 2623 978 2639; x_wconf 77' lang='lat'>⁵</span> <span class='ocrx_word' id='word_1_630' title='bbox 993 2623 1067 2654; x_wconf 85' lang='lat' dir='ltr'>Greg.</span> <span class='ocrx_word' id='word_1_631' title='bbox 1084 2624 1110 2647; x_wconf 80' lang='lat' dir='ltr'>in</span> <span class='ocrx_word' id='word_1_632' title='bbox 1124 2623 1232 2654; x_wconf 66' lang='lat' dir='ltr'>Evany„</span> <span class='ocrx_word' id='word_1_633' title='bbox 1248 2623 1320 2647; x_wconf 86' lang='lat' dir='ltr'>hom.</span> <span class='ocrx_word' id='word_1_634' title='bbox 1335 2628 1405 2646; x_wconf 81' lang='lat' dir='ltr'>xxvi.</span> 
     </span>
    </p>
   </div>
   <div class='ocr_carea' id='block_1_10' title="bbox 1753 2039 1858 2096">
    <p class='ocr_par' dir='ltr' id='par_1_14' title="bbox 1753 2039 1858 2096">
     <span class='ocr_line' id='line_1_94' title="bbox 1778 2039 1858 2060; baseline -0.025 0"><span class='ocrx_word' id='word_1_635' title='bbox 1778 2039 1858 2060; x_wconf 71' lang='lat' dir='ltr'>Articu-</span> 
     </span>
     <span class='ocr_line' id='line_1_95' title="bbox 1753 2070 1857 2096; baseline -0.01 -5"><span class='ocrx_word' id='word_1_636' title='bbox 1753 2071 1785 2091; x_wconf 83' lang='lat' dir='ltr'>lus</span> <span class='ocrx_word' id='word_1_637' title='bbox 1798 2070 1857 2096; x_wconf 82' lang='lat' dir='ltr'>quid.</span> 
     </span>
    </p>
   </div>
  </div>
 </body>
</html>
