2017 2960
245 207 306 235 :5150

245 271 330 311 quod
356 272 452 311 nigro
475 274 519 302 est
545 268 818 309 impermixtius¹,
846 270 875 298 et
901 268 1016 299 certius

246 324 330 363 quod
351 324 454 363 magis
478 326 636 354 remotum
658 323 704 351 cst
722 321 762 351 ab
779 321 865 351 omni
889 320 1016 351 dubita-

246 378 350 415 tiouc;
369 380 397 408 et
422 385 512 416 arque
533 377 599 405 crat
625 376 746 405 remota
768 374 845 404 tides
866 374 1015 413 antiquo—

246 440 318 462 rum
335 434 460 470 patrum
476 430 514 459 ab
530 437 635 459 errore
657 430 687 457 ctv
707 427 918 465 dubitatione,
938 427 1018 458 sicut

249 487 277 514 ct
299 487 422 517 nostra;
440 492 517 521 crgo
541 481 704 521 :equaliter
731 483 797 511 crat
814 483 899 510 certa
916 491 921 510 :
939 489 1017 519 ergo

247 537 323 567 tides
339 546 403 567 non
419 536 517 566 crevit
536 537 692 574 qnantum
708 534 747 565 ad
762 533 993 564 certitudinem.

523 630 568 661 (10
575 630 594 660 N
601 629 708 660 CLUSI
715 630 749 660 O.

248 701 322 727 fidei
341 699 472 727 certitudo
496 701 522 725 in
540 700 739 733 comparatione
754 698 790 724 ad
811 700 946 724 veritatem
963 698 1018 724 dic-

285 747 382 771 tantem
396 752 446 770 non
456 745 548 773 crevit,
562 744 622 769 Izi-ct
635 745 661 769 in
674 744 875 776 comparatione
886 742 922 768 (ul
934 743 1019 776 ipsum

285 788 427 815 credentem
443 789 551 813 crcsmt.
869 790 873 791 ⁷

289 856 379 895 Resp.
397 856 434 885 ad
453 865 521 893 arg.
539 854 712 885 Dicendum
729 854 814 893 quod
833 855 871 884 de
891 854 1020 884 certitu-

248 909 320 940 dine
335 909 407 939 111101
423 911 466 939 cst
480 909 565 948 loqui
582 907 758 947 dupliciter,
772 907 947 938 secundum
962 907 1022 937 du-

248 962 361 1003 plicem
393 962 673 1001 comparationem.
701 959 803 990 Habet
829 960 915 990 enim
946 960 1022 990 fides

249 1015 425 1054 comparari
452 1014 490 1044 ad
515 1014 616 1053 ipsam
640 1013 806 1044 veritatem
830 1013 1020 1049 dictanten13

250 1069 345 1099 habet
359 1069 454 1099 etiam
470 1068 646 1107 comparari
658 1067 697 1097 ad
712 1067 816 1106 ipsum
830 1067 1022 1097 intellectum

251 1123 486 1152 assentientem.
516 1122 548 1151 Si
578 1121 748 1161 loquamur
776 1121 814 1151 de
838 1120 1024 1151 certitudine

254 1175 325 1205 tidci
346 1184 401 1214 per
419 1174 689 1214 comparationem
713 1174 750 1204 ad
776 1174 943 1204 veritatem
964 1173 1025 1204 dic-

252 1230 370 1257 tantem
382 1251 389 1264 ,
414 1228 457 1257 sic
473 1228 626 1258 certitudo
641 1236 699 1257 nec
722 1227 815 1257 habet
831 1226 950 1265 minui,
967 1236 1025 1256 nec

252 1281 366 1319 augeri
385 1292 391 1311 :
409 1282 484 1320 quia
505 1291 578 1311 cum
599 1282 665 1320 ipsa
686 1281 803 1311 veritas
826 1280 935 1311 divina
955 1290 1026 1310 cer-

254 1335 374 1365 tissima
389 1335 446 1371 sit,
463 1337 493 1365 ct
511 1335 574 1365 t'alli
590 1344 653 1365 nou
675 1335 790 1373 possit,
808 1336 965 1373 quantum
980 1336 1027 1364 est

254 1397 292 1418 ex
309 1390 395 1427 parte
411 1388 540 1417 rationis
555 1387 699 1417 dictantis
710 1411 717 1424 ,
734 1387 766 1416 in
790 1387 851 1417 fide
868 1396 1026 1426 quacum-

255 1450 315 1480 que
337 1442 461 1480 1111111111)
481 1441 608 1471 assentit
628 1440 744 1470 divinae
761 1439 882 1470 veritati
900 1442 1027 1479 propter

254 1502 298 1531 se,
310 1496 339 1524 et
350 1494 573 1533 superomnia,
584 1496 684 1524 status
695 1495 740 1524 est
750 1492 957 1530 certitudinis,
970 1501 1028 1522 nec

254 1548 348 1579 habet
365 1558 405 1579 cx
420 1549 472 1578 illa
487 1551 574 1588 parte
590 1548 666 1578 tides
681 1547 834 1587 proficere
849 1547 881 1577 in
895 1546 1028 1576 certitu-

255 1601 328 1632 dine
339 1626 346 1640 ,
365 1602 446 1632 sicut
460 1601 629 1631 ostendunt
644 1601 781 1631 rationes
801 1600 840 1630 ad
857 1598 1028 1630 secundam

255 1658 377 1695 partem
394 1655 543 1686 inductae.
559 1655 591 1685 Si
607 1657 714 1685 autem
728 1654 899 1693 loquamur
914 1654 951 1684 de
967 1662 1029 1684 cer-

255 1708 391 1739 titudine
410 1708 482 1739 1111ρί
498 1717 554 1747 per
569 1707 837 1747 comparationem
860 1706 899 1737 ad
923 1706 1029 1746 ipsum

256 1761 457 1797 credentem,
482 1761 525 1791 sic
559 1760 687 1791 concedi
712 1761 812 1799 potest
838 1758 923 1799 quod
952 1757 1030 1788 tides

257 1815 365 1846 crescit
379 1816 537 1854 quantum
552 1814 591 1845 ad
606 1813 842 1849 certitudinem,
855 1814 924 1843 tum
940 1820 1031 1851 prop-

258 1871 304 1899 ter
317 1868 483 1899 clariorem
497 1867 725 1906 cognitionem,
740 1868 810 1897 tum
827 1868 954 1905 propter
967 1873 1032 1894 ma-

254 1922 357 1960 J'orem
387 1921 600 1951 devotionem.
627 1919 682 1950 Illa
706 1919 791 1950 enim
814 1918 892 1948 fides
919 1917 1031 1948 certior

258 1976 315 2011 est,
331 1982 404 2013 quae
419 1973 558 2013 apertius
577 1972 757 2011 cognoscit,
774 1974 804 2002 et
824 1971 968 2002 devotius
983 1979 1032 2000 ac—

258 2026 389 2066 quiescit
407 2036 413 2057 :
431 2028 461 2056 et
475 2027 633 2065 quantum
652 2025 689 2055 ad
709 2024 779 2055 haec
800 2024 863 2055 duo
884 2024 961 2054 fides
981 2032 1032 2053 se-

259 2079 399 2110 cundum
435 2079 648 2110 diversitatem
683 2081 863 2118 temporum
899 2077 1009 2108 crescit
1022 2101 1030 2115 ,

259 2132 434 2163 secundum
463 2132 548 2171 quod
580 2131 654 2162 dicit
682 2131 834 2170 magister
868 2130 964 2169 lingo
995 2130 1032 2160 de

261 2186 375 2217 Sancto
400 2186 524 2218 Victore
542 2185 575 2216 111
594 2186 675 2216 libro
697 2187 739 2217 De
763 2185 982 2216 sacramentis
995 2185 1005 2200 ²
1024 2195 1030 2214 :

265 2250 278 2267 (ι
294 2238 383 2277 Duo,
409 2239 530 2278 inquit,
555 2241 630 2269 sunt
654 2238 829 2269 secundum
858 2247 930 2278 quae
956 2238 1033 2268 fides

261 2300 399 2323 cresccre
423 2292 550 2330 dicitur,
574 2292 731 2331 cognitio,
758 2294 788 2322 et
813 2291 955 2322 affectus.
981 2290 1033 2321 Se-

262 2345 403 2375 cundum
425 2344 639 2384 cognitionem
660 2344 737 2375 tides
756 2345 883 2382 crescit,
906 2344 1033 2383 quando

263 2398 407 2428 eruditur
427 2397 466 2428 ad
484 2397 668 2435 scientiam3
685 2398 860 2428 secundum
884 2397 1033 2428 affectum

262 2460 350 2489 vero,
375 2450 502 2490 quando
524 2450 562 2481 ad
586 2450 786 2481 devotionem
810 2450 978 2488 excitatur,
1004 2452 1035 2480 et

263 2503 432 2534 roboratur
467 2503 505 2534 ad
537 2503 756 2534 constantiam.
783 2514 797 2531 ι)
829 2503 866 2533 lit
898 2505 1034 2542 utroque

264 2557 358 2588 modo
383 2558 483 2589 crevit
507 2557 584 2588 fides
615 2556 789 2588 secundum
820 2556 1034 2587 diversitatem

296 2636 302 2651 ¹
318 2635 402 2666 Arist„
423 2637 510 2666 Tosne,
533 2635 574 2658 lib.
593 2635 639 2665 lli,
655 2643 677 2658 c.
694 2640 732 2664 tv,
750 2634 797 2657 loc.
816 2636 838 2657 0.
852 2649 872 2651 fi
890 2635 899 2650 ⁸
911 2635 986 2665 Hug„
1006 2634 1036 2658 de

267 2670 346 2701 Suom,
358 2671 401 2695 lib,
415 2673 462 2701 μμ.
476 2677 510 2701 xi,
521 2677 621 2695 c.1v.—
631 2670 733 2700 ³Num„
742 2675 800 2698 xm,
811 2670 1034 2701 25.-(11)Al.qun.

818 200 1129 233 SENTENTIARUM
1150 200 1223 232 LlB.
1248 200 1300 231 Ill.

1075 267 1368 308 teriip01·111n.Quod
1382 267 1469 299 enim
1484 269 1617 301 creverit
1631 271 1788 309 quantum
1803 271 1843 303 ad

1073 321 1271 352 devotionem
1282 345 1290 359 ,
1307 321 1381 351 satis
1395 322 1563 353 ostendunt
1576 325 1754 363 martyrum
1769 333 1843 363 pas-

1073 374 1196 411 sioncs;
1217 377 1246 404 ct
1269 376 1425 414 quantum
1446 374 1485 405 ad
1504 375 1676 414 scientiam,
1700 377 1774 407 satis
1795 386 1844 407 os-

1074 427 1209 457 tendunt
1232 428 1397 457 doctorum
1421 428 1623 459 eruditiones.
1641 428 1727 459 Unde
1751 429 1844 468 [lugo

1075 481 1158 519 dicit,
1174 482 1258 521 quod
1275 482 1352 512 illud
1367 482 1530 520 signatum
1551 482 1611 512 fuit
1625 482 1658 512 iu
1673 483 1820 515 Numet'is
1834 484 1844 500 ³

1074 534 1112 564 de
1134 534 1235 572 botro,
1258 534 1312 573 qui
1336 534 1519 574 portabatur
1539 534 1570 564 in
1595 536 1694 572 vecte,
1720 536 1757 566 de
1779 545 1843 576 quo

1075 588 1118 617 ait
1134 588 1177 618 sic
1194 599 1200 618 :
1217 599 1231 615 «
1243 588 1357 619 Botrus
1369 588 1525 628 siquidem
1540 588 1573 618 in
1589 591 1688 627 vecte,
1706 589 1846 621 Christus

1076 640 1107 669 iu
1120 649 1212 670 cruce
1226 643 1283 678 cst,
1296 642 1344 680 cuj
1352 651 1388 671 us
1401 641 1589 681 mysterium
1603 642 1636 672 in
1650 645 1846 674 sacramento

1076 692 1138 723 duo
1154 693 1260 732 populi
1280 696 1405 733 portant
1422 703 1429 724 :
1448 694 1504 733 qui
1521 697 1761 733 praecesserunt,
1776 704 1848 735 por-

1076 748 1235 784 taverunt,
1252 747 1304 777 sed
1321 756 1382 777 non
1397 747 1559 786 viderunt,
1576 748 1651 787 quia
1666 749 1847 788 praeceden-

1077 801 1123 829 tes
1137 799 1310 830 adventum
1327 801 1406 839 ejus,
1423 804 1619 832 sacramenta
1634 801 1788 841 passionis
1804 802 1849 842 ip·

1077 852 1142 882 51115
1158 855 1379 892 portaverunt,
1396 854 1448 884 sed
1464 863 1527 884 non
1544 863 1654 885 omnes
1667 863 1722 894 per
1736 855 1847 894 cogni-

1079 906 1195 936 tionem
1208 907 1383 946 intelligere
1397 907 1578 938 valuerunt.
1592 907 1726 938 Secundi
1741 909 1849 938 autem

1079 962 1221 999 portant,
1239 961 1269 990 et
1291 960 1416 996 vident,
1433 960 1508 999 quia
1526 960 1634 990 fideles
1650 963 1720 999 post
1734 960 1850 991 adveu-

1079 1015 1148 1042 tum
1164 1012 1275 1043 Christi
1291 1014 1525 1043 sacramentum
1544 1012 1698 1052 passionis
1713 1013 1782 1052 ejus
1797 1021 1851 1052 per

1079 1065 1175 1095 tidem
1191 1065 1377 1105 suscipiunt,
1395 1067 1425 1096 et
1439 1075 1495 1105 per
1509 1065 1681 1097 revelatam
1696 1065 1852 1101 cognitio-

1081 1128 1153 1150 nem
1164 1120 1233 1158 jani
1254 1121 1360 1159 aperte
1376 1121 1582 1159 cognoscunt.
1599 1129 1613 1147 ›)
1633 1118 1684 1149 Sic
1704 1127 1781 1158 ergo
1796 1127 1853 1158 pa-

1083 1175 1134 1210 tet,
1152 1173 1234 1212 quod
1250 1173 1307 1203 etsi
1320 1173 1475 1204 certitudo
1492 1172 1564 1203 fidei
1580 1181 1597 1202 a
1610 1174 1697 1212 parte
1712 1172 1853 1203 veritatis

1081 1225 1226 1256 dictantis
1240 1235 1304 1255 non
1319 1226 1414 1255 habet
1429 1225 1678 1263 incrementum,
1696 1225 1790 1256 habet
1806 1226 1853 1255 ta—

1083 1288 1156 1309 men
1171 1280 1321 1318 proficere
1338 1288 1377 1309 ex
1400 1280 1489 1318 parte
1508 1278 1608 1318 ipsius
1627 1278 1792 1309 credentis.
1815 1277 1854 1309 Et

1083 1332 1255 1362 secundum
1277 1332 1337 1361 hoc
1359 1333 1443 1370 patet
1463 1331 1626 1370 responsio
1646 1331 1683 1361 ad
1707 1331 1854 1370 quaestio-

1083 1394 1157 1415 nem
1181 1384 1388 1424 propositam.
1406 1383 1493 1413 Patet
1515 1383 1611 1413 etiam
1633 1383 1796 1423 responsio
1816 1383 1855 1413 ad

1084 1438 1224 1477 objecta,
1250 1437 1325 1477 quia
1350 1437 1486 1467 rationes
1507 1437 1545 1467 ad
1573 1437 1708 1476 primam
1734 1438 1855 1476 partem

1083 1491 1257 1530 procedunt
1272 1489 1445 1521 secundum
1462 1498 1560 1520 unam
1575 1490 1660 1521 viam
1675 1513 1682 1528 ‚
1708 1492 1740 1520 et
1762 1490 1856 1521 ratio-

1084 1553 1140 1574 nes
1170 1544 1208 1574 ad
1241 1544 1413 1575 secundam
1448 1545 1569 1583 partem
1595 1543 1769 1583 procedunt
1799 1551 1857 1583 per

1084 1597 1178 1628 aliam
1189 1621 1196 1635 ,
1225 1597 1305 1627 sicut
1336 1596 1539 1628 manifestum
1568 1598 1615 1627 est
1641 1595 1854 1636 pertractanti.

1086 1651 1173 1681 Patet
1198 1651 1292 1681 etiarn
1319 1650 1509 1689 generaliter
1530 1659 1568 1680 ex
1590 1649 1759 1689 praedictis,
1786 1649 1857 1688 quis

1085 1704 1125 1734 sit
1146 1703 1260 1734 modus
1283 1703 1465 1742 proficiendi
1488 1703 1520 1733 in
1541 1703 1609 1742 ipsa
1629 1703 1690 1733 fide
1708 1712 1714 1733 :
1732 1703 1857 1742 proficit

1085 1757 1172 1788 enim
1190 1756 1266 1786 tides
1289 1755 1427 1795 quodam
1453 1755 1545 1786 modo
1565 1755 1728 1787 extensive
1752 1764 1857 1795 quan-

1085 1813 1156 1841 tum
1177 1810 1215 1840 ad
1231 1809 1437 1840 articulorum
1454 1808 1695 1848 explicationem
1709 1819 1716 1846 ;
1734 1809 1857 1848 proficit

1085 1863 1180 1894 etiam
1196 1862 1350 1893 intensive
1365 1863 1520 1901 quantum
1540 1861 1579 1892 ad
1598 1861 1760 1893 clariorem
1781 1862 1857 1893 illu.-

1087 1916 1313 1953 1ninationem3
1329 1915 1452 1955 proficit
1467 1915 1563 1945 etiam
1578 1915 1746 1947 radicative
1758 1923 1858 1955 quan-

1086 1972 1155 2000 tum
1179 1969 1217 2000 ad
1239 1969 1436 2000 certitudinis
1457 1970 1488 1999 et
1506 1968 1682 1999 devotionis
1702 1967 1856 2000 adhaesio-

1086 2032 1161 2054 nem
1185 2032 1192 2054 :
1213 2024 1244 2053 et
1267 2022 1328 2053 hoc
1351 2021 1433 2060 dico,
1458 2021 1652 2061 respiciendo
1677 2021 1716 2052 ad
1739 2023 1858 2053 statum

1087 2085 1303 2108 communem.
1339 2075 1377 2106 Et
1407 2083 1464 2114 per
1495 2075 1691 2106 consimilem
1726 2075 1858 2106 modum

1087 2131 1239 2170 proficere
1255 2129 1349 2160 habet
1369 2129 1400 2158 in
1421 2128 1532 2159 eodem
1552 2128 1682 2159 homine
1693 2152 1701 2167 ,
1718 2129 1749 2159 et
1763 2128 1858 2159 etiam

1087 2183 1119 2214 in
1135 2182 1266 2214 diversis
1281 2181 1463 2212 hominibus
1475 2205 1482 2218 ‚
1505 2181 1562 2221 qui
1577 2183 1650 2212 sunt
1667 2182 1727 2212 sub
1748 2181 1858 2212 eadem

1088 2237 1173 2275 lege,
1191 2244 1256 2266 sese
1271 2234 1428 2274 gradatim
1444 2234 1667 2265 excedentibus
1681 2233 1857 2265 secundum

1088 2289 1159 2320 fidei
1175 2290 1360 2329 profectum.
1379 2287 1418 2317 Et
1436 2287 1496 2318 hoc
1511 2289 1557 2318 est
1574 2287 1657 2327 quod
1674 2286 1749 2317 dicit
1764 2285 1858 2325 Hugo

1088 2342 1126 2373 de
1141 2342 1255 2372 Sancto
1270 2341 1392 2371 Victore
1408 2349 1415 2369 ;
1438 2351 1451 2369 α
1467 2339 1649 2371 Secundum
1664 2339 1859 2369 incrementa

1088 2395 1160 2425 fidei
1193 2394 1318 2425 diversa
1349 2402 1468 2432 genera
1490 2393 1659 2423 hominum
1686 2391 1859 2423 inveniun-

1088 2451 1151 2479 tur.
1172 2458 1186 2477 1)
1206 2447 1341 2484 Quidam
1363 2446 1449 2477 enim
1474 2445 1581 2476 fideles
1604 2445 1693 2482 sunt,
1716 2443 1772 2483 qui
1793 2443 1860 2474 sola

1089 2501 1203 2541 pietate
1217 2500 1344 2531 credere
1366 2499 1508 2538 eligunt;
1525 2497 1578 2528 sed
1601 2499 1711 2528 utrum
1732 2496 1861 2528 creden-

1089 2554 1166 2584 dum
1182 2553 1238 2591 sit,
1254 2553 1305 2584 vel
1324 2561 1403 2590 non,
1421 2551 1542 2582 ratione
1565 2559 1631 2581 non
1654 2549 1861 2590 comprehen-

1091 2607 1180 2638 dunt.
1197 2606 1258 2637 Alii
1271 2614 1348 2637 vero
1360 2604 1481 2635 ratione
1495 2603 1684 2644 approbant,
1699 2602 1785 2643 quod
1797 2600 1860 2633 fide

1087 2662 1154 2699 jam
1167 2659 1309 2690 credunt.
1326 2658 1386 2689 Alii
1401 2666 1493 2695 vero,
1509 2656 1593 2697 quod
1608 2655 1670 2687 fide
1684 2654 1816 2686 credunt
1830 2655 1861 2683 et
