2017 2960
104 1958 136 1977 Ad
157 1964 206 1983 opp,

205 165 262 193 354

204 229 257 260 Sed
282 229 350 259 haec
366 238 438 259 caro
457 229 546 259 hahet
569 228 783 258 necessitatem
801 224 953 255 moriendi
971 235 976 254 :

206 290 296 321 ergo,
314 283 372 312 etc.

248 335 326 365 Item
342 335 487 370 Boetius,
505 335 537 364 iu
559 335 638 364 libro
655 333 692 364 de
708 332 835 364 Duabus
851 331 980 363 naturis

207 393 235 421 et
252 398 316 421 zena
333 397 466 428 persona
482 388 613 424 Christi,
627 387 729 425 dicit¹‚
742 386 828 426 quod
841 385 981 416 Christus

207 443 244 473 de
269 446 350 473 statu
376 442 565 472 innswentiae
589 441 760 480 assumpsit
781 439 898 479 pcccati
922 439 981 468 im-

209 497 412 531 munitatem,
430 495 466 525 dc
482 497 564 525 statu
580 503 656 525 vero
670 496 794 524 naturae
814 494 909 532 lapsa}
931 502 982 522 as-

209 549 341 588 sumpsit
358 548 595 588 passibilitatem
609 558 616 578 :
632 547 682 578 sed
699 546 898 587 passibilitaS,
911 554 983 585 quce

210 606 255 633 ost
269 603 445 633 secundum
461 604 577 633 statum
592 604 717 632 naturae
735 601 848 641 lapsae,
866 603 912 631 est
927 609 983 640 pa-

210 656 306 686 tiendi
321 656 487 686 necessitas
503 666 509 686 :
529 664 607 694 ergo
623 657 653 686 et
667 655 821 692 Christus,
836 656 893 684 etc.

251 709 329 739 ltcm
349 709 486 748 Spiritus
505 710 633 739 sanctus
645 732 652 746 ,
670 709 762 746 cujus
776 707 894 737 virtute
909 706 987 737 illud

212 771 327 802 corpus
354 762 541 793 fabricatum
568 762 625 792 suit
652 762 689 791 de
714 763 805 791 utero
828 760 987 799 Virginis,

212 817 270 846 etsi
292 816 508 856 purificaverit
542 825 560 846 a
592 815 729 845 foeditate
754 813 987 853 corruptionis,

212 872 400 900 nontamen
416 869 598 908 purificavit
619 878 637 899 a
657 868 779 898 defectu
801 866 987 907 passibilita-

213 923 251 952 tis
270 931 277 952 z
292 932 370 961 ergo
385 922 624 962 passibilitatem
638 920 751 951 habuit
766 930 822 960 per
835 929 908 950 eum
927 929 991 950 mo-

213 975 310 1012 dum,
336 984 390 1014 per
414 984 510 1014 quem
535 974 652 1014 Virgo,
672 982 745 1013 quae
768 982 843 1004 eum
864 973 988 1012 genuit,

214 1031 345 1068 excepto
361 1030 451 1058 reatu
466 1028 583 1068 peccati
603 1039 608 1059 :
627 1028 680 1058 sed
694 1027 792 1066 Virgo
807 1026 918 1057 hahuit
932 1035 991 1057 ne·-

215 1082 389 1111 cessitatem
418 1081 573 1112 moriendi
606 1083 636 1111 et
662 1080 799 1120 patiendi
826 1091 833 1111 :
859 1089 937 1119 ergo
962 1081 992 1110 et

216 1145 288 1165 cai-o
304 1135 417 1165 Christi
436 1145 443 1165 :
461 1143 549 1173 ergo,
567 1136 626 1165 etc.

258 1188 335 1218 Item
345 1188 460 1218 Christi
477 1197 591 1227 corpus
607 1187 650 1217 ita
666 1187 725 1217 fuit
739 1186 895 1226 passibile,
913 1186 994 1216 sicut

217 1242 274 1271 suit
290 1241 428 1272 animale
443 1244 474 1271 et
489 1243 634 1271 terrestre
648 1251 654 1271 :
672 1240 725 1270 sed
738 1239 851 1270 Christi
866 1248 992 1278 corpus,

217 1297 346 1335 propter
360 1295 590 1335 animalitatem
607 1296 637 1325 et
653 1294 922 1329 terrestreitatem,
940 1302 994 1323 ne-

217 1349 394 1379 cessitatem
426 1347 539 1378 hahuit
570 1347 750 1378 naturalem
777 1346 923 1376 sumendi
950 1345 993 1375 ci-

218 1403 306 1439 bum,
322 1404 351 1432 et
366 1401 513 1432 tendendi
528 1401 692 1437 deorsum;
711 1400 800 1429 aliter
813 1399 898 1429 enim
913 1401 995 1429 stare

218 1465 281 1486 non
306 1455 477 1495 potuisset,
501 1454 560 1484 nisi
587 1463 642 1493 per
664 1452 857 1483 miraculum
881 1462 888 1482 ε
917 1461 996 1491 ergo

219 1508 285 1548 pari
311 1508 432 1538 ratione
459 1508 587 1547 propter
615 1506 855 1545 passibilitatem
886 1504 997 1535 hahuit

219 1562 435 1593 necessitatem
450 1561 488 1591 ad
502 1560 686 1600 patiendum
701 1560 732 1590 et
747 1558 962 1589 moriendum.

260 1616 354 1653 item,
380 1615 520 1645 Christus
541 1613 712 1653 assumpsit
726 1620 838 1643 omnes
858 1611 998 1641 defectus

219 1669 378 1699 naturales
393 1670 423 1698 et
443 1667 623 1707 generales,
640 1665 779 1705 exceptis
798 1664 847 1694 his
861 1664 915 1703 qui
942 1672 997 1693 or-

219 1723 370 1752 dinantur
394 1721 432 1751 ad
458 1723 624 1761 peceatum
648 1719 725 1750 :sed
750 1718 917 1749 necessitas
942 1726 1000 1756 pa-

221 1775 317 1805 tiendi
338 1777 384 1805 est
405 1774 546 1805 desectus
565 1774 597 1803 in
619 1773 709 1803 nobis
724 1771 879 1803 naturalis
894 1773 924 1801 et
943 1780 1001 1809 ge-

221 1829 348 1865 neralis,
374 1837 431 1858 nec
455 1830 562 1858 tamen
585 1826 711 1857 ordinat
737 1826 774 1856 ad
802 1826 965 1864 peccatum
991 1832 1000 1854 t

222 1890 300 1920 ergo
315 1881 456 1911 Christus
472 1890 542 1911 eam
561 1879 743 1918 assumpsit.

263 1935 321 1964 Sed
337 1936 457 1965 eontra.
474 1937 485 1964 1
503 1938 514 1953 ²
533 1934 738 1965 :Potestatem
753 1932 849 1963 habeo
860 1931 1004 1971 ponendi

225 1989 368 2019 (minium
392 1995 510 2025 meam,
538 1990 566 2018 et
592 1987 709 2018 iterum
737 1985 887 2017 sumendi
911 1994 1001 2022 eam3

223 2043 254 2071 et
270 2041 364 2080 paulo
379 2042 452 2070 ante
472 2051 478 2071 :
496 2040 592 2071 Nemo
614 2040 699 2072 tollet
719 2047 789 2071 eam
813 2048 832 2071 α
856 2047 929 2078 ‘me;
950 2038 1005 2070 sed

225 2102 279 2133 eqo
304 2101 386 2133 pono
402 2102 471 2125 eam
495 2102 514 2124 α
535 2102 582 2124 me
599 2094 680 2133 ipso.
698 2093 785 2132 Ergo
800 2093 865 2132 pati
879 2095 910 2123 et
924 2091 1005 2122 mori

227 2150 295 2178 erat
320 2147 352 2177 in
383 2147 526 2177 libertate
555 2147 730 2177 voluntatis
754 2145 867 2177 Christi
894 2155 902 2176 ε
927 2154 1005 2184 ergo

228 2209 291 2231 non
313 2200 441 2231 videtur
460 2201 545 2239 quod
568 2201 711 2231 Christus
731 2199 872 2239 aliquam
893 2199 931 2230 ad
947 2199 1008 2229 hoc

230 2253 447 2284 necessitatem
462 2253 621 2283 habuerit.

274 2309 302 2337 2.
318 2306 395 2337 Item
410 2306 614 2345 Augustinus
628 2315 724 2347 super
739 2305 816 2336 illud
828 2307 837 2324 ³
854 2316 860 2336 ε
878 2305 940 2340 Quz'
954 2305 1008 2337 de-

231 2368 359 2391 sursum
374 2361 474 2396 venit,
493 2368 700 2399 superomnes
715 2362 779 2391 est:
800 2371 814 2387 α
836 2359 1010 2389 Desursum

230 2414 329 2451 venit,
354 2414 429 2453 quia
456 2413 494 2444 de
519 2413 685 2443 altitudine
708 2413 860 2443 humanae
884 2413 1011 2442 naturae

229 2469 302 2498 ante
328 2468 493 2507 peccatum
515 2466 633 2505 accepit
652 2465 794 2497 Verbum
817 2465 870 2496 Dei
896 2465 1012 2495 huma-

230 2529 306 2550 nam
321 2522 478 2551 naturam.
495 2530 509 2548 n
530 2519 590 2550 Sed
607 2519 640 2549 ln
659 2521 743 2549 statu
765 2518 819 2549 illo
835 2527 899 2549 non
914 2517 1012 2549 habe-

267 2591 272 2604 “·
290 2589 409 2615 Boenasa
422 2589 496 2613 duob.
511 2589 570 2612 Nat.
587 2590 609 2611 et
626 2596 665 2611 un.
680 2589 747 2611 Pers.
762 2588 867 2617 Christi,
885 2594 908 2610 c.
924 2592 970 2610 vn.
982 2599 1011 2604 —

272 2639 305 2666 (a)
318 2640 376 2662 c'aet.
390 2638 449 2662 edit.
466 2637 609 2661 contrat-ize.

764 156 1074 190 SENTEN'I'IARUM
1097 157 1169 189 LlB.
1195 158 1246 189 lll.

1036 225 1088 255 bat
1115 225 1254 256 humana
1288 228 1402 257 natura
1432 230 1648 262 necessitatem
1681 233 1721 263 ad
1744 244 1810 265 mo-

1037 275 1184 309 riendum
1202 289 1208 308 :
1230 288 1308 318 ergo
1330 288 1388 310 nec
1411 284 1506 320 prout
1528 284 1588 315 fuit
1611 289 1772 326 assumpta
1795 297 1814 318 a

1038 331 1172 363 Christo.

1080 387 1108 415 3.
1140 385 1217 415 item
1245 386 1434 425 Ans-almus,
1463 389 1496 419 in
1525 390 1605 422 libro
1634 392 1697 424 Cur
1731 395 1814 425 Deus

1038 438 1126 470 homo
1138 442 1147 457 ⁴
1164 447 1174 468 .·
1197 451 1210 467 ι(
1227 440 1384 476 Quoniam
1403 441 1549 473 voluntas
1572 444 1623 475 Dei
1650 447 1739 477 nulla
1758 457 1815 478 ne-

1040 492 1181 522 cessitate
1202 493 1275 523 facit
1291 493 1410 533 aliquid
1421 519 1429 533 ‚
1445 495 1498 525 sed
1519 497 1585 527 sola
1599 500 1750 537 potestate
1761 524 1768 537 ,
1785 502 1816 531 et

1042 545 1188 576 voluntas
1221 545 1334 577 Christi
1363 547 1422 577 fuit
1456 548 1602 579 voluntas
1630 550 1702 589 Dei;
1728 552 1817 583 nulla

1041 609 1118 637 crgo
1141 600 1322 630 necessitate
1347 602 1492 632 mortuus
1512 604 1576 641 est,
1594 603 1648 634 sed
1671 604 1737 635 sola
1758 614 1817 645 po-

1043 654 1162 683 testate.
1182 663 1195 680 n

1083 708 1111 736 las.
1131 706 1208 736 Item
1229 706 1287 737 hoc
1308 707 1411 746 ipsum
1432 709 1609 740 ostenditur
1624 710 1685 740 alia
1700 710 1820 741 ratione

1045 760 1097 790 tali
1117 771 1122 790 ;
1142 759 1251 791 Omnis
1273 762 1439 792 necessitas
1462 766 1518 792 aut
1541 765 1586 792 est
1608 763 1744 802 coactio,
1766 765 1822 794 aut

1045 813 1226 852 prohibitio,
1244 823 1316 853 quse
1332 814 1405 845 duae
1421 816 1621 846 necessitates
1634 818 1823 847 convertun-

1046 867 1098 896 tur
1111 866 1295 897 adinvicem
1311 868 1465 898 contrarie
1478 869 1619 907 (al,sic.11t
1633 877 1752 901 necesse
1766 871 1821 913 est,

1047 921 1077 949 et
1093 920 1287 959 impossibile
1303 931 1314 950 :
1331 921 1383 951 sed
1401 922 1432 951 in
1449 922 1571 952 (inrisio
1587 932 1649 952 non
1666 923 1725 953 fuit
1739 932 1824 953 coac-

1047 973 1091 1004 tio
1113 973 1152 1004 ad
1177 974 1264 1011 niori,
1288 975 1337 1005 vel
1362 975 1536 1014 prohibitio
1561 975 1599 1005 ad
1624 984 1689 1005 non
1716 975 1821 1005 mori:

1048 1034 1127 1064 ergo
1143 1025 1175 1055 iu
1192 1025 1312 1056 Christo
1333 1026 1422 1056 nulla
1443 1026 1504 1056 fuit
1519 1027 1685 1057 necessitas
1705 1026 1743 1057 ad
1758 1035 1825 1056 mo-

1049 1078 1208 1116 riendum,
1224 1081 1254 1109 et
1266 1079 1309 1109 ita
1322 1088 1379 1109 nec
1394 1079 1433 1109 ad
1448 1080 1647 1119 patiendum.

1090 1135 1119 1163 5.
1137 1132 1231 1169 Item,
1247 1133 1514 1172 quandocumque
1529 1133 1636 1172 aliqua
1653 1132 1825 1172 proprietas

1050 1186 1225 1216 necessario
1246 1186 1326 1215 inest
1341 1186 1434 1215 alicui
1451 1186 1602 1225 subjecto,
1625 1188 1827 1225 comparatur

1050 1240 1088 1269 ad
1104 1239 1181 1269 illud
1197 1239 1278 1269 sicut
1294 1239 1333 1269 ad
1349 1247 1477 1269 causam
1499 1241 1530 1269 et
1550 1240 1730 1278 subjectum
1749 1249 1755 1269 :
1773 1238 1825 1269 sed

1052 1292 1155 1332 passio
1175 1302 1241 1323 non
1257 1292 1367 1322 habuit
1387 1301 1516 1322 causam
1537 1293 1571 1322 in
1586 1292 1707 1322 Christo
1725 1302 1731 1322 :
1749 1300 1827 1330 ergo

1055 1355 1120 1376 nou
1140 1346 1199 1376 suit
1220 1345 1432 1376 necessarium
1456 1345 1615 1375 Christum
1640 1345 1703 1384 pati
1728 1353 1828 1383 :ergo

1059 1400 1199 1431 Christus
1223 1408 1287 1429 non
1319 1399 1490 1438 assumpsit
1524 1398 1740 1429 necessitatem
1770 1406 1828 1437 pa-

1058 1452 1165 1483 tiendi.

1094 1508 1124 1537 6.
1142 1506 1230 1544 Item,
1248 1506 1332 1545 quod
1348 1505 1524 1536 necessario
1536 1504 1616 1535 inest
1629 1505 1735 1541 alicui,
1748 1504 1830 1534 inest

1054 1560 1094 1597 ei,
1114 1559 1201 1597 velit,
1218 1559 1295 1590 nolit
1311 1567 1318 1588 ·.
1334 1567 1411 1597 ergo
1428 1559 1453 1588 si
1469 1558 1501 1588 in
1516 1558 1637 1589 Christo
1651 1557 1709 1588 fuit
1723 1565 1829 1588 neces-

1055 1613 1129 1643 sitas
1151 1613 1189 1643 ad
1212 1612 1414 1652 patiendum,
1440 1621 1551 1652 passus
1572 1611 1702 1650 fuisset,
1722 1610 1828 1644 vellet,

1055 1667 1153 1697 nollet
1169 1677 1175 1696 :
1193 1667 1243 1697 sed
1260 1666 1339 1696 nihil
1360 1666 1420 1696 tale
1439 1668 1485 1696 est
1499 1666 1591 1705 plene
1611 1664 1830 1695 voluntarium

1056 1723 1087 1751 et
1110 1720 1312 1750 meritorium
1335 1730 1341 1749 ε
1361 1728 1440 1758 ergo
1466 1719 1608 1749 Christus
1629 1718 1661 1747 in
1683 1717 1831 1757 patiendo

1057 1783 1121 1804 non
1154 1773 1316 1804 habuisset
1336 1773 1466 1812 plenum
1493 1772 1644 1802 meritum
1666 1781 1673 1802 ε
1694 1770 1780 1811 quod
1805 1770 1831 1800 si

1058 1827 1117 1858 hoc
1131 1828 1177 1857 est
1199 1827 1328 1863 falsum,
1346 1828 1441 1857 restat
1456 1825 1542 1865 quod
1556 1827 1586 1855 et
1600 1824 1740 1865 primum
1750 1847 1758 1863 ,
1782 1824 1830 1855 vi-

1058 1880 1169 1911 delicet
1185 1879 1268 1919 quod
1284 1878 1425 1909 Christus
1439 1878 1550 1908 habuit
1561 1878 1778 1908 necessitatem
1793 1876 1832 1907 ad

1059 1933 1254 1973 patiendum.

1319 2008 1578 2041 CONCLUSIO.

1088 2079 1119 2104 In
1133 2077 1236 2104 Christo
1250 2077 1305 2109 fuit
1320 2077 1459 2103 necessitas
1470 2074 1611 2110 patiendi,
1631 2082 1685 2102 non
1700 2073 1808 2109 quidem

1204 2125 1351 2154 contracta,
1365 2122 1410 2149 sed
1421 2124 1528 2148 tantum
1539 2122 1692 2156 assumpta.

1105 2205 1196 2244 Resp.
1213 2204 1251 2235 ad
1267 2213 1336 2243 arg.
1353 2203 1399 2234 Ad
1420 2202 1641 2243 praedictorum
1655 2200 1836 2239 intelligen-

1065 2259 1141 2290 tiam
1157 2259 1202 2289 est
1216 2256 1392 2288 notandum
1403 2280 1410 2294 ,
1428 2256 1513 2296 quod
1531 2255 1569 2285 ad
1593 2255 1653 2285 hoc
1667 2253 1837 2285 voluerunt

1065 2312 1162 2352 aliqui
1177 2310 1365 2350 respondere
1379 2308 1601 2348 distinguendo
1618 2307 1835 2337 necessitatem

1065 2365 1241 2396 secundum
1275 2365 1412 2402 quatuor
1435 2369 1553 2401 genera
1576 2369 1755 2390 causarum.
1785 2358 1837 2389 Est

1066 2419 1151 2449 enim
1175 2417 1343 2449 necessitas
1369 2415 1543 2446 secundum
1566 2422 1695 2445 causam
1724 2413 1838 2444 forma-

1066 2473 1141 2510 lem,
1168 2471 1343 2502 secundum
1367 2477 1463 2509 quam
1496 2466 1629 2497 dicitur:
1649 2479 1664 2496 «
1690 2466 1836 2498 Necessa-

1067 2525 1152 2556 rium
1167 2527 1212 2555 est
1225 2523 1363 2555 calidum
1378 2521 1489 2552 calere.
1505 2531 1519 2549 n
1539 2520 1592 2551 Est
1606 2519 1703 2551 etiam
1727 2527 1836 2551 neces-

1066 2596 1077 2611 ²
1091 2595 1172 2623 Jomz„
1189 2599 1201 2616 x
1214 2611 1221 2622 ,
1240 2593 1275 2615 18.
1290 2604 1315 2609 -
1332 2590 1342 2606 ³
1357 2589 1430 2619 thid„
1452 2595 1501 2618 ιιι,
1523 2590 1561 2611 31.
1575 2601 1599 2605 -
1615 2588 1625 2604 ⁸
1639 2587 1764 2618 Anselm„
1790 2588 1839 2610 Cur

1069 2631 1132 2654 Deus
1148 2630 1226 2658 Immo,
1242 2628 1284 2651 lib,
1299 2627 1337 2656 ll,
1352 2631 1463 2653 e.xv111,
1478 2624 1509 2648 al.
1527 2630 1590 2648 xvu,

1854 2550 1918 2577 opio.
1939 2551 1958 2569 ¹.
