2017 2960
162 1145 265 1167 fundam.

278 166 336 195 448

318 236 345 263 3.
370 233 458 272 Item,
482 235 675 273 ubicumque
703 237 746 264 est
773 234 848 263 ordo
877 233 990 272 prioris
1014 233 1052 263 ad

277 287 450 326 posterius,
476 288 516 317 ibi
542 291 585 317 est
614 287 793 317 numeratio
816 289 845 316 ct
869 286 1050 316 distinctio:

278 340 330 370 sed
346 350 401 380 per
417 341 504 380 prius
521 341 630 370 unitur
641 341 747 369 anima
760 340 816 379 ipsi
830 339 944 375 Verbo,
955 347 1052 378 quan]

278 403 372 426 caro:
397 404 468 424 caro
493 394 576 423 enini
603 393 713 423 unitur
737 393 894 423 mediante
921 393 1052 423 anima:

278 446 414 484 01311,ςί
440 446 471 475 in
494 445 678 484 hujusmodi
700 446 873 475 unionibus
897 447 940 475 est
964 445 1052 482 ordo,

279 500 320 529 ibi
342 502 385 529 est
408 498 565 529 distinctio
585 509 590 528 :
609 508 688 537 ergo
714 498 861 538 pluribus
880 497 1054 528 unionibus

278 553 445 583 uniuntur.

320 608 346 635 t.
366 605 443 635 lteni
458 605 566 635 31111113
580 606 693 636 unitur
707 605 882 642 divinitati,
899 607 931 635 et
945 604 1056 635 unitur

279 659 363 689 carui
374 668 382 697 3
394 668 451 689 nec
467 659 579 689 unitur
594 659 713 690 unione
727 659 832 696 unica,
849 659 901 689 sed
916 658 1033 697 duplici
1047 669 1052 688 :

279 721 357 751 ergo
382 712 450 751 pari
474 712 594 743 ratione
618 713 753 750 videtur,
771 712 855 751 quod
879 711 1056 750 hypostasis

279 765 384 801 Verbi,
401 775 473 795 cum
489 766 600 796 unitur
623 766 709 796 carni
735 767 765 795 et
788 765 922 802 animae,
939 764 1055 803 duplici

280 819 397 849 unione
412 819 552 849 uniatur.
571 819 603 849 Si
620 822 655 848 tu
670 818 754 848 dicas
769 818 854 857 quod
870 826 934 847 non
950 819 997 847 est
1012 817 1053 846 si-

281 872 366 909 mile,
383 872 457 911 quia
471 881 510 901 ex
526 872 639 902 deitate
655 874 685 902 et
700 881 794 901 carne
808 880 873 902 non
888 871 923 901 fit
939 880 1055 909 unum,

281 925 361 955 sicut
376 925 410 955 fit
425 934 465 955 cx
487 934 581 955 carne
596 928 627 955 et
647 925 774 961 anim-(13
792 927 868 954 tunc
884 924 1030 962 objicitur
1048 932 1054 953 :

283 979 354 1010 Esto
368 979 453 1019 quod
469 989 508 1009 ex
523 988 616 1010 cerne
631 982 661 1009 et
677 979 783 1009 anima
795 988 860 1008 non
874 979 929 1008 fiat
942 988 1056 1017 unum,

282 1033 362 1063 sicut
381 1033 439 1063 fuit
455 1033 488 1062 in
509 1035 625 1070 morte,
644 1032 771 1062 videtur
794 1034 870 1062 tunc
894 1031 978 1071 quod
1006 1031 1058 1062 illa

278 1088 346 1126 jam
362 1095 426 1117 non
441 1086 479 1116 sit
494 1096 558 1116 11113
574 1086 661 1123 unio,
679 1085 730 1115 sed
752 1085 833 1115 duce.

323 1139 381 1170 Sed
403 1142 512 1170 contra
529 1149 536 1170 ;
554 1138 633 1169 Unio
655 1138 846 1168 terminatur
865 1138 903 1168 ad
928 1147 1031 1168 unum
1048 1147 1055 1167 :

283 1193 335 1223 sed
363 1202 434 1223 caro
458 1196 487 1223 et
509 1192 616 1223 anima
638 1191 794 1222 uniuntur
815 1191 874 1230 ipsi
897 1191 1001 1222 Verbo
1026 1192 1059 1221 in

283 1256 381 1277 unam
398 1256 564 1286 personam
583 1257 588 1275 :
606 1254 684 1284 ergo
709 1245 835 1275 videtur
855 1245 939 1284 quod
964 1245 1059 1275 unia-

284 1303 335 1330 tur
350 1300 378 1331 ei
394 1300 515 1330 unione
531 1299 635 1329 unica.

324 1353 401 1384 item
423 1353 500 1383 unio
523 1352 600 1382 sacta
625 1353 671 1382 est
694 1360 749 1390 per
775 1351 1024 1390 assumptionem
1050 1362 1056 1381 :

284 1416 361 1445 ergo
388 1407 442 1437 ubi
471 1408 515 1436 e>t
544 1414 609 1435 11113
635 1404 830 1443 assumptio,
857 1403 899 1433 ibi
923 1406 968 1433 est
994 1412 1060 1433 una

284 1461 361 1491 unio
378 1471 384 1490 2
402 1460 454 1490 sed
480 1459 620 1489 Yerbum
645 1457 815 1496 assumpsit
840 1458 937 1487 totam
963 1459 1056 1486 natu-

283 1524 351 1545 ram
378 1515 553 1544 humanam
584 1511 676 1542 unica
705 1510 921 1549 assumptione
948 1519 955 1539 :
981 1518 1060 1548 ergo

283 1568 389 1598 univit
404 1567 463 1597 sibi
477 1575 604 1597 carnem
620 1567 650 1595 et
661 1564 803 1594 animam
819 1563 914 1593 unica
928 1563 1058 1593 unione.

324 1622 418 1658 Item,
446 1621 526 1650 sicut
549 1622 633 1649 totus
665 1618 761 1647 homo
788 1616 992 1656 componitur
1020 1625 1060 1645 ex

283 1685 377 1705 carne
398 1677 427 1704 ct
442 1674 565 1710 anima,
582 1672 626 1701 ita
640 1673 743 1701 totum
765 1679 878 1709 corpus
893 1669 1058 1708 componi-

284 1732 336 1759 tur
351 1737 391 1759 ex
406 1727 547 1767 partibus
562 1724 721 1763 organicis
740 1734 746 1753 :
763 1732 840 1761 ergo
855 1722 881 1752 si
896 1723 999 1752 essent
1013 1720 1058 1751 di-

285 1790 386 1812 versae
408 1781 544 1811 uniones
560 1778 662 1809 carnis
677 1779 708 1807 et
722 1776 837 1806 auimae
858 1775 896 1804 ad
913 1777 1060 1805 naturam

285 1836 427 1866 divinam
438 1859 445 1871 ,
462 1834 531 1874 pari
546 1832 667 1863 ratione
683 1832 787 1861 essent
810 1829 944 1860 divcrsae
967 1827 1060 1857 unio-

285 1899 342 1919 nes
357 1897 471 1918 manus
485 1889 516 1917 et
529 1885 618 1926 pedis
640 1884 679 1914 ad
694 1883 839 1915 eamdem
852 1906 860 1918 ‚
877 1883 907 1912 et
926 1881 1061 1911 aliorum

287 1941 506 1972 membrorum
524 1947 531 1968 τ
548 1938 633 1978 quod
648 1938 673 1967 si
687 1937 747 1967 hoc
762 1938 808 1968 est
822 1933 1060 1971 inconveniens,

288 1996 383 2025 restat
398 1993 482 2032 quod
497 1991 599 2023 carnis
615 1994 645 2022 et
659 1990 774 2021 animae
790 1998 854 2019 una
869 1990 914 2019 est
930 1987 1008 2017 unio
1023 1986 1062 2017 ad

288 2048 447 2078 deitatem.

330 2100 417 2135 Item,
435 2108 509 2130 cum
525 2107 596 2128 caro
609 2099 640 2127 et
654 2096 760 2127 anima
772 2094 930 2125 uniuntur
946 2093 1064 2125 unione

289 2154 438 2189 naturali,
464 2163 529 2183 una
552 2151 670 2182 unione
695 2150 874 2180 uniuntur:
896 2156 974 2186 ergo
996 2145 1064 2185 pari

289 2208 425 2243 ratione,
442 2206 568 2246 quando
583 2205 740 2235 uniuntur
754 2203 872 2233 unione
888 2199 1064 2240 personali,

290 2270 363 2291 cnm
379 2261 421 2290 ita
436 2260 515 2289 bene
529 2259 569 2288 sit
585 2267 685 2289 unum
709 2257 786 2286 illud
801 2255 886 2295 quod
902 2257 947 2284 est
962 2261 1064 2284 unum

291 2316 324 2345 in
347 2322 494 2354 persona,
521 2313 599 2342 sicut
627 2311 703 2340 illud
728 2309 812 2349 quod
836 2310 881 2338 est
904 2316 1008 2337 unum
1031 2306 1065 2336 in

292 2371 416 2399 natura.
434 2367 493 2398 Sed
513 2376 585 2396 caro
605 2367 635 2395 ct
659 2364 766 2394 anima
787 2363 945 2393 uniuntur
963 2360 1065 2390 Verbo

291 2422 411 2453 unione
436 2419 593 2461 personali
622 2430 627 2448 z
657 2427 734 2456 ergo
760 2416 920 2447 uniuntur
946 2414 1065 2444 unione

292 2476 398 2513 unica,
415 2484 481 2505 non
494 2473 614 2504 unione
629 2469 808 2510 multiplici.

326 2575 357 2602 ta]
373 2574 398 2597 td
413 2575 450 2597 est
464 2572 591 2595 a1·tira.--
601 2570 633 2600 (b)
651 2569 676 2592 ld
690 2570 727 2592 est
739 2567 849 2598 passiva.
861 2566 993 2596 -tslCerL
1005 2565 1065 2589 edil.

294 2611 405 2634 11111111-
426 2608 506 2632 divisa
527 2620 551 2624 —
566 2606 703 2636 conjuncta
714 2617 744 2622 -
755 2604 885 2633 assumpta
901 2615 930 2619 -
946 2601 1024 2624 unita.
1037 2613 1066 2618 —

295 2647 332 2677 td)
344 2646 500 2669 numeratur.
517 2656 547 2661 -
561 2643 592 2673 (c)
610 2641 650 2665 ad.

841 166 1151 198 SENTENTIARUM
1173 168 1246 199 LIB.
1271 167 1323 199 ΙΙῙ.

1363 256 1624 289 CONCLUSIO.

1114 331 1227 357 Verbum
1244 332 1322 357 unica
1330 332 1442 363 unione,
1460 334 1559 366 quaeest
1573 333 1688 364 relacio,
1703 332 1759 364 fdt't
1774 333 1882 358 unitum

1146 377 1242 401 animm
1257 378 1281 401 et
1297 378 1382 407 carn1';
1402 378 1482 402 unica
1498 384 1557 403 vero
1573 380 1645 406 acta,
1659 376 1704 402 sed
1716 376 1840 410 pluribus
1855 377 1884 402 in

1145 422 1285 453 potentia,
1301 428 1358 454 qwe
1372 422 1441 454 siunt
1457 423 1517 447 acen
1534 422 1564 447 in
1573 422 1742 454 separatione
1757 421 1856 447 animae
1868 428 1885 446 a

1146 472 1264 498 corpore.

1152 553 1242 592 Resp.
1262 553 1301 583 ad
1316 562 1386 592 arg.
1404 553 1450 583 Ad
1467 552 1693 592 praedictorum
1711 552 1887 592 intelligen-

1114 606 1189 636 tiam
1205 607 1251 636 est
1265 605 1452 643 notandum,
1468 605 1553 645 quod
1568 605 1646 636 unio
1660 605 1773 635 dicitur
1785 605 1886 636 trihus

1113 659 1215 689 modis
1239 669 1245 689 ε
1273 667 1338 689 uno
1364 659 1457 689 modo
1483 658 1598 688 dicitur
1623 658 1703 688 actio
1726 657 1884 695 unientis;

1112 710 1173 741 atio
1206 711 1299 741 modo
1335 711 1450 741 dicitur
1482 711 1585 750 passio
1615 710 1764 748 unibilis3
1795 710 1887 741 tertio

1112 764 1206 794 modo
1231 763 1345 793 dicitur
1368 763 1479 794 relatio
1502 764 1678 795 unitorum.
1707 763 1785 795 Cum
1810 772 1888 802 ergo

1113 817 1270 857 quaeritur
1288 820 1398 848 utrum
1415 818 1521 848 anima
1543 820 1573 849 et
1596 826 1711 858 eorpus
1733 818 1889 848 uniantur

1113 870 1171 909 ipsi
1187 870 1349 910 hypostasi
1366 870 1457 901 Verbi
1473 872 1591 902 unione
1608 871 1738 911 duplici,
1756 879 1888 910 respon-

1114 923 1255 953 dendum
1280 926 1325 954 est
1348 935 1354 953 z
1381 923 1413 954 Si
1436 924 1608 963 loquamur
1631 925 1669 955 de
1694 924 1813 955 unione
1833 932 1887 954 ac-

1115 977 1199 1006 tione
1218 976 1269 1015 (a),
1286 985 1349 1006 uon
1365 980 1410 1007 est
1425 977 1466 1007 ibi
1488 977 1549 1007 nisi
1573 977 1667 1007 unica
1686 977 1775 1007 unio.
1792 976 1889 1007 Unica

1115 1031 1199 1062 enim
1215 1031 1333 1062 unione
1352 1031 1456 1062 univit
1471 1030 1531 1061 sibi
1546 1030 1687 1062 Verbum
1709 1039 1838 1061 earnem
1856 1031 1887 1060 et

1115 1085 1271 1121 animam,
1287 1085 1368 1115 sicut
1382 1084 1476 1114 unica
1491 1084 1706 1124 assumptione
1721 1082 1892 1123 assumpsit

1116 1147 1231 1178 corpus
1252 1140 1283 1168 et
1306 1138 1458 1168 animam.
1482 1137 1651 1176 Similiter,
1674 1137 1699 1168 si
1721 1137 1891 1177 loquamur

1115 1191 1154 1221 de
1181 1191 1300 1222 unione
1330 1191 1473 1230 passione
1497 1191 1533 1230 ab)
1549 1215 1557 1229 ,
1582 1199 1648 1221 non
1678 1190 1738 1221 fuit
1762 1190 1806 1220 ibi
1830 1189 1892 1219 nisi

1116 1245 1212 1274 unica
1222 1245 1309 1275 unio.
1321 1245 1398 1274 Caro
1414 1244 1498 1274 enim
1514 1246 1545 1274 et
1558 1243 1664 1273 anima
1680 1252 1745 1274 non
1760 1243 1892 1273 fuerunt

1117 1298 1214 1328 unitae
1233 1298 1266 1337 (o)
1285 1297 1344 1336 ipsi
1358 1297 1461 1328 Verbo
1477 1297 1509 1326 in
1525 1296 1652 1327 unionis
1666 1295 1841 1335 primordio
1856 1297 1892 1325 ut

1117 1351 1226 1381 divisae
1239 1352 1286 1389 (o),
1299 1350 1352 1381 sed
1365 1353 1400 1380 ut
1415 1352 1594 1390 conJunctae
1607 1350 1640 1389 (c)
1656 1350 1688 1379 in
1701 1358 1799 1380 unam
1814 1348 1891 1379 suh-

1117 1403 1265 1433 stantiam
1285 1406 1315 1433 et
1333 1405 1481 1433 naturam
1504 1414 1510 1433 :
1528 1403 1598 1433 ideo
1614 1404 1788 1442 assumptae
1807 1402 1840 1441 (c)
1862 1403 1893 1432 et

1117 1456 1215 1486 unitae
1242 1456 1274 1495 (c)
1300 1457 1430 1486 fuerunt
1464 1455 1683 1495 assumptione
1710 1457 1741 1486 et
1774 1455 1892 1485 unione

1117 1510 1222 1540 unica.
1241 1509 1273 1539 Si
1289 1511 1395 1540 autem
1411 1509 1582 1549 loquamur
1596 1509 1634 1539 de
1649 1508 1769 1539 unione
1783 1517 1893 1539 secun-

1118 1563 1195 1593 dum
1211 1563 1297 1602 quod
1315 1565 1361 1593 est
1382 1563 1492 1593 relatio
1512 1562 1701 1600 unibilium,
1722 1562 1766 1592 sic
1784 1561 1893 1592 dicen-

1118 1617 1195 1648 dum
1207 1620 1252 1647 est
1261 1617 1345 1656 quod
1358 1626 1432 1647 cum
1447 1616 1558 1647 relatio
1569 1625 1632 1646 non
1650 1617 1836 1646 numeretur
1849 1614 1891 1654 (d)

1118 1670 1179 1700 nisi
1200 1680 1256 1710 per
1275 1672 1435 1707 extrema,
1457 1679 1493 1700 eo
1514 1669 1608 1700 modo
1627 1669 1722 1699 hahet
1742 1667 1895 1707 multipli-

1119 1725 1203 1762 cari,
1229 1734 1292 1764 quo
1316 1725 1411 1754 habet
1437 1723 1608 1763 plurificari
1634 1723 1739 1762 ipsum
1762 1721 1891 1752 unibile.

1119 1778 1275 1814 Quoniam
1290 1786 1366 1816 ergo
1381 1776 1501 1807 unibile
1517 1785 1556 1806 ex
1572 1778 1659 1815 parte
1673 1775 1825 1805 humanae
1840 1782 1895 1803 na-

1118 1834 1201 1862 turae
1220 1830 1279 1861 fuit
1300 1840 1401 1861 unum
1421 1830 1455 1860 in
1469 1831 1553 1868 actu,
1571 1831 1601 1860 et
1622 1828 1714 1868 plura
1730 1828 1763 1858 in
1784 1829 1894 1867 poten-

1120 1885 1174 1921 tia;
1187 1883 1262 1923 quia
1273 1886 1455 1914 extremum
1464 1882 1542 1913 illud
1553 1884 1620 1913 erat
1628 1881 1773 1912 humana
1781 1882 1896 1911 natura

1122 1939 1268 1967 constans
1279 1946 1317 1967 ex
1332 1945 1461 1976 corpore
1472 1938 1502 1966 et
1512 1936 1629 1972 anima,
1644 1943 1716 1974 quae
1727 1942 1897 1965 concurre-

1120 1990 1196 2020 bant
1211 1991 1242 2021 in
1257 1999 1363 2020 unum
1378 1989 1557 2020 secundum
1572 1991 1690 2026 actum,
1706 1989 1738 2018 et
1751 1988 1898 2027 poterant

1120 2050 1187 2072 esse
1194 2041 1294 2072 divisa
1305 2043 1335 2072 et
1346 2041 1491 2072 distincta
1500 2052 1507 2078 3
1516 2040 1642 2070 hinoest
1651 2038 1735 2079 quod
1742 2037 1897 2078 quamdiu

1120 2104 1235 2135 corpus
1252 2096 1283 2125 et
1306 2094 1412 2124 31111113
1438 2094 1570 2124 suerunt
1595 2093 1781 2131 conjuncta,
1804 2090 1898 2121 unica

1121 2148 1241 2179 unione
1256 2147 1448 2178 uniebantur
1462 2146 1566 2177 Verbo
1583 2157 1590 2176 :
1607 2146 1703 2176 unlea
1715 2168 1723 2183 ‚
1745 2144 1877 2183 inquam
1888 2167 1897 2181 ‚

1121 2202 1154 2231 in
1177 2203 1262 2238 actu,
1288 2201 1341 2231 sed
1365 2200 1511 2240 pluribus
1535 2200 1567 2229 in
1592 2197 1755 2238 potentia:
1772 2195 1898 2236 quando

1122 2264 1198 2285 vero
1207 2255 1246 2284 ab
1257 2255 1290 2293 (e)
1299 2254 1435 2284 Invicem
1452 2253 1483 2283 in
1495 2255 1596 2283 morte
1603 2252 1734 2282 fuerunt
1742 2249 1896 2287 separata,

1122 2307 1155 2337 in
1183 2311 1284 2338 morte
1318 2307 1511 2337 uniebantur
1540 2303 1711 2335 unionibus
1739 2300 1896 2342 pluribus.

1123 2360 1201 2391 Caro
1222 2361 1308 2391 enim
1324 2360 1487 2390 dicebatur
1508 2359 1597 2388 unita
1612 2356 1729 2393 Verbo,
1746 2356 1776 2385 et
1790 2354 1898 2385 anima

1123 2415 1212 2444 unita
1237 2425 1244 2444 ·.
1270 2416 1300 2443 et
1323 2413 1393 2443 haec
1414 2412 1523 2442 relatio
1547 2419 1586 2441 ex
1610 2411 1698 2449 parte
1724 2407 1841 2444 carnis,
1867 2409 1898 2438 et

1123 2467 1251 2504 animae‚
1278 2468 1344 2496 erat
1366 2465 1437 2503 alia,
1465 2466 1495 2494 et
1515 2463 1577 2493 alia
1599 2473 1605 2492 ι
1631 2461 1788 2492 intellecto
1811 2459 1899 2491 enim

1123 2520 1208 2560 quod
1223 2529 1295 2550 caro
1312 2528 1377 2550 non
1392 2519 1472 2549 esset
1486 2516 1591 2554 unita,
1609 2515 1714 2546 adhue
1730 2515 1834 2554 posset
1847 2513 1902 2543 ins

1124 2573 1224 2612 telligi
1245 2573 1334 2604 unita
1354 2580 1420 2602 esse
1442 2570 1559 2601 anima.
1577 2569 1614 2600 Et
1635 2568 1813 2599 secundum
1836 2566 1898 2597 hoc

1123 2628 1209 2667 patet
1227 2625 1388 2666 responsio
1404 2623 1443 2654 ad
1463 2622 1674 2663 quaestionem
1689 2619 1897 2667 propositam5
