2017 2960
579 145 767 178 DISTINCT.
791 146 870 177 xxi.
894 145 986 177 ΛΒΤ.
1010 146 1033 177 Ι.
1058 146 1208 185 QUAEST.
1233 149 1286 180 Ill.

135 226 200 248 non
225 218 332 247 autem
353 215 391 246 de
415 215 519 245 medio
543 215 764 254 congruitatis.
795 214 912 244 Anima

135 272 242 301 autem
269 278 333 300 non
355 270 425 299 erat
449 268 589 298 medIum
612 268 826 306 necessitatiS,
857 267 912 298 sed

134 322 354 363 congruitatis.
385 321 542 352 Praeterea
562 331 626 352 non
666 323 734 352 erat
768 321 911 352 medium

133 377 255 408 ratione
274 375 508 415 conjunctionis
529 375 708 406 secundum
721 377 840 412 actum,
858 374 910 405 sed

133 430 310 461 secundum
334 430 493 460 habitum.
525 430 562 460 Et
594 429 665 460 ideo
701 429 775 459 licet
803 429 911 459 anima

131 492 197 514 non
216 485 297 514 esset
313 483 402 514 unita
418 483 505 514 carni
526 483 560 514 in
579 484 692 521 morte,
717 484 783 513 erat
803 484 911 513 tamen

132 536 160 567 ei
175 537 314 575 nnibilis,
332 539 362 568 et
377 546 434 577 per
450 537 510 567 1100
524 545 597 567 0310
612 536 708 567 011331
721 535 853 566 unibilis
868 535 911 566 di-

131 590 270 622 vinitati.

171 646 202 675 2.
218 644 267 676 Ad
281 644 358 675 illud
373 644 458 684 quod
473 644 634 684 objicitur,
649 643 735 683 quod
752 644 910 674 destructo

131 698 247 738 priori,
272 697 446 729 destruitur
477 700 507 728 et
535 696 711 736 posterius,
739 696 910 727 dicendum

131 752 218 792 quod
231 751 310 782 illud
323 760 437 782 verum
447 752 503 786 est,
518 750 574 780 ubi
582 749 739 790 posterius
756 749 911 790 dependet

130 805 336 836 essentialiter
349 813 368 834 a
383 803 492 843 priori.
507 802 566 834 Ubi
582 812 659 834 vero
680 803 800 843 aliquid
823 812 909 843 prae-

131 858 213 889 cedit
228 858 366 889 alterum
387 857 470 888 sicut
484 857 645 897 dispositio
663 866 825 897 congrua,
842 866 909 888 non

129 914 252 952 oportet
266 912 351 952 quod
365 912 479 942 habeat
494 911 662 942 veritatem
680 922 687 941 :
706 913 735 942 et
751 911 795 942 sic
816 911 910 941 estin

128 965 300 1005 proposito.
317 964 398 995 Nam
414 964 494 995 unio
514 964 688 994 divinitatis
708 964 746 994 ad
766 973 906 1002 carnem,

129 1018 197 1048 sive
211 1018 315 1048 carnis
329 1018 369 1049 ad
383 1018 595 1055 divinitatem,
612 1027 678 1048 non
690 1017 845 1057 dependet
863 1027 909 1048 es-

129 1071 312 1110 sentialiter,
330 1071 396 1102 sive
418 1070 626 1111 dependentia
641 1071 845 1108 necessitatis,
867 1071 907 1101 ab

131 1123 249 1154 unione
264 1123 393 1154 illorum
409 1116 554 1153 duorum'
564 1122 604 1152 ad
622 1122 780 1159 invicem;
805 1122 859 1153 sed
883 1122 908 1152 si

128 1175 183 1207 illa
205 1177 364 1217 supponit,
395 1176 455 1207 1100
473 1178 520 1207 est
540 1176 679 1215 quadam
699 1176 910 1215 congruitatis

128 1230 360 1260 convenientia.

169 1283 198 1312 3.
214 1282 263 1313 Ad
278 1282 357 1314 illud
370 1282 457 1323 quod
472 1282 635 1322 objicitur,
653 1281 737 1321 quod
759 1282 908 1313 divinitas

127 1345 193 1366 non
208 1338 256 1367 est
269 1337 400 1367 unibilis
416 1338 541 1367 naturae
555 1335 733 1366 irrationali
755 1338 787 1366 et
800 1336 909 1367 insen-

128 1390 223 1428 sibili,
239 1390 407 1421 dicendum
422 1391 508 1430 quod
525 1390 583 1421 etsi
602 1398 675 1420 caro
689 1390 805 1421 Christi
819 1400 906 1421 care-

128 1445 177 1474 ret
189 1444 313 1474 ratione
328 1446 359 1475 et
372 1453 479 1482 sensu,
490 1443 626 1474 habebat
640 1445 747 1474 tamen
761 1444 907 1475 ordinem

128 1496 168 1527 ad
182 1497 335 1536 animam,
353 1506 427 1538 quae
451 1497 608 1527 rationem
630 1498 661 1527 et
679 1506 808 1528 sensum
828 1498 861 1528 in
874 1507 907 1529 se

127 1550 234 1582 habet.
247 1551 286 1582 Et
300 1551 327 1582 si
342 1554 377 1582 tu
391 1551 532 1590 objicias,
549 1551 635 1591 quod
651 1550 731 1581 illud
754 1560 819 1582 non
839 1551 908 1581 suf-

127 1604 204 1643 ficit,
221 1605 307 1645 quod
319 1605 440 1646 aliquid
465 1605 504 1636 sit
522 1605 670 1646 possibile
689 1605 728 1636 ad
750 1605 906 1636 unionem

127 1658 244 1689 animae
259 1659 434 1697 rationalis,
458 1659 498 1690 ad
524 1659 585 1689 1100
612 1659 698 1698 (13οᾱ
721 1668 906 1698 congruum

127 1712 168 1742 sit
190 1712 276 1743 uniri
304 1722 379 1743 01131
406 1713 590 1750 divinitate,
621 1712 792 1743 dicendum
820 1713 906 1752 quod

126 1765 246 1806 absque
260 1766 356 1797 dubio
371 1766 432 1797 hoc
446 1775 510 1797 non
525 1767 700 1798 suffecisset
720 1766 754 1797 in
769 1767 907 1806 primor-

125 1819 178 1850 dio
187 1819 426 1858 incarnationis,
442 1820 508 1851 imo
522 1821 618 1851 simul
631 1820 736 1851 decuit
755 1820 904 1851 divinita-

125 1875 192 1904 tem
210 1874 298 1904 uniri
321 1874 408 1904 carni
431 1876 462 1905 et
480 1874 608 1911 animae,
630 1877 667 1905 ut
687 1875 865 1914 conjunctis
895 1886 902 1905 z

126 1936 217 1958 secus
242 1930 350 1959 autem
378 1929 425 1959 est
449 1928 484 1958 in
507 1928 684 1959 ministerio
709 1930 826 1959 nostrae
850 1937 904 1959 re-

127 1980 331 2021 demptionis,
359 1981 445 2022 quod
472 1981 600 2021 quidem
618 1981 728 2012 debuit
755 1991 906 2013 consum-

130 2035 212 2066 mari
221 2045 278 2076 per
286 2038 434 2075 mortem,
446 2038 477 2067 et
483 2036 606 2067 ratione
617 2037 709 2076 cujus
722 2045 905 2076 congruum

126 2088 187 2120 fuit
211 2091 249 2120 ut
275 2089 344 2128 illa,
380 2098 453 2130 quae
482 2090 572 2130 prius
609 2089 701 2121 valde
736 2091 907 2129 conjuncta

126 2144 228 2182 erant,
243 2152 310 2174 non
324 2143 432 2174 minus
444 2152 589 2182 congrue
602 2145 706 2174 essent
719 2143 759 2174 ad
774 2146 905 2184 tempus

125 2197 237 2236 divisa,
256 2206 329 2228 caro
344 2197 491 2228 videlicet
509 2199 540 2228 et
560 2197 669 2228 anima
686 2208 693 2228 z
714 2199 745 2228 et
769 2206 827 2237 pro
849 2197 904 2228 illo

124 2253 268 2291 tempore
282 2251 364 2282 bene
377 2251 554 2282 sufficiebat
566 2251 627 2291 ipsi
639 2251 728 2281 carni
743 2251 905 2282 unibilitas

125 2304 164 2336 ad
180 2305 322 2336 animam
336 2305 405 2336 loco
421 2305 641 2344 congruitatiS,
657 2305 817 2336 reddentis
832 2315 903 2336 eam

125 2357 272 2389 idoneam
298 2359 338 2390 ad
366 2359 520 2390 unionem
548 2368 622 2389 cum
647 2358 823 2391 divinitatis
846 2369 905 2390 na-

127 2412 211 2442 tura.

167 2463 197 2494 Ιι.
215 2464 263 2495 Ad
277 2464 354 2496 illud
369 2467 454 2506 quod
469 2465 628 2506 objicitur,
648 2467 734 2506 qnod
748 2467 826 2499 unio
840 2469 905 2499 ter-

127 2517 270 2550 minatur
287 2519 328 2550 ad
349 2519 477 2560 aliquod
491 2529 613 2560 unum,
629 2520 799 2552 dicendum
819 2522 905 2562 quod

159 2602 167 2618 ¹
184 2601 224 2632 Cf.
244 2600 375 2632 Richard„
395 2602 426 2626 111
443 2601 523 2633 Sene„
537 2603 595 2627 dist.
608 2609 664 2635 xxi,
679 2611 704 2635 q.
722 2610 762 2634 1v;
778 2605 901 2636 stephan.

131 2634 236 2668 Brulet„
251 2637 284 2660 111
299 2636 379 2666 Seni„
391 2636 449 2661 dist.
466 2642 526 2667 xxi,
541 2645 566 2668 q.
583 2644 623 2662 111.

1683 158 1742 187 447

967 216 1012 244 est
1033 224 1169 246 verum:
1188 216 1259 247 13115
1281 217 1366 248 011131
1390 218 1467 249 31110
1490 220 1681 252 terminatur
1704 223 1743 253 ad

966 277 1070 299 unum
1084 269 1119 300 in
1133 279 1268 310 persona
1284 282 1290 301 :
1307 280 1383 302 nam
1407 281 1480 303 0310
1499 273 1611 304 unitur
1625 275 1743 308 divinae

966 324 1090 353 naturae
1110 323 1143 354 in
1165 324 1321 355 unitatem
1342 325 1521 366 hypostasis
1544 328 1575 358 et
1600 337 1745 367 personae

967 375 1038 406 Filii
1054 376 1118 407 Dei.
1136 376 1197 408 Sed
1213 379 1458 418 attendendum,
1474 381 1560 420 quod
1583 381 1673 413 aliter
1695 383 1743 414 di-

967 429 1052 460 citur
1076 430 1129 461 illa
1157 431 1336 471 hypostasis
1362 434 1486 471 carnis,
1513 437 1545 465 et
1566 435 1746 476 hypostasis

966 483 1116 514 hominis.
1142 484 1328 525 Hypostasis
1353 487 1441 518 enim
1466 487 1606 519 hominis
1630 489 1746 520 dicitur

967 545 1032 567 non
1046 537 1151 568 solum
1166 538 1198 568 in
1213 539 1363 579 obliquo,
1382 541 1435 571 sed
1459 542 1555 572 etiam
1577 542 1612 573 in
1636 545 1743 583 recto;

967 591 1011 620 est
1026 590 1111 621 enim
1126 591 1318 631 hypostasis,
1336 603 1408 633 (1333
1424 597 1470 625 051
1484 595 1592 627 homo.
1612 596 1671 628 Sed
1688 597 1746 637 hy-

966 644 1099 682 postasis
1123 646 1227 676 carnis
1249 646 1440 686 intelligitur
1465 649 1497 678 in
1515 649 1663 690 obliquo,
1682 660 1746 681 non

966 697 1041 737 quia
1056 700 1136 729 esset
1151 708 1224 730 caro
1237 724 1244 736 ,
1263 700 1316 730 sed
1340 700 1416 740 quia
1434 701 1571 732 habebat
1591 711 1720 734 carnem
1738 715 1744 735 z

967 752 1051 782 unde
1065 752 1118 783 illa
1133 754 1255 792 poterat
1269 753 1331 784 dici
1355 764 1428 786 caro
1443 754 1549 786 Verbi.
1568 755 1607 787 Et
1622 756 1682 788 1100
1701 760 1747 788 est

966 805 1052 845 quod
1066 806 1140 836 dicit
1153 806 1367 839 Damascenus
1385 820 1391 839 2
1410 820 1424 837 (1
1439 808 1472 840 Si
1487 811 1635 841 mortuus
1649 813 1695 841 est
1710 814 1747 841 ut

966 858 1081 898 homo,
1100 862 1131 891 et
1153 862 1327 892 5330131113
1342 862 1448 893 anima
1463 863 1502 893 ab
1525 865 1595 903 ejus
1615 873 1746 905 corpore

965 912 1067 943 divisa
1095 916 1141 945 est
1152 926 1159 952 3
1177 914 1325 946 divinitas
1347 918 1455 947 tamen
1470 917 1691 957 inseparabilis
1707 918 1747 949 ab

965 969 1102 1008 utroque
1117 969 1302 1008 permansit,
1318 979 1423 1010 neque
1438 970 1497 1001 ista
1511 980 1577 1002 una
1593 971 1744 1012 hyposta-

965 1021 1007 1052 sis
1034 1022 1067 1052 in
1094 1022 1173 1053 duas
1200 1023 1301 1054 divisa
1328 1027 1373 1055 est
1400 1036 1406 1054 :
1431 1025 1549 1055 etenim
1573 1034 1688 1065 corpus
1717 1027 1747 1056 et

965 1077 1072 1107 anima
1087 1087 1105 1107 a
1120 1077 1276 1117 principio
1291 1078 1326 1108 in
1339 1078 1435 1109 Verbi
1450 1080 1614 1119 hypostasi
1629 1080 1747 1111 habue-

965 1133 1042 1161 runt
1056 1131 1290 1170 sustinentiam,
1308 1134 1337 1162 et
1350 1133 1383 1163 in
1399 1139 1500 1164 morte
1527 1143 1545 1163 3
1559 1143 1591 1164 50
1606 1133 1745 1165 invicem

964 1184 1065 1215 divisa
1085 1188 1272 1216 manserunt
1290 1193 1297 1215 ε
1313 1186 1480 1225 singulum
1498 1189 1606 1218 autem
1632 1197 1745 1219 eorum

964 1246 1064 1267 unam
1099 1238 1298 1278 hypostasim
1330 1238 1424 1270 Verbi
1452 1240 1559 1271 habet.
1588 1251 1603 1269 1>
1634 1239 1745 1281 Neque

964 1291 1049 1322 enim
1065 1300 1191 1331 corpuS,
1208 1301 1313 1332 neque
1328 1293 1436 1324 anima
1451 1294 1614 1334 propriam
1632 1294 1746 1326 habuit

963 1344 1161 1384 hypostasim
1174 1348 1291 1386 praeter
1305 1347 1502 1387 hypostasim
1517 1347 1612 1379 Verbi
1628 1357 1636 1379 :
1654 1351 1684 1380 et
1700 1349 1743 1380 sic

963 1400 1050 1438 patet
1064 1398 1152 1430 illud.

1225 1475 1404 1513 QUAESTIO
1426 1477 1480 1508 111.

963 1542 1007 1568 An
1022 1542 1142 1569 Christus
1156 1543 1241 1575 fuerit
1256 1545 1365 1571 unitum
1384 1547 1461 1573 carni
1480 1549 1505 1573 et
1522 1549 1621 1575 cznz'moe
1636 1548 1742 1584 duplici

1288 1592 1392 1617 ratione
1404 1591 1422 1618 ¹.

1005 1667 1117 1699 Utrum
1145 1668 1287 1700 Verbum
1316 1670 1444 1701 unitum
1473 1672 1569 1704 fuerit
1598 1674 1686 1705 carni
1715 1677 1746 1706 et

962 1721 1080 1753 animae
1095 1722 1214 1763 duplici
1228 1724 1366 1763 unione;
1382 1727 1412 1756 et
1428 1726 1512 1766 quod
1527 1727 1584 1766 sic,
1597 1728 1724 1759 videtur
1737 1738 1744 1760 :

964 1774 1044 1806 Unio
1064 1779 1255 1808 numeratur
1274 1788 1331 1818 per
1353 1781 1495 1811 extrema
1516 1781 1650 1812 unibilia
1668 1794 1674 1813 ε
1692 1782 1746 1813 sed

963 1838 1035 1860 0310
1059 1832 1090 1861 et
1113 1831 1221 1862 anima
1246 1834 1321 1863 sunt
1347 1833 1471 1864 diversa
1496 1835 1652 1873 unibilia3
1680 1835 1742 1867 hoc

962 1883 1049 1914 enim
1063 1886 1109 1915 est
1123 1886 1297 1926 corporale,
1314 1889 1344 1918 ct
1358 1887 1436 1918 illud
1452 1888 1636 1928 spirituale:
1650 1899 1739 1930 ergo,

962 1937 988 1967 si
1022 1937 1184 1970 uniuntur
1217 1939 1321 1971 Verbo
1338 1964 1346 1979 ,
1384 1941 1532 1981 pluribus
1570 1943 1745 1974 unionibus

962 1991 1135 2023 uniuntur.

1002 2047 1032 2075 2.
1051 2044 1139 2084 item,
1153 2047 1178 2076 si
1190 2047 1321 2087 aliquod
1336 2057 1441 2078 unum
1456 2049 1569 2080 unitur
1585 2050 1744 2091 aliquibus

962 2098 1000 2129 ad
1020 2100 1057 2139 (a)
1074 2099 1265 2132 alterutrum
1281 2102 1404 2140 divisis,
1422 2103 1534 2134 unitur
1550 2104 1595 2135 eis
1614 2105 1746 2136 diversis

962 2152 1137 2184 unionibus
1154 2164 1161 2185 z
1177 2155 1231 2186 sed
1249 2155 1431 2195 hypostasis
1451 2156 1546 2188 Verbi
1571 2159 1662 2190 unita
1686 2159 1746 2190 fuit

961 2206 995 2237 in
1009 2209 1110 2238 morte
1120 2209 1206 2238 carni
1217 2211 1247 2239 et
1258 2209 1375 2240 animae
1388 2210 1426 2241 ad
1438 2210 1476 2250 (a)
1488 2211 1678 2243 alterutrum
1695 2211 1744 2242 di—

962 2260 1057 2291 visis:
1071 2270 1149 2300 ergo
1160 2262 1332 2293 uniebatur
1347 2264 1391 2294 eis
1406 2265 1584 2296 unionibus
1597 2261 1740 2297 diversis.

962 2313 1023 2345 Sed
1031 2315 1142 2345 eodem
1153 2316 1247 2347 modo
1262 2317 1354 2348 unita
1369 2318 1430 2349 t'uit
1446 2319 1595 2350 divinitas
1609 2319 1701 2350 carni
1715 2321 1746 2351 et

961 2368 1079 2399 animae
1094 2369 1127 2399 in
1142 2369 1361 2402 incarnatione
1372 2396 1379 2410 ,
1397 2374 1428 2403 et
1445 2372 1478 2403 in
1494 2375 1596 2404 morte
1607 2397 1614 2410 ,
1631 2375 1661 2404 et
1675 2375 1745 2413 post

961 2423 1110 2461 mortem,
1133 2424 1209 2463 quia
1231 2424 1286 2456 illa
1311 2426 1390 2457 unio
1416 2435 1482 2457 non
1502 2426 1563 2456 fuit
1588 2426 1710 2458 variata
1736 2436 1745 2457 :

962 2484 1040 2515 ergo
1068 2476 1095 2507 si
1129 2479 1200 2516 post
1236 2481 1374 2510 mortem
1409 2479 1580 2511 uniebatur
1611 2479 1747 2512 diversis

962 2529 1147 2570 unionibus,
1164 2533 1342 2564 necessario
1357 2533 1549 2573 sequebatur
1568 2533 1653 2573 quod
1668 2536 1699 2565 et
1713 2534 1746 2566 in

962 2584 1030 2624 ipsa
1042 2583 1271 2617 incarnatione.

996 2648 1030 2679 (a.)
1047 2647 1108 2672 Caet.
1122 2648 1182 2673 edit.
1200 2648 1266 2673 deest
1279 2650 1321 2673 ad.

1761 1682 1789 1702 Ad
1802 1687 1851 1708 opp.
