2017 2960
260 242 316 271 108

257 307 430 345 quitatibus
444 307 589 345 dirigunt
604 315 661 337 1105
678 307 709 335 111
725 305 866 335 veritatis
879 305 974 335 viam.
989 303 1027 334 Et

258 364 422 400 propterea
445 361 556 391 melius
580 360 693 389 sentire
723 359 872 389 videntur
897 357 951 397 qui
979 356 1027 387 di-

258 417 331 444 cunt
361 414 517 450 medium,
541 413 684 443 videlicet
709 412 793 451 quod
817 412 907 441 beata
927 409 1027 448 Virgo

258 468 367 498 hahuit
392 469 544 499 virtutem
567 468 623 497 sihi
646 467 800 497 divinitus
822 467 947 502 datam,
972 474 1028 505 per

259 531 355 560 quam
367 522 596 552 administraret
608 520 773 551 materiam
784 519 827 549 illi
843 519 1006 558 conceptui
1019 528 1025 549 ε

261 575 442 611 materiam,
460 574 591 613 inquam
602 597 609 610 ,
626 582 697 612 qua:
713 582 778 602 non
797 572 900 602 50111111
917 572 1030 602 habuit

260 628 414 657 rationem
438 627 595 662 materiae,
620 627 686 656 sive
709 626 857 665 potentice
878 625 1027 664 passivae,

260 681 311 710 sed
329 681 423 711 etiam
439 679 659 710 sufficientiam
673 681 703 709 et
718 679 869 709 virtutem
885 678 922 708 ad
934 678 1030 717 prolis

259 734 510 773 productionem.
530 733 585 763 Illa
600 735 706 762 tamen
728 732 829 763 virtus
846 741 901 771 per
917 740 950 761 se
965 741 1028 761 non

258 789 379 826 poterat
392 787 517 826 prodire
528 786 567 817 ad
579 786 753 825 perfectum
767 787 885 822 actum,
898 785 958 814 nisi
974 794 1030 824 per

258 840 488 870 successionem
504 839 537 869 in
553 842 693 878 tempore
709 849 715 868 z
733 838 785 868 sed
800 838 951 877 quoniam
966 847 1030 868 non

258 894 387 924 decebat
402 902 528 924 carnem
549 892 662 923 Christi
683 891 812 922 formari
835 891 1028 929 successive,

258 947 339 977 sicut
361 947 394 976 in
416 945 668 986 praecedentibus
689 947 851 975 ostensum
873 946 936 981 est,
961 944 1030 974 ideo

258 999 395 1038 Spiritus
421 1001 548 1029 sanctus
576 1008 634 1028 sua
664 998 788 1028 infinita
814 998 931 1028 virtute
955 1006 1030 1036 per-

258 1053 350 1083 duxit
368 1052 455 1083 illam
486 1052 651 1082 materiam
686 1051 724 1081 ad
760 1053 865 1081 actum
889 1050 1029 1090 comple-

258 1108 327 1137 tum
345 1117 351 1136 2
367 1108 397 1136 et
410 1115 466 1146 per
481 1106 540 1136 hoc
557 1106 589 1135 in
605 1104 693 1135 nullo
703 1103 828 1143 Virgini
843 1104 1030 1143 derogatur,

259 1160 284 1190 si
299 1160 381 1190 Deus
393 1169 451 1190 sua
467 1160 585 1190 virtute
601 1159 797 1197 acceleravit,
815 1159 899 1197 quod
915 1159 948 1188 in
963 1159 1032 1189 aliis

260 1213 449 1243 mulieribus
465 1212 639 1243 successive
653 1212 797 1252 perducit
810 1212 849 1242 ad
867 1222 944 1242 esse.
962 1211 1032 1242 Non

259 1267 345 1298 enim
360 1267 419 1297 fuit
437 1267 541 1297 minor
559 1266 699 1306 potentia
713 1266 747 1296 in
761 1265 894 1304 Virgine
907 1289 914 1302 ,
935 1275 1032 1305 quam

259 1321 293 1350 in
323 1321 385 1350 alia
415 1320 566 1357 muliere3
589 1319 653 1349 imo
680 1319 779 1349 multo
810 1319 930 1358 major,
957 1319 1034 1358 quia

259 1374 433 1413 potentiam
449 1373 628 1403 naturalem
644 1375 674 1403 et
687 1372 963 1412 supernaturalem
978 1372 1032 1402 ha-

261 1428 343 1465 buit,
360 1437 423 1466 qua
443 1427 683 1457 subministrare
705 1428 826 1466 poterat
849 1426 1030 1464 materiam,

260 1483 291 1511 et
313 1481 381 1519 ipsa
405 1480 471 1510 sola
494 1480 589 1516 adeo,
613 1480 693 1510 sicut
714 1479 830 1509 mulier
855 1479 922 1509 viro
947 1489 1034 1509 com—

259 1534 362 1564 mixta
380 1543 386 1563 :
404 1532 488 1563 unde
502 1535 567 1563 tota
591 1533 766 1564 substantia
786 1531 898 1562 Christi
922 1532 981 1562 fuit
996 1532 1033 1563 de

259 1590 360 1617 matre
381 1595 449 1616 sua.
472 1586 510 1616 Et
525 1586 596 1616 ideo
619 1586 645 1616 si
670 1585 805 1616 velimus
820 1585 935 1615 sentire
950 1587 1033 1615 recte

260 1642 291 1670 et
324 1640 427 1679 loqui,
455 1639 571 1670 veriori
605 1639 698 1669 modo
721 1639 781 1668 fuit
811 1638 909 1677 Virgo
933 1641 1034 1668 mater

260 1693 385 1731 Christi,
400 1702 497 1732 quam
513 1693 552 1722 sit
567 1692 673 1731 aliqua
686 1694 786 1721 mater
801 1691 859 1722 filii
874 1691 934 1721 sui.
946 1691 1034 1722 [nde

259 1750 289 1778 et
312 1756 367 1787 per
382 1747 470 1777 illam
492 1747 644 1776 virtutem
667 1746 772 1785 ipsum
793 1746 827 1775 in
848 1748 956 1775 ventre
978 1755 1034 1785 per

259 1809 377 1830 novem
400 1809 524 1830 menses
550 1799 699 1829 confovit.
723 1799 761 1829 Et
781 1799 824 1828 sic
843 1801 928 1838 patet
949 1799 1033 1838 quod

259 1854 355 1892 virgo
367 1853 464 1883 Maria
478 1853 586 1892 aliquo
598 1853 691 1882 modo
707 1852 765 1883 fuit
782 1852 813 1882 in
830 1852 1034 1891 conceptione

261 1906 331 1936 Filii
366 1908 546 1945 cooperata,
582 1906 726 1936 videlicet
763 1905 1033 1936 subministrando

261 1959 469 1990 sufficientem
491 1959 657 1989 materiam
683 1959 793 1989 virtuti
815 1959 943 1997 activae,
961 1968 1034 1998 quae

260 2015 368 2043 tamen
387 2021 484 2052 supra
505 2021 601 2042 suum
617 2021 706 2051 posse
722 2012 892 2042 accelerata
906 2012 981 2049 suit,
1004 2014 1035 2043 et

261 2066 299 2095 ad
326 2065 596 2104 complementum
623 2064 774 2104 perducta
801 2074 856 2104 per
883 2065 1034 2096 virtutem

262 2118 431 2149 infinitam.
451 2118 488 2149 Et
511 2118 544 2148 in
567 2119 627 2148 hoc
651 2120 801 2149 consonat
819 2127 908 2148 sacra
929 2118 1035 2158 Serip-

261 2174 351 2209 tura,
379 2181 451 2211 quae
476 2172 568 2202 modo
591 2172 664 2202 dicit
686 2172 846 2203 Christum
863 2174 975 2202 natum
997 2172 1034 2202 de

261 2225 405 2265 Virgine,
422 2226 516 2257 modo
532 2226 605 2256 dicit
621 2227 748 2256 factum.
768 2226 924 2256 Consonat
938 2226 1034 2257 etiam

262 2279 397 2309 verbum
412 2279 608 2316 Damasceni,
625 2280 680 2319 qui
695 2280 769 2310 dicit
780 2281 864 2319 quod
880 2280 1034 2311 virtutem

262 2332 375 2363 habuit
394 2332 487 2363 Verbi
507 2334 719 2372 susceptivam
738 2336 768 2363 et
789 2334 1008 2372 generativam
1026 2345 1031 2365 :

262 2386 498 2425 generativam,
516 2387 589 2426 quia
614 2387 715 2426 potuit
732 2387 939 2417 seminarium
964 2397 1033 2418 cor-

263 2439 331 2478 pori
347 2439 459 2470 Christi
472 2440 651 2470 ministrare
662 2449 716 2479 per
728 2440 883 2471 virtutem
894 2441 953 2471 sihi
970 2441 1036 2471 col-

263 2492 357 2522 latam
385 2493 494 2523 divino
520 2502 673 2531 inuncre3
701 2493 913 2532 susceptivam
937 2503 1033 2533 vero,

263 2546 339 2584 quia
359 2546 464 2576 solum
479 2546 533 2577 Dei
555 2546 695 2577 Verhum
712 2547 813 2586 potuit
836 2556 964 2578 carnem
985 2558 1036 2578 as-

263 2601 424 2638 sumptam
442 2600 473 2629 in
488 2600 617 2630 instanti
635 2601 770 2630 formare
782 2624 789 2638 ,
806 2601 889 2639 quod
906 2601 1036 2640 quidem

263 2651 404 2683 Verbum
421 2656 602 2694 susceptum
624 2656 669 2684 est
688 2664 707 2684 a
727 2653 869 2692 Virgine.
888 2654 1036 2686 Rationes

265 2712 345 2743 ergo
373 2707 570 2739 ostendentes
597 2707 629 2738 in
659 2707 731 2738 Filii
755 2707 808 2739 Dei
834 2709 1037 2748 conceptione

802 235 1124 270 SENTENTlARUM.
1149 236 1223 267 LtB.
1248 236 1300 267 111.

1083 302 1250 342 Virginem
1271 303 1378 342 aliquo
1402 305 1494 335 modo
1517 308 1717 345 cooperatam
1743 307 1854 341 fuisse,

1083 359 1157 387 sunt
1174 356 1393 387 concedendae.

1127 413 1154 440 1.
1176 410 1223 440 Ad
1239 410 1315 440 illud
1331 419 1407 440 vero
1419 412 1502 449 quod
1518 413 1666 451 objicitur
1683 414 1720 444 de
1736 414 1854 454 Glossa,

1080 465 1149 503 jam
1168 465 1250 503 patet
1266 463 1437 503 responsio.
1451 464 1526 495 Haec
1537 466 1622 496 enim
1640 477 1703 498 non
1719 468 1857 499 excludit

1085 527 1194 548 veram
1227 517 1398 556 potentiam
1423 519 1640 556 generativam
1670 530 1688 551 a
1710 521 1853 560 Virgine,

1084 570 1137 599 sed
1154 570 1241 609 ponit
1256 570 1299 599 ihi
1321 570 1461 609 aliquam
1479 571 1543 601 vim
1566 581 1631 602 esse
1650 583 1745 613 supra
1767 577 1857 604 natu-

1084 632 1169 661 ram,
1187 633 1242 653 seu
1258 633 1354 663 supra
1369 623 1434 653 vim
1453 626 1586 655 naturae.
1608 623 1694 655 Unde
1715 629 1858 657 removet

1084 676 1144 707 viri
1160 676 1290 707 seminis
1305 676 1585 715 conimixtionem,
1609 680 1639 708 et
1659 678 1729 709 ideo
1750 679 1793 709 sie
1807 679 1858 710 di—

1085 731 1169 761 citur
1181 731 1291 768 sactus,
1309 731 1393 770 qnod
1409 730 1741 762 nihilominusdicitur
1752 734 1854 763 natus.

1087 784 1123 814 Et
1138 786 1184 814 est
1199 784 1311 822 simile,
1327 785 1351 813 si
1369 783 1450 814 Deus
1466 784 1521 814 uni
1537 784 1639 823 virgae
1655 785 1751 816 aridae
1770 786 1857 816 daret

1086 836 1151 867 vim
1165 836 1378 875 germinandi,
1393 846 1489 876 quam
1504 837 1598 867 habet
1613 847 1678 868 una
1689 838 1813 877 viridis,
1828 841 1857 869 et,

1086 892 1200 929 praeter
1212 889 1272 920 hoc
1289 890 1401 920 faceret
1416 890 1517 930 ipsam
1532 891 1565 920 in
1581 891 1710 922 instanti
1725 892 1859 922 fructifi-

1086 952 1168 980 care,
1185 943 1277 981 virga
1298 944 1350 973 illa
1374 943 1530 974 diceretur
1546 945 1684 975 fructum
1707 945 1814 976 fecisse
1829 947 1860 976 et

1086 997 1228 1027 attulisse
1250 1007 1256 1027 ι
1278 999 1308 1027 01
1328 997 1537 1028 nihilominus
1555 998 1677 1028 fructus
1700 999 1752 1029 ille
1774 999 1858 1030 dice-

1087 1051 1174 1079 retur
1196 1058 1262 1079 esse
1288 1050 1386 1080 faetus
1409 1059 1449 1080 ex
1472 1050 1525 1081 illa
1557 1051 1662 1090 virga,
1701 1052 1744 1082 ita
1774 1052 1860 1092 quod

1087 1103 1182 1133 simul
1196 1103 1351 1133 diceretur
1365 1103 1465 1134 factus
1479 1106 1509 1134 et
1520 1106 1608 1135 ortus
1622 1116 1627 1136 :
1641 1105 1686 1135 sic
1697 1108 1727 1136 et
1740 1106 1774 1136 in
1787 1115 1859 1146 pro-

1087 1157 1188 1195 posito
1203 1158 1249 1186 est
1266 1157 1520 1195 intelligendum,
1536 1157 1607 1188 talis
1623 1158 1708 1189 enim
1725 1168 1859 1198 praeees-

1088 1210 1126 1240 sit
1143 1211 1247 1249 figura
1257 1210 1356 1250 hujus
1367 1212 1579 1251 conceptionis
1591 1212 1625 1243 111
1637 1213 1731 1252 virga
1740 1213 1858 1245 Aaron.

1127 1266 1157 1294 ⁹2.
1174 1264 1220 1294 Ad
1235 1264 1311 1294 illud
1328 1265 1412 1304 quod
1425 1266 1597 1304 opponitur
1607 1266 1645 1297 de
1657 1266 1858 1306 Damasceno,

1087 1318 1172 1357 quod
1189 1327 1317 1348 carnem
1334 1318 1421 1348 illam
1438 1318 1509 1349 fecit
1527 1328 1655 1358 ereans,
1675 1329 1741 1351 non
1761 1321 1860 1352 semi-

1088 1380 1179 1409 nans,
1198 1371 1365 1402 dicendum
1381 1372 1477 1412 quod,
1496 1372 1576 1403 sicut
1591 1382 1646 1412 per
1658 1375 1764 1404 actum
1778 1383 1861 1405 crea-

1088 1425 1182 1456 tionis
1197 1434 1262 1455 non
1278 1426 1409 1456 intendit
1421 1426 1524 1456 dicere
1537 1426 1621 1465 quod
1633 1435 1705 1457 earo
1715 1427 1768 1457 illa
1781 1428 1863 1458 facta

1088 1479 1183 1509 suerit
1198 1488 1237 1509 cx
1257 1479 1374 1515 nihilo,
1396 1479 1447 1509 sed
1470 1479 1554 1518 quod
1575 1480 1613 1509 ad
1638 1480 1862 1519 perfectionem

1089 1531 1221 1562 deducta
1233 1534 1279 1562 cst
1293 1541 1348 1571 per
1362 1532 1513 1563 virtutem
1526 1533 1698 1571 infinitam3
1714 1534 1757 1564 sic
1766 1535 1860 1565 etiam

1089 1595 1146 1624 per
1155 1585 1226 1623 hoc,
1239 1585 1323 1624 qaod
1333 1585 1406 1615 dicit
1417 1594 1481 1617 non
1491 1586 1667 1624 seminans,
1681 1596 1747 1618 non
1758 1588 1863 1627 privat

1090 1639 1264 1678 potentiam
1285 1638 1420 1668 activam
1442 1647 1460 1668 a
1476 1637 1623 1678 Virgine,
1648 1639 1702 1670 sed
1720 1643 1862 1672 removet

1089 1694 1277 1722 consuetum
1302 1691 1433 1721 modum
1456 1692 1607 1730 operandi
1633 1695 1774 1732 naturae,
1806 1694 1863 1733 qui

1089 1747 1135 1775 est
1150 1754 1204 1784 per
1222 1745 1351 1774 seminis
1370 1744 1630 1775 commixtionem
1652 1746 1748 1776 maris
1767 1748 1797 1777 et
1817 1747 1861 1777 fe-

1091 1799 1196 1829 minae.
1211 1797 1322 1828 Utrum
1336 1800 1440 1828 autem
1457 1797 1554 1837 Virgo
1565 1798 1699 1829 excitata
1712 1808 1730 1829 a
1741 1799 1863 1839 Spiritu

1089 1854 1196 1882 sancto
1211 1851 1427 1888 seminaverit,
1443 1851 1504 1881 1100
1518 1854 1580 1889 est,
1605 1852 1643 1882 ad
1667 1853 1773 1883 locum
1794 1863 1864 1884 ma-

1090 1906 1174 1936 tricis
1187 1914 1294 1936 semen
1311 1905 1460 1942 emiserit,
1484 1905 1631 1944 quamvis
1653 1905 1751 1946 aliqui
1773 1907 1864 1938 dixe-

1090 1959 1164 1997 rint,
1179 1968 1244 1989 non
1259 1961 1305 1989 est
1319 1961 1424 1989 tamen
1440 1958 1575 1989 verbum
1589 1958 1667 1989 illud
1683 1959 1864 1999 frequenter

1090 2014 1121 2044 in
1142 2023 1195 2044 ore
1219 2014 1428 2050 versandum,
1450 2015 1518 2043 tum
1537 2013 1612 2052 quia
1630 2012 1863 2052 turpitudinem

1090 2066 1184 2097 habet
1216 2075 1375 2097 annexam
1388 2091 1395 2104 ,
1428 2068 1459 2096 et
1494 2067 1591 2097 1101110
1621 2066 1739 2097 habere
1773 2067 1865 2098 debet

1091 2122 1213 2152 munda
1226 2122 1309 2152 labia
1326 2122 1357 2151 in
1373 2121 1425 2151 tati
1441 2120 1583 2157 materia,
1598 2121 1667 2150 tum
1680 2120 1774 2150 etiam
1789 2121 1864 2160 quia

1090 2175 1311 2206 certitudinem
1337 2184 1400 2205 non
1421 2174 1515 2204 habet
1535 2182 1575 2204 ex
1598 2182 1650 2211 se,
1674 2182 1732 2204 nec
1758 2174 1864 2205 verbis

1091 2230 1279 2260 Sanctorum
1292 2229 1418 2259 videtur
1430 2227 1567 2258 multum
1579 2236 1762 2258 consonare.
1776 2226 1863 2258 Unde

1090 2283 1223 2314 stultum
1244 2285 1289 2313 est
1310 2283 1343 2312 in
1367 2282 1480 2313 talibus
1494 2281 1575 2312 velle
1598 2281 1641 2311 ita
1656 2281 1778 2311 curiose
1795 2281 1862 2312 sin-

1091 2336 1169 2376 gula
1180 2338 1380 2375 pertractare.
1394 2335 1460 2365 Hoc
1472 2337 1579 2365 tamen
1589 2334 1725 2364 sufficiat
1734 2334 1862 2373 dixisse,

1093 2389 1238 2419 videlicet
1258 2389 1343 2428 quod
1365 2388 1463 2427 Virgo
1486 2387 1678 2418 ministravit
1700 2387 1865 2418 materiam

1091 2444 1197 2482 aptam
1214 2441 1413 2480 generationi
1436 2440 1503 2471 Filii
1526 2439 1579 2470 Dei
1601 2439 1777 2470 secundum
1800 2449 1866 2471 car-

1091 2504 1177 2525 nem.

1132 2551 1161 2578 3.
1176 2548 1223 2578 Ad
1238 2547 1315 2578 illud
1331 2547 1414 2587 quod
1430 2545 1613 2586 opponitur,
1628 2545 1712 2585 quod
1725 2554 1791 2576 non
1806 2545 1867 2576 fuit

1092 2602 1125 2633 in
1142 2611 1180 2632 ea
1194 2601 1371 2632 secundum
1384 2599 1539 2630 rationem
1551 2598 1748 2636 seminalem,
1762 2598 1866 2629 dicen-

1093 2656 1169 2686 dum
1186 2654 1270 2694 quod
1286 2662 1400 2684 verum
1416 2654 1477 2690 est,
1496 2652 1522 2682 si
1537 2652 1618 2682 ratio
1638 2650 1798 2681 seminalis
1813 2650 1865 2681 di-

1094 2711 1183 2740 catur
1193 2708 1257 2746 illa,
1274 2705 1449 2738 secuudum
1460 2714 1558 2746 quam
1571 2706 1687 2736 natura
1701 2703 1867 2735 consuevit

1901 786 1966 806 1110111

1872 817 1940 844 pinni.
