2017 2960
201 211 267 236 AM.
285 218 317 237 Π.
333 213 430 242 Quaest.
445 215 467 238 1.
481 214 572 239 Utrum
585 213 700 238 Christus
714 212 826 244 potuerit
847 219 907 243 pec-

237 255 305 272 care.

204 283 301 311 Quaest.
319 285 343 308 2.
362 285 453 308 Utrum
472 284 587 309 Christus
605 284 748 315 potentiam
773 283 897 315 peccandi

233 318 361 350 habuerit,
377 319 418 343 vel
437 321 612 350 assumpserit.

201 354 265 378 ART.
289 360 330 378 111.
353 355 449 383 Quaest.
465 358 487 380 1.
505 357 595 380 Utrum
611 356 726 380 decuerit
741 356 822 379 Deum
837 362 907 378 assu-

234 396 305 413 mere
325 391 476 415 muliebrem
492 398 583 415 sexum
596 392 628 415 ad
642 391 814 422 reparandum
828 397 909 421 genus

233 424 387 449 humanum.
627 439 631 441 *

201 460 297 489 Quaest.
310 462 332 485 2.
350 462 439 486 Utrum
458 463 540 494 magis
555 462 669 486 decuerit
683 469 788 486 carnem
799 468 910 485 assume-

231 502 259 519 re
283 495 314 519 de
333 497 389 520 viro
407 498 482 521 simul
502 501 527 522 et
541 498 657 529 muliere,
674 505 751 529 quam
773 497 804 521 de
822 497 910 521 mulie-

232 538 260 555 re
275 533 384 556 tantum.

202 568 276 591 Dtsr.
291 574 353 592 xm.

201 603 336 634 Expositio
351 605 446 628 textus.

202 639 265 663 Aur.
281 645 300 663 1.
317 639 413 668 Quaest.
433 642 455 664 1.
471 640 562 664 Utrum
581 640 607 664 in
627 640 729 664 Christo
751 639 832 670 gratia
852 639 909 663 sin-

233 674 327 705 gularis
340 682 458 705 personae
474 675 506 699 sit
521 676 602 706 gratia
617 678 711 706 creata,
730 675 771 699 vel
786 675 908 699 increata.

201 710 297 738 Quaest.
313 711 337 733 2.
353 711 444 735 Utrum
464 711 490 735 in
510 711 611 736 Christo
627 712 659 736 sit
673 711 755 742 gratia
774 711 854 741 finita,
870 711 910 734 vel

233 746 371 770 immensa.

204 782 419 810 Quaest.3.Utrum
432 782 514 813 gratia
530 781 666 813 singularis
675 781 829 813 ρει-5011111111
840 781 912 806 Chri-

235 820 274 841 sto
291 817 367 841 suerit
381 818 463 848 gratia
478 818 553 848 plena
570 821 645 848 atque
660 818 782 848 perfecta.

203 853 268 876 Aur.
287 859 318 877 11.
335 853 431 881 Quaest.
450 856 471 877 t.
490 853 556 882 Quid
573 853 604 877 sit
618 853 699 884 gratia
713 853 801 883 capitis
818 860 910 877 secun-

234 889 296 912 dum
312 890 468 920 essentiam,
487 891 573 913 utrum
592 889 625 913 sit
646 889 707 920 quid
732 891 856 920 creatum,
870 889 911 913 vel

233 924 387 948 increatum.

203 959 297 987 Qua-st.
324 961 349 984 2.
374 960 465 984 Utrum
486 960 518 984 sit
531 959 579 983 alia
591 966 668 990 quam
682 959 763 991 gratia
777 960 911 991 singularis

234 1001 362 1025 personae,
381 998 406 1019 et
420 995 502 1027 glatia
519 996 628 1019 unionis.

204 1030 300 1058 Quaest.
328 1033 350 1055 3.
376 1032 467 1056 Utrum
490 1032 619 1055 mediante
634 1031 675 1054 illa
690 1031 772 1061 gratia
784 1032 852 1055 Deus
869 1031 912 1055 in-

234 1066 296 1090 fluat
315 1073 418 1090 sensum
433 1067 459 1090 in
474 1074 578 1091 omnem
597 1067 673 1090 aliam
697 1069 841 1091 creaturam
864 1067 911 1090 ha-

234 1101 339 1126 bentem
360 1103 467 1133 gratiam
478 1121 486 1134 ,
509 1103 563 1126 sive
580 1102 737 1134 angelicam,
753 1103 807 1126 sive.
820 1102 912 1127 huma-

235 1144 306 1161 nam.

204 1173 278 1196 Dts'r.
293 1179 349 1197 xlv.

204 1208 336 1239 Expositio
353 1209 444 1233 textus.

204 1246 268 1268 ΑΜ.
289 1251 309 1268 1.
332 1245 427 1273 Quaest.
441 1246 463 1268 1.
479 1245 570 1269 Utrum
585 1244 670 1268 anima
688 1244 781 1269 Christi
799 1252 911 1276 cognos-

236 1281 278 1303 cat
291 1280 405 1303 Verbum
419 1280 565 1311 cognitione
578 1280 634 1309 alia,
648 1287 725 1311 quam
741 1280 783 1304 illa
795 1287 852 1311 quae
874 1282 913 1304 est

237 1315 322 1346 ipsum
336 1315 460 1339 Verbum.

207 1353 302 1381 Quaest.
321 1354 345 1377 2.
361 1353 451 1377 Utrum
467 1353 552 1377 anima
565 1353 658 1377 Christi
679 1353 706 1377 in
728 1354 911 1384 cognoscendo

237 1388 441 1419 comprehendat
454 1389 538 1419 ipsum
554 1389 668 1413 Verbum
679 1388 727 1413 sibi
739 1390 848 1413 unitum.

206 1424 304 1452 Quaest.
333 1426 355 1448 t.
380 1425 470 1448 Utrum
484 1424 570 1448 anima
583 1424 675 1449 Christi
689 1425 715 1449 in
729 1424 910 1455 cognoscendo

240 1461 322 1484 Deum
347 1460 408 1491 figat
428 1462 560 1491 aspectum
582 1461 607 1484 in
629 1461 712 1491 ipsum
728 1461 816 1485 lumen
837 1463 912 1485 aeter-

238 1503 311 1526 num,
324 1503 356 1520 an
372 1496 396 1519 in
412 1496 507 1527 aliquid
522 1496 591 1520 circa
604 1496 698 1527 ipsum.

208 1533 270 1556 Aur.
293 1537 323 1556 11.
351 1531 446 1560 Quaest.
473 1533 494 1555 1.
512 1532 602 1555 Utrum
616 1531 701 1556 anima
715 1531 806 1556 Christi
823 1532 913 1555 eadem

240 1566 397 1598 cognitione,
411 1573 462 1598 qua
479 1570 614 1598 cognoscit
632 1567 755 1597 Verbum,
774 1569 914 1598 cognoscat

240 1602 302 1626 alias
317 1609 358 1626 res
370 1602 398 1626 in
414 1602 510 1626 Verbo.

211 1638 300 1667 Quest.
308 1639 332 1662 2.
342 1639 434 1662 Utrum
445 1638 530 1662 anima
539 1638 631 1662 Christi
641 1640 781 1669 cognoscat
790 1638 816 1662 in
825 1638 911 1663 verbo

243 1676 303 1698 actu
317 1674 418 1704 omnia,
433 1680 489 1704 quae
503 1674 636 1705 cognoscit
649 1674 674 1698 in
685 1674 782 1698 habitu.

208 1709 306 1738 Quaest.
331 1711 354 1733 3.
373 1710 463 1733 Utrum
487 1709 571 1733 anima
590 1710 683 1733 Christi
701 1711 842 1741 cognoscat
860 1717 914 1735 om-

241 1745 283 1769 nia
295 1745 322 1768 in
336 1745 437 1776 Verbo,
453 1752 511 1776 quae
526 1749 661 1776 cognoscit
678 1746 800 1772 Verbum.

209 1781 272 1805 Aur.
289 1787 332 1805 111.

210 1817 306 1845 Quaest.
320 1819 342 1840 t.
358 1817 449 1840 Utrum
465 1816 579 1841 Christus
596 1816 716 1841 habuerit
739 1816 814 1841 aliam
827 1817 912 1841 scien-

240 1852 303 1876 tiam
326 1859 341 1876 a
367 1852 453 1876 Verbo
480 1854 574 1883 praeter
598 1852 680 1884 illam,
696 1860 773 1884 quarn
787 1853 916 1877 habuitin

241 1887 337 1912 Verbo.

211 1923 307 1952 Quaest.
333 1924 356 1947 2.
379 1924 470 1948 Utrum
494 1923 608 1948 Christus
621 1923 759 1954 profecerit
773 1923 915 1948 secundum

242 1958 303 1982 illud
317 1965 398 1990 genus
412 1959 576 1990 cognitionis.

212 1994 308 2023 Quaest.
324 1996 348 2018 3.
369 1995 459 2018 Utrum
480 1996 548 2018 Deus
567 1994 798 2019 communicaverit
820 1995 915 2019 animae

243 2029 335 2054 Christi
343 2030 566 2061 omnipotentiam,
577 2030 644 2054 sicut
653 2031 853 2055 communicavit
861 2038 915 2055 om-

242 2065 414 2090 niscientiam.

212 2101 287 2125 D1sr.
303 2107 346 2126 xv.

213 2137 345 2168 Expositio
355 2139 448 2162 textus.

214 2173 277 2197 Aur.
289 2178 308 2197 1.

214 2208 310 2237 Quaest.
326 2210 349 2232 1.
364 2209 455 2233 Utrum
474 2215 620 2240 congruum
637 2208 714 2233 fuerit
730 2208 857 2233 humanos
872 2208 918 2233 de-

246 2243 329 2268 fectus
342 2244 369 2268 in
384 2244 484 2269 Christo
503 2244 621 2275 reperiri.

216 2279 312 2308 Quaest.
327 2281 351 2303 2.
367 2280 458 2304 Utrum
473 2280 588 2304 Christus
603 2280 768 2311 assumpserit
779 2286 869 2304 omnes
878 2280 920 2304 de-

247 2315 330 2339 fectus
344 2318 447 2340 nostros
461 2318 555 2346 praeter
569 2318 715 2347 peccatum.

217 2351 313 2380 Quaest.
334 2352 356 2375 3.
380 2352 471 2376 L'trum
492 2351 519 2375 in
545 2351 644 2376 Christo
669 2351 762 2376 tuerint
774 2351 922 2383 hujusmodi

249 2386 364 2410 defectus
378 2394 393 2410 a
404 2388 504 2416 natura,
518 2394 550 2410 an
562 2393 578 2410 a
591 2387 731 2411 voluntate.

218 2423 281 2446 ΑΜ·-
296 2427 327 2446 11.
342 2422 436 2451 Quaest.
457 2425 478 2446 1.
495 2423 584 2446 Utrum
600 2422 714 2446 Christus
723 2422 920 2453 habueritigno-

248 2459 357 2481 ranttam
372 2458 398 2481 in
412 2458 541 2482 rationali.

220 2492 314 2521 Quaest.
325 2494 356 2519 2„
364 2493 455 2517 Utrum
469 2494 495 2517 in
507 2493 607 2517 Christo
619 2493 695 2517 suerit
706 2492 920 2524 passiojtristitize.

220 2528 315 2557 Quaest.
341 2530 364 2553 3.
394 2530 484 2554 Utrum
506 2530 533 2554 in
554 2530 655 2554 Christo
677 2529 754 2553 fuerit
774 2529 860 2560 passio
883 2529 922 2553 vel

251 2563 351 2589 affectio
363 2565 418 2590 irae.

221 2600 294 2625 Dlsr.
311 2606 367 2625 xvi.

222 2635 355 2666 Expositio
368 2637 462 2661 textus.

936 145 1066 177 INDEX.

942 926 987 949 285

943 997 988 1020 287

943 1140 987 1163 ‘290

943 1175 987 1198 293

943 1210 988 1233 295

944 1498 989 1520 303

946 1603 990 1626 307

945 1676 989 1698 310

945 1746 990 1769 313

947 1783 991 1805 318

947 1889 992 1912 319

948 1960 988 1983 321

948 2067 993 2090 323

949 2102 994 2126 326

950 2139 994 2161 330

950 2175 995 2197 332

952 2245 996 2269 333

952 2316 996 2339 335

953 2387 998 2410 337

955 2459 999 2482 339

955 2495 997 2517 341

955 2566 1000 2590 342

955 2602 1000 2625 344

957 2638 1000 2661 347

1041 213 1102 237 Aur.
1119 218 1136 237 1.
1155 212 1251 241 Quaest.
1271 214 1293 237 t.
1313 213 1404 237 Utrum
1426 213 1452 237 in
1476 214 1576 239 Christo
1592 215 1668 240 suerit
1682 223 1746 241 vera

1072 248 1155 278 passio
1179 248 1283 272 doloris.

1041 284 1137 311 Quaest.
1154 285 1175 307 2.
1193 284 1282 308 Utrum
1292 284 1319 308 in
1331 283 1430 309 Christo
1445 285 1520 309 fuerit
1533 285 1607 310 dolor
1619 288 1730 311 acerbis-

1072 326 1159 343 Stllltls.

1041 355 1135 382 Quaest.
1151 356 1174 378 3.
1193 356 1282 379 Utrum
1307 355 1422 380 Christus
1443 357 1622 382 necessitatem
1641 365 1744 382 assum-

1073 391 1150 421 pserit
1164 391 1284 421 pationdi.

1042 426 1103 450 Aur.
1120 433 1148 450 11.
1165 427 1258 455 Qutest.
1275 429 1297 450 t.
1317 428 1408 452 Utrum
1429 427 1543 452 Christus
1561 436 1649 459 passus
1666 429 1742 454 suerit

1072 463 1214 486 secundum
1228 462 1364 493 rationein,
1375 470 1407 487 an
1418 465 1517 487 tantum
1530 465 1672 488 secundum
1688 472 1744 489 sen-

1073 498 1224 521 sualitatem.

1043 534 1138 562 Quaest.
1155 535 1178 557 2.
1192 534 1282 558 Utrum
1297 534 1382 558 anima
1403 534 1494 558 Christi
1511 542 1585 566 passa
1607 536 1682 560 suerit
1697 544 1736 561 se-

1074 569 1185 592 cundum
1198 570 1356 599 supeiiorem
1371 570 1516 600 portionem
1528 571 1642 596 rationis.

1043 605 1139 633 Quaest.
1154 607 1178 628 3.
1194 606 1221 628 ln
1236 612 1286 635 qua
1300 608 1371 636 parte
1386 606 1478 629 animae
1492 605 1567 630 suerit
1581 607 1745 632 dolorinten-

1074 641 1136 669 sior,
1148 643 1234 664 utrum
1245 641 1271 664 in
1282 643 1354 672 parte
1368 641 1496 672 rationali,
1511 648 1543 665 an
1557 642 1582 666 in
1597 645 1668 673 parte
1684 650 1744 667 sen-

1074 676 1148 700 sibili.

1044 712 1115 736 Disr.
1130 717 1196 736 xvn.

1045 748 1174 778 Expositio
1189 750 1284 772 textus.

1043 784 1107 807 Aur.
1125 789 1140 807 1.

1044 820 1138 848 Quaest.
1166 821 1187 842 t.
1209 820 1299 843 Utrum
1320 819 1346 842 in
1366 818 1465 843 Christo
1481 819 1557 843 fuerit
1585 820 1746 844 voluntatum

1075 854 1213 885 pluralitas.
1723 857 1728 863 ‘

1045 890 1140 918 Qucest.
1154 891 1177 913 2.
1194 891 1283 914 L'trum
1298 890 1325 914 in
1339 890 1439 914 Christo
1454 890 1549 914 fuerint
1564 890 1622 915 duae
1643 891 1763 915 volunta-

1076 927 1123 949 tes.

1045 961 1138 989 Quaest.
1157 962 1179 986 3.
1197 962 1288 986 Utrum
1303 961 1357 985 istae
1372 960 1516 985 voluntates
1531 964 1616 986 essent
1629 962 1656 986 in
1675 961 1748 986 Chri-

1075 999 1114 1020 sto
1130 997 1278 1021 conformes
1293 997 1334 1021 vel
1348 1000 1530 1028 repugnantes.

1045 1033 1108 1055 Aur.
1125 1038 1154 1056 11.

1044 1068 1139 1096 Quaest.
1158 1071 1178 1092 1.
1194 1068 1284 1092 Utrum
1300 1068 1413 1092 decuerit
1426 1068 1555 1092 Christum
1572 1075 1656 1092 orare.

1045 1104 1138 1131 Qua-st.
1153 1104 1175 1126 2.
1192 1103 1283 1127 Utrum
1299 1103 1413 1127 Christus
1431 1104 1457 1126 in
1474 1103 1544 1127 omni
1562 1104 1677 1127 oratione
1695 1104 1750 1128 fue·

1074 1139 1107 1162 rit
1122 1138 1264 1162 exauditus.

1045 1174 1139 1202 Qucest.
1152 1175 1175 1197 3.
1189 1174 1280 1198 Utrum
1302 1174 1344 1198 illa
1361 1174 1453 1203 oratio,
1471 1180 1524 1204 qua
1544 1174 1628 1198 oravit
1642 1174 1667 1198 in
1689 1182 1749 1205 pas-

1044 1209 1125 1239 sione,
1139 1212 1166 1233 ut
1181 1209 1244 1233 calix
1258 1210 1437 1234 transferretur
1449 1216 1464 1233 a
1475 1216 1512 1240 se,
1525 1210 1601 1233 fuerit
1613 1217 1628 1233 a
1640 1210 1749 1241 ratione,

1076 1253 1108 1269 an
1124 1253 1138 1269 a
1148 1246 1294 1270 sensualite-

1046 1281 1206 1305 str.xv111.

1046 1317 1175 1347 Expositio
1193 1317 1287 1340 textus.

1046 1354 1107 1376 Αῐιτ.
1128 1358 1147 1376 1.
1170 1352 1265 1380 Quaest.
1286 1353 1308 1375 l.
1328 1351 1419 1376 Utrum
1441 1351 1556 1376 Christus
1575 1352 1698 1377 meruerit
1717 1352 1749 1376 ab

1076 1388 1179 1411 instanti
1192 1387 1379 1417 conceptionis.

1046 1423 1141 1452 Quaest.
1162 1425 1184 1447 2.
1207 1423 1299 1446 Utrum
1321 1422 1433 1446 Christus
1448 1422 1542 1453 ahquid
1556 1423 1680 1447 meruerit
1693 1425 1752 1454 post

1078 1459 1283 1489 conceptionem.

1047 1495 1142 1523 Quaest.
1159 1497 1183 1518 3.
1205 1495 1296 1518 Utrum
1322 1493 1436 1518 Christus
1458 1493 1552 1525 aliquid
1577 1495 1700 1519 meruerit
1724 1495 1751 1518 in

1046 1531 1173 1562 pa—sione.

1051 1568 1109 1590 Aur.
1134 1572 1163 1590 11.
1180 1566 1275 1594 Quaest.
1294 1568 1317 1589 l.
1331 1565 1422 1589 Utrum
1437 1564 1551 1588 Christus
1565 1565 1613 1589 sibi
1627 1566 1751 1590 meruerit

1080 1602 1125 1626 Dei
1140 1601 1297 1631 fruitionem,
1309 1601 1363 1624 sive
1376 1601 1512 1631 praemium
1522 1601 1696 1625 substantiale.

1047 1639 1143 1667 Qnaest.
1159 1639 1182 1661 2.
1198 1637 1288 1661 Utrum
1309 1636 1423 1660 Christus
1446 1637 1567 1660 meruerit
1581 1637 1620 1661 sui
1635 1637 1751 1668 corporis

1079 1672 1299 1703 glorificationem.

1047 1708 1141 1736 Qnaest.
1157 1709 1180 1731 3.
1199 1708 1290 1732 Utrum
1312 1707 1427 1732 Christus
1441 1707 1564 1731 meruerit
1577 1707 1650 1732 nobis
1662 1707 1750 1739 januae

1079 1743 1248 1773 apertionem.

1050 1781 1186 1803 D1sr.xtx.

1051 1814 1179 1845 Expositio
1190 1816 1284 1838 textus.

1052 1852 1113 1874 Aur.
1126 1856 1143 1874 1.
1153 1851 1248 1878 Quaest.
1260 1853 1282 1874 1.
1294 1850 1384 1874 Utrum
1392 1856 1437 1880 per
1445 1849 1592 1881 passionem
1603 1849 1695 1874 Christi
1708 1850 1751 1874 fiat

1082 1886 1199 1910 remissio
1212 1888 1386 1916 peccatorum.

1052 1922 1146 1950 Quaest.
1171 1923 1194 1945 2.
1217 1922 1308 1945 Utrum
1329 1928 1375 1951 per
1397 1921 1542 1951 passionem
1565 1920 1658 1944 Christi
1678 1921 1753 1945 ruerit

1083 1957 1312 1987 chirographorum
1323 1957 1426 1980 deletio.

1051 1994 1146 2022 Quaest.
1162 1994 1185 2017 3.
1201 1993 1292 2016 Utrum
1308 1999 1353 2022 per
1374 1992 1520 2023 passionem
1544 1992 1637 2016 Christi
1655 1992 1754 2017 liberati

1082 2029 1160 2052 simus
1175 2035 1189 2052 a
1201 2030 1326 2059 potestate
1341 2028 1444 2052 diaboli.

1052 2066 1145 2094 Quaest.
1155 2066 1177 2088 4.
1184 2064 1203 2088 U
1209 2068 1273 2087 trum
1280 2070 1325 2093 per
1334 2063 1481 2094 passionem
1489 2062 1581 2087 Christi
1588 2063 1753 2087 absolvamur

1082 2107 1097 2124 a
1111 2106 1188 2131 poena
1202 2099 1308 2130 peccati.

1051 2136 1113 2159 Aur.
1131 2142 1162 2160 11.

1052 2172 1147 2200 Quaest.
1164 2173 1185 2195 1.
1208 2171 1300 2194 Utrum
1313 2169 1383 2193 solus
1404 2169 1480 2193 Filius
1498 2169 1530 2193 sit
1548 2169 1704 2200 redemptor,
1722 2177 1755 2194 an

1055 2206 1057 2208 ’
1084 2207 1160 2231 etiam
1177 2207 1251 2230 Pater
1265 2208 1291 2229 et
1304 2205 1414 2236 Spiritus
1426 2206 1538 2228 sanctus.

1054 2243 1148 2271 Qnaest.
1164 2243 1188 2266 2.
1201 2242 1291 2266 Utrum
1305 2240 1420 2264 Christus
1432 2241 1463 2264 sit
1475 2240 1600 2264 mediator
1614 2240 1756 2264 secundum

1085 2278 1207 2307 divinam,
1221 2284 1254 2300 an
1268 2276 1410 2300 secundum
1428 2275 1568 2299 humanam
1582 2278 1708 2300 naturam.

1055 2315 1128 2338 DisT.
1144 2321 1187 2337 xx.

1058 2351 1091 2374 Ex
1096 2349 1187 2380 positio
1198 2350 1292 2372 textus.

1058 2388 1120 2410 Aur.
1135 2391 1152 2409 1.

1057 2423 1151 2450 Quaest.
1161 2421 1185 2444 7.
1197 2420 1288 2444 Utrum
1299 2425 1442 2450 congruum
1451 2417 1528 2442 fuerit
1534 2417 1673 2442 humanam
1683 2419 1758 2443 natu-

1087 2464 1143 2480 ram
1155 2463 1170 2480 a
1182 2457 1235 2480 Deo
1251 2454 1372 2486 reparari.

1058 2493 1152 2522 Quaest.
1168 2493 1192 2516 2.
1210 2491 1301 2515 Utrum
1315 2490 1397 2521 magis
1417 2491 1542 2519 congruat
1564 2496 1644 2520 genus
1667 2489 1758 2513 huma-

1087 2535 1152 2553 num
1167 2525 1282 2567 reparari
1306 2532 1352 2557 pcr
1371 2524 1568 2549 satisfactionem
1580 2543 1588 2556 ‚
1616 2531 1694 2556 quam
1713 2532 1759 2556 per

1088 2565 1164 2588 aliam
1177 2566 1256 2587 viam.
1450 2571 1458 2577 a

1061 2601 1154 2630 Quaest.
1176 2600 1200 2623 3.
1220 2599 1314 2623 Utrum
1333 2596 1418 2627 aliqua
1440 2597 1557 2620 creatura
1570 2603 1634 2627 pura
1647 2596 1759 2628 potuerit

1101 2635 1238 2661 atistaeere
1249 2641 1300 2665 pro
1313 2634 1366 2657 toto
1381 2639 1476 2664 genere
1490 2631 1612 2657 humano.

1763 153 1822 183 685

1775 254 1820 278 349

1772 325 1816 349 351

1776 396 1821 419 353

1776 503 1822 526 357

1776 573 1822 597 359

1779 679 1822 703 361

1779 715 1824 739 364

1780 752 1824 774 367

1777 786 1822 809 368

1777 856 1822 880 369

1777 927 1820 950 3⁴11

1781 998 1825 1022 373

1781 1034 1826 1057 375

1781 1070 1826 1093 376

1781 1140 1826 1164 378

1784 1247 1829 1270 379

1783 1283 1824 1305 381

1785 1318 1829 1341 384

1782 1389 1827 1412 387

1784 1460 1828 1483 390

1784 1675 1828 1697 397

1784 1744 1829 1768 399

1784 1780 1827 1802 401

1785 1816 1830 1839 404

1786 1887 1829 1910 407

1787 1958 1832 1982 409

1787 2030 1832 2053 412

1787 2101 1833 2123 414

1788 2137 1832 2159 415

1789 2206 1833 2230 416

1790 2278 1833 2300 417

1789 2313 1835 2336 419

1790 2349 1833 2371 421

1791 2384 1835 2407 423

1791 2455 1836 2478 424

1792 2562 1837 2585 425

1792 2634 1837 2657 429
