2017 2960
197 167 253 195 31⁶2

194 231 311 271 aliquid
327 240 427 268 nunc,
448 231 531 271 qnod
552 231 640 270 prius
656 240 721 260 non
744 229 965 259 consideraba-

195 286 257 315 tur.
276 284 338 315 Nec
354 286 510 324 repugnat
530 284 623 313 eliam
645 283 826 322 perfectioni
843 283 967 313 creatu-

194 347 250 375 rte,
267 338 417 377 quoniam
435 340 611 367 creaturam
632 335 757 375 pertici,
773 336 819 365 est
832 336 900 374 ejus
915 344 967 364 ca-

196 391 362 430 pacitatem
380 390 515 429 impleri.
533 390 680 419 Crcatura
700 390 806 418 autem
826 388 967 427 plurium

196 447 241 473 cst.
263 453 360 483 capax
387 442 559 473 secundum
585 442 799 479 cognitionem
823 441 968 471 habitua-

197 498 269 530 lem,
293 506 388 536 quam
411 495 585 525 secundum
609 494 891 524 considerationem
916 503 968 523 ac-

198 551 326 587 tualem,
361 550 439 578 sicut
470 548 503 577 in
537 547 724 586 opponendo
756 549 968 577 monstratum

197 607 238 632 cst
253 605 271 633 ¹.
290 603 325 632 lit
350 602 419 631 ideo
440 610 503 631 non
526 600 629 630 solum
645 600 678 630 in
701 600 837 639 angelis,
854 609 969 631 verum

198 657 292 685 ctiam
309 655 339 685 in
355 654 460 684 anima
477 653 588 683 Christi
605 653 665 683 hoc
680 662 792 683 verum
807 655 866 691 est,
885 653 970 693 quod

198 710 289 748 plura
309 707 468 746 cognoscit
484 707 516 737 in
533 707 659 742 habitu,
678 716 774 746 quam
797 707 971 738 consideret

199 763 229 791 in
246 764 327 792 actu.
348 761 383 791 tlt
396 761 464 790 ideo
480 760 716 791 concedendum
731 762 788 795 est,
805 753 971 799 quodom-

200 815 251 845 nia
267 815 442 845 considerat
455 814 486 843 in
503 815 586 849 actu,
602 822 675 851 quse
691 812 786 842 habet
800 813 832 842 in
848 813 969 851 habitu,

200 871 355 907 qnantum
372 867 409 897 ad
435 876 471 897 ea
486 874 558 905 111110
573 874 638 895 1100
653 867 727 895 sunt
742 865 779 895 de
799 866 973 896 substantia

201 921 330 959 gloriav,
356 923 385 950 ct
411 919 616 950 concedendae
633 921 708 949 sunt
728 918 882 957 rationes,
900 927 973 959 11οω

201 977 272 1005 sunt
289 975 327 1004 ad
344 976 466 1014 partein
482 972 583 1002 istam.

242 1026 287 1057 Ad
308 1027 454 1057 ultimam
478 1028 583 1055 tamen
608 1025 763 1055 rationem
785 1027 885 1064 potest
908 1034 975 1055 res-

202 1080 347 1120 ponderi,
372 1089 411 1110 ne
426 1079 477 1110 det
491 1078 688 1109 occasionem
708 1078 866 1108 deviandi.
887 1079 975 1116 Quod

203 1134 287 1164 vnim
312 1133 443 1169 dicitur,
471 1132 557 1171 quod
587 1131 763 1161 intellectus
788 1131 922 1171 simplex
946 1134 976 1163 et

205 1187 329 1224 linitus,
356 1186 394 1216 ad
419 1186 502 1225 quod
530 1195 562 1215 se
588 1185 762 1221 convertit,
786 1185 923 1215 totaliter
944 1195 976 1215 se

204 1241 371 1278 convertit,
398 1249 460 1270 non
486 1239 571 1278 cogit
591 1250 597 1268 z
615 1238 690 1278 quia
713 1238 886 1269 intellectus
906 1239 974 1269 ani-

207 1304 266 1325 mae
279 1295 394 1332 beatae,
418 1296 447 1324 et
463 1293 601 1323 maxime
620 1292 736 1322 animae
753 1292 882 1331 Christi,
899 1293 976 1324 dila-

207 1350 289 1378 tatur
314 1356 370 1387 per
400 1347 536 1385 gratiam
562 1357 567 1376 z
596 1348 625 1375 et
649 1345 732 1384 quod
760 1345 830 1384 plus
853 1348 918 1384 est,
946 1347 977 1377 in

205 1402 307 1432 Verbo
324 1410 379 1440 per
394 1410 497 1430 unum
513 1402 542 1430 et
558 1400 642 1429 idem
659 1399 820 1437 cognoscit
834 1399 978 1431 distincte

207 1454 316 1492 multa,
334 1456 364 1484 et
377 1454 461 1484 idem
477 1452 652 1482 intellectus
671 1452 881 1490 glorificatus,
903 1462 979 1492 cog-

207 1507 363 1538 noscendo
378 1506 478 1536 multa
492 1506 525 1535 in
539 1505 652 1542 Verbo,
670 1514 733 1535 non
746 1505 909 1544 dividitur,
926 1507 979 1537 sed

208 1561 317 1591 unitur
336 1572 341 1590 ;
359 1560 433 1599 quia
448 1569 511 1589 non
534 1559 709 1598 applicatur
729 1559 766 1589 ad
783 1559 860 1597 hoc,
877 1560 925 1590 vel
941 1560 980 1590 ad

209 1613 284 1644 illud
318 1613 422 1653 primo
453 1615 483 1643 et
509 1612 706 1649 immediate,
735 1612 789 1642 sed
825 1613 981 1643 mediante

209 1666 310 1697 Verbo
331 1668 449 1696 :eterno
466 1677 472 1695 z
490 1665 572 1705 quod
595 1674 669 1695 cum
695 1665 733 1696 sit
755 1675 874 1702 0111101,
896 1667 982 1697 ducit

210 1720 242 1750 in
267 1720 367 1750 multa
382 1719 618 1759 cognoscibilia.
637 1718 716 1749 Alia}
733 1727 809 1749 vero
828 1719 980 1758 rationes,

211 1783 283 1813 quae
299 1774 337 1804 ad
355 1774 437 1804 hanc
451 1775 573 1812 partem
589 1772 726 1802 inductae
742 1773 832 1810 sunt,
855 1773 982 1803 concedi

211 1829 351 1866 possunt.

252 1883 281 1910 1.
299 1880 346 1909 Ad
362 1879 437 1909 illud
453 1878 537 1918 qnod
555 1878 703 1917 objicitur
717 1878 749 1908 in
765 1879 960 1909 contrarium
973 1904 981 1918 ,

213 1933 298 1972 quod
313 1933 345 1962 in
365 1932 463 1962 beatis
483 1941 547 1962 11011
567 1934 641 1961 51101
664 1931 871 1970 cogitationes
891 1933 985 1963 volu—-

215 1986 302 2023 biles,
329 1995 386 2015 nec
408 1985 686 2022 considerationes,
710 1985 877 2015 dicendum
900 1986 985 2025 quod

215 2039 350 2070 verbnm
366 2038 441 2068 illud
458 2038 646 2077 intelligitur
656 2038 693 2068 de
709 2038 757 2068 his
771 2047 842 2078 quae
859 2041 932 2069 sunt
947 2040 985 2070 de

215 2093 349 2122 essentia
372 2092 494 2130 gloriae,
521 2091 595 2131 qnia
618 2091 669 2121 illa
690 2100 813 2130 semper
835 2094 929 2121 erunt
952 2092 985 2122 in

215 2146 329 2177 actuali
349 2145 528 2183 cognitione
548 2147 641 2184 atque
667 2145 928 2182 consideraticinffi
947 2145 985 2176 de

215 2199 266 2229 his
281 2200 387 2229 autem
405 2207 541 2237 quorum
558 2198 696 2235 cognitio
720 2207 784 2228 non
807 2200 852 2228 est
875 2198 913 2228 de
936 2207 985 2228 es-

216 2252 315 2282 sentia
325 2251 447 2290 gloriae,
462 2260 526 2281 non
541 2252 661 2290 oportet
676 2251 792 2281 habere
807 2251 982 2281 veritatem.

219 2305 319 2335 Potest
337 2307 439 2334 tamen
455 2304 544 2333 aliter
556 2303 626 2340 dici,
643 2304 725 2342 qnod
741 2303 921 2334 volubilitas
937 2314 985 2334 co-

215 2359 377 2398 gitationis
396 2358 512 2398 duplex
533 2360 594 2395 est,
611 2358 757 2397 quaedam
782 2368 836 2397 per
856 2358 986 2389 intima-

214 2413 331 2443 tionem
353 2414 383 2442 et
409 2411 663 2451 inquisitionem,
688 2411 755 2440 slve
779 2411 986 2441 ratiocinatio-

214 2475 300 2503 nem,
316 2468 345 2495 et
360 2466 549 2500 discursum,
565 2473 629 2503 quo
643 2463 715 2502 quis
729 2464 816 2493 venit
831 2463 863 2493 in
880 2464 986 2502 cogni-

217 2519 332 2548 tionem
361 2518 405 2548 rei
430 2517 599 2556 incognitae
624 2527 630 2546 2
655 2519 683 2545 et
713 2516 781 2546 talis
807 2517 986 2547 volubilitas

218 2581 280 2601 non
303 2575 348 2601 est
367 2572 399 2602 in
420 2572 527 2602 beatis.
547 2571 598 2601 list
612 2571 705 2601 etiarn
729 2570 790 2600 alia
806 2570 986 2600 volubilitas

251 2634 257 2649 ¹
274 2634 358 2663 Arist„
375 2634 498 2664 1“ο]1.,1111.
516 2633 545 2663 11,
561 2641 583 2656 c.
603 2638 635 2662 ιν,
652 2632 676 2655 in
692 2632 757 2656 decl.
774 2632 821 2655 loci
838 2633 875 2655 33.

724 161 1033 194 SENTENTIARUM
1057 161 1130 193 Llss.
1154 163 1205 193 111.

1022 238 1077 268 per
1100 229 1268 260 transitum
1292 231 1549 262 considerationis
1571 231 1667 262 unius
1687 232 1732 262 rei
1756 232 1790 264 in

1022 283 1303 314 considerationem
1325 284 1476 315 alterius:
1498 287 1528 315 et
1550 284 1620 315 talis
1643 285 1791 317 volubili-

1022 337 1068 365 tas
1094 345 1158 366 non
1179 337 1321 367 aufertur
1344 347 1362 367 a
1384 337 1494 368 beatis.
1519 339 1689 378 Augustini
1714 348 1791 378 ergo

1022 389 1191 419 auctoritas
1206 390 1394 429 intelligitur
1409 390 1447 421 de
1464 391 1568 430 prima
1583 391 1790 430 volubilitate,

1022 451 1085 472 non
1101 442 1139 472 de
1154 443 1290 473 secunda
1310 453 1315 473 z
1333 445 1363 473 et
1378 443 1448 474 ideo
1463 443 1516 474 tali
1531 445 1714 475 auctoritate
1729 454 1792 475 non

1023 497 1123 535 potest
1143 495 1297 533 concludi,
1325 497 1409 536 quod
1434 496 1540 527 anima
1562 497 1672 535 beata,
1700 498 1791 537 quid-

1023 548 1099 588 quid
1113 549 1275 587 cognoscit
1288 549 1321 579 in
1338 549 1461 588 habitu,
1476 551 1646 588 cognoscat
1661 550 1694 580 in
1709 552 1791 582 actu.

1065 605 1093 631 τὶ.
1110 601 1157 631 Ad
1173 602 1250 632 illud
1266 602 1349 641 quod
1363 603 1521 642 objicitur,
1534 603 1617 642 quod
1632 603 1734 642 gloria
1750 605 1795 634 est

1025 654 1151 684 habitus
1166 655 1197 684 in
1213 658 1296 693 actu,
1315 656 1483 686 dicendum
1498 656 1582 696 quod
1596 665 1709 687 verum
1727 658 1793 694 est,

1025 708 1078 738 sed
1094 717 1133 737 ex
1148 708 1208 737 hoc
1222 717 1285 739 non
1303 709 1457 748 sequitur,
1475 710 1558 749 quod
1574 709 1678 739 omnis
1691 709 1797 749 cogni-

1026 761 1085 799 tio,
1103 770 1175 800 (1οω
1190 764 1236 792 est
1251 761 1283 791 in
1299 762 1414 801 gloria,
1440 762 1478 792 sit
1492 763 1525 792 in
1539 765 1611 793 actu
1628 762 1794 801 continuo,

1027 814 1080 844 sed
1097 815 1135 845 de
1150 815 1203 845 illa
1218 815 1319 845 solum
1330 839 1337 853 ,
1354 824 1427 855 quae
1442 818 1487 846 est
1511 816 1548 846 de
1569 816 1702 846 essentia
1724 815 1796 854 glo-

1028 867 1082 897 riae
1106 879 1111 897 :
1140 870 1171 898 01
1194 869 1346 907 qnoniam
1379 869 1480 899 multa
1503 869 1664 908 cognoscit
1691 869 1798 899 anima

1029 920 1140 951 Christi
1164 921 1196 950 in
1218 921 1334 958 Verbo,
1352 923 1382 951 et
1396 921 1465 951 aliae
1487 922 1619 960 animae,
1636 930 1709 961 quae.
1732 931 1798 952 non

1029 976 1104 1004 suut
1118 975 1156 1005 de
1175 974 1308 1004 essentia
1322 974 1432 1013 gloriae
1449 986 1454 1004 z
1479 975 1553 1004 hinc
1568 976 1613 1005 est
1635 975 1720 1014 quod
1734 983 1799 1005 non

1029 1029 1151 1067 oportet
1176 1028 1273 1067 ipsam
1302 1028 1409 1057 omnia
1429 1027 1626 1058 considerare
1650 1027 1682 1057 in
1706 1028 1797 1065 actu,

1029 1089 1102 1120 quae
1117 1081 1206 1111 novit
1221 1081 1255 1111 in
1269 1081 1390 1112 habitu.

1070 1136 1098 1164 3.
1124 1134 1169 1163 Ad
1186 1134 1262 1164 illud
1284 1134 1368 1173 quod
1388 1133 1550 1173 objicitur,
1570 1133 1653 1173 quod
1674 1133 1802 1164 habitus

1031 1187 1063 1216 in
1086 1189 1158 1217 actu
1173 1189 1219 1217 051
1239 1187 1420 1227 perfectior,
1437 1196 1533 1226 quam
1548 1187 1674 1217 habitus
1688 1188 1802 1226 praeter

1031 1241 1154 1276 actum,
1178 1240 1346 1270 dicendum
1369 1240 1453 1279 quod
1476 1248 1590 1271 verum
1609 1241 1655 1270 est
1676 1239 1802 1278 quando

1032 1294 1078 1322 est
1092 1293 1125 1322 in
1140 1294 1212 1323 actu
1230 1292 1441 1330 nobilissimo,
1457 1293 1510 1331 qui
1527 1292 1659 1323 debetur
1673 1292 1733 1332 ipsi
1747 1293 1802 1323 ha-

1031 1343 1109 1373 bitui
1135 1354 1141 1373 :
1160 1345 1249 1374 actus
1269 1346 1375 1374 autem
1395 1343 1609 1373 nobilissimus
1628 1343 1684 1382 qui
1705 1343 1803 1373 debe·

1033 1398 1086 1427 tur
1114 1397 1172 1436 ipsi
1196 1397 1327 1435 gloriae,
1353 1398 1399 1426 est
1432 1396 1563 1427 actualis
1597 1396 1805 1427 consideratio

1033 1450 1151 1479 summi
1161 1450 1239 1488 veri,
1255 1459 1318 1480 non
1334 1452 1439 1480 autem
1454 1449 1585 1480 actualis
1598 1449 1804 1480 consideratio

1035 1505 1264 1543 cuiuscumque
1288 1503 1355 1534 veri
1380 1503 1560 1541 causabilis,
1585 1503 1637 1533 vel
1661 1502 1802 1533 causati:

1036 1557 1104 1587 ideo
1115 1557 1153 1587 ad
1169 1557 1228 1587 hoc
1244 1557 1329 1597 quod
1346 1557 1454 1587 anima
1468 1556 1579 1587 Christi
1589 1556 1703 1586 habeat
1717 1555 1806 1586 habi-

1036 1612 1105 1640 tum
1115 1611 1305 1649 cognitionis
1318 1611 1504 1650 perfectum,
1517 1619 1581 1640 non
1592 1610 1714 1649 oportet
1721 1608 1806 1648 quod

1036 1663 1200 1693 actualiter
1214 1664 1390 1694 consideret
1404 1672 1497 1693 omne
1513 1671 1639 1700 verum,
1651 1662 1705 1693 sed
1719 1662 1806 1692 suffi-

1037 1716 1076 1746 cit
1094 1717 1176 1755 quod
1192 1719 1263 1747 actu
1280 1717 1456 1747 consideret
1470 1725 1584 1746 verum
1599 1724 1775 1746 summum.

1077 1772 1106 1799 [1.
1130 1770 1177 1800 Ad
1200 1769 1277 1800 illud
1298 1769 1382 1809 quod
1406 1769 1563 1808 objicitur,
1586 1769 1671 1808 quod
1697 1768 1807 1799 eadem

1038 1823 1217 1861 cognitione
1231 1832 1295 1862 qua
1305 1822 1467 1861 cognoscit
1479 1822 1630 1859 Verbum,
1646 1821 1808 1860 cognoscit

1038 1876 1098 1905 alia
1112 1886 1130 1905 a
1145 1875 1262 1914 Verbo,
1280 1878 1352 1913 ete„
1369 1876 1536 1906 dicendum
1552 1875 1636 1915 quod
1652 1875 1730 1906 illud
1751 1884 1806 1906 ve-

1039 1938 1111 1959 rum
1138 1930 1184 1959 est
1209 1929 1247 1959 de
1270 1929 1450 1968 cognitione
1477 1931 1633 1968 quantum
1659 1928 1698 1959 ad
1721 1928 1808 1960 habi-

1038 1983 1123 2020 tum;
1141 1982 1193 2012 sed
1208 1991 1270 2012 non
1287 1984 1332 2012 est
1346 1983 1561 2021 opportunum
1575 1982 1613 2012 de
1627 1982 1808 2020 cognitione

1039 2038 1195 2076 quantum
1211 2036 1249 2066 ad
1268 2038 1386 2066 actum.
1402 2035 1542 2066 Actualis
1561 2035 1645 2065 enim
1669 2035 1808 2074 cognitio

1039 2091 1069 2120 et
1089 2089 1293 2119 consideratio
1308 2087 1401 2119 Verbi
1425 2088 1534 2119 aeterni
1555 2090 1601 2118 est
1614 2088 1674 2128 ipsi
1697 2087 1808 2127 gloriae

1039 2142 1229 2180 essentialis,
1246 2151 1310 2172 non
1330 2142 1374 2171 sic
1393 2144 1501 2172 autem
1515 2141 1646 2172 actualis
1669 2140 1809 2180 cognitio

1039 2196 1174 2227 aliorum
1199 2205 1217 2225 a
1240 2194 1342 2226 Verbo
1365 2205 1373 2225 t
1390 2196 1421 2225 et
1442 2194 1510 2225 ideo
1532 2203 1596 2224 non
1614 2194 1653 2234 (a)
1670 2194 1806 2233 oportet,

1039 2249 1123 2290 quod
1148 2249 1192 2279 sic
1217 2249 1278 2278 alia
1301 2248 1475 2278 consideret
1491 2247 1528 2285 (b)
1554 2247 1734 2283 actualiter,
1760 2254 1808 2276 se-

1040 2302 1179 2333 cundum
1194 2302 1279 2342 quod
1293 2302 1456 2332 actualiter
1469 2300 1644 2331 considerat
1657 2299 1689 2339 (c)
1703 2299 1808 2339 ipsum

1038 2356 1193 2394 Verbum,
1219 2356 1273 2387 sed
1296 2355 1399 2385 solum
1420 2353 1622 2384 habitualiter
1647 2364 1654 2382 ε
1681 2352 1809 2382 habitus

1039 2410 1124 2441 enim
1146 2409 1197 2439 ille
1219 2408 1465 2439 es<entialiorem
1483 2407 1577 2438 habet
1599 2406 1808 2445 comparatio-

1040 2473 1114 2494 nem
1148 2464 1290 2502 respectu
1326 2460 1436 2498 Verbi,
1462 2459 1546 2499 quod
1571 2460 1617 2489 est
1643 2459 1807 2498 cognitum

1039 2516 1226 2557 principale,
1244 2523 1341 2554 quam
1356 2515 1499 2553 respectu
1513 2513 1649 2544 aliorum
1663 2513 1807 2552 cognito-

1074 2596 1105 2627 (a)
1123 2596 1182 2619 Cret.
1201 2595 1259 2618 edit.
1277 2602 1326 2618 non
1344 2594 1379 2617 sic
1399 2595 1507 2624 oportet.
1524 2606 1554 2611 —
1568 2593 1601 2623 (b)
1622 2594 1642 2617 si
1657 2593 1705 2616 alia
1720 2593 1805 2618 consi-

1041 2633 1120 2662 derat,
1136 2631 1162 2662 (c)
1180 2630 1331 2654 consideret.
