<?xml version="1.0" encoding="UTF-8"?>
<!DOCTYPE html PUBLIC "-//W3C//DTD XHTML 1.0 Transitional//EN"
    "http://www.w3.org/TR/xhtml1/DTD/xhtml1-transitional.dtd">
<html xmlns="http://www.w3.org/1999/xhtml" xml:lang="en" lang="en">
 <head>
  <title>
</title>
<meta http-equiv="Content-Type" content="text/html;charset=utf-8" />
  <meta name='ocr-system' content='tesseract 3.04.00' />
  <meta name='ocr-capabilities' content='ocr_page ocr_carea ocr_par ocr_line ocrx_word'/>
</head>
<body>
  <div class='ocr_page' id='page_1' title='image "./operaomniasixtiv04bonauoft/operaomniasixtiv04bonauoft_0207.png"; bbox 0 0 2017 2960; ppageno 0'>
   <div class='ocr_carea' id='block_1_1' title="bbox 30 376 136 398">
    <p class='ocr_par' dir='ltr' id='par_1_1' title="bbox 30 376 136 398">
     <span class='ocr_line' id='line_1_1' title="bbox 30 376 136 398; baseline 0 0"><span class='ocrx_word' id='word_1_1' title='bbox 30 376 136 398; x_wconf 72' lang='lat' dir='ltr'>Fundam.</span> 
     </span>
    </p>
   </div>
   <div class='ocr_carea' id='block_1_2' title="bbox 614 196 1299 236">
    <p class='ocr_par' dir='ltr' id='par_1_2' title="bbox 614 196 1299 236">
     <span class='ocr_line' id='line_1_2' title="bbox 614 196 1299 236; baseline 0.003 -8"><span class='ocrx_word' id='word_1_2' title='bbox 614 197 801 229; x_wconf 86' lang='lat' dir='ltr'>DISTINCT.</span> <span class='ocrx_word' id='word_1_3' title='bbox 825 196 907 228; x_wconf 80' lang='lat' dir='ltr'>VIII.</span> <span class='ocrx_word' id='word_1_4' title='bbox 930 196 1030 230; x_wconf 70' lang='grc' dir='ltr'><strong>ΛΒΤ.</strong></span> <span class='ocrx_word' id='word_1_5' title='bbox 1054 198 1077 229; x_wconf 90' lang='grc'>1.</span> <span class='ocrx_word' id='word_1_6' title='bbox 1101 197 1251 236; x_wconf 85' lang='lat' dir='ltr'>QUAEST.</span> <span class='ocrx_word' id='word_1_7' title='bbox 1278 199 1299 231; x_wconf 89' lang='lat' dir='ltr'>l.</span> 
     </span>
    </p>
   </div>
   <div class='ocr_carea' id='block_1_3' title="bbox 149 266 936 2066">
    <p class='ocr_par' dir='ltr' id='par_1_3' title="bbox 153 266 930 362">
     <span class='ocr_line' id='line_1_3' title="bbox 153 266 930 299; baseline -0.003 0"><span class='ocrx_word' id='word_1_8' title='bbox 153 267 284 299; x_wconf 90' lang='lat' dir='ltr'>concedi</span> <span class='ocrx_word' id='word_1_9' title='bbox 307 267 398 299; x_wconf 84' lang='lat' dir='ltr'>dehet</span> <span class='ocrx_word' id='word_1_10' title='bbox 413 266 556 298; x_wconf 89' lang='lat' dir='ltr'>divinam</span> <span class='ocrx_word' id='word_1_11' title='bbox 572 267 722 297; x_wconf 86' lang='lat' dir='ltr'>naturam</span> <span class='ocrx_word' id='word_1_12' title='bbox 737 275 804 297; x_wconf 89' lang='lat' dir='ltr'>esse</span> <span class='ocrx_word' id='word_1_13' title='bbox 821 268 930 297; x_wconf 86' lang='lat' dir='ltr'>natam</span> 
     </span>
     <span class='ocr_line' id='line_1_4' title="bbox 153 321 344 362; baseline -0.005 -9"><span class='ocrx_word' id='word_1_14' title='bbox 153 322 191 353; x_wconf 87' lang='lat' dir='ltr'>de</span> <span class='ocrx_word' id='word_1_15' title='bbox 201 321 344 362; x_wconf 82' lang='lat' dir='ltr'>Virgine.</span> 
     </span>
    </p>

    <p class='ocr_par' dir='ltr' id='par_1_4' title="bbox 150 373 931 622">
     <span class='ocr_line' id='line_1_5' title="bbox 193 373 928 414; baseline -0.001 -8"><span class='ocrx_word' id='word_1_16' title='bbox 193 375 251 406; x_wconf 92' lang='lat' dir='ltr'>Sed</span> <span class='ocrx_word' id='word_1_17' title='bbox 267 377 376 406; x_wconf 86' lang='lat' dir='ltr'>contra</span> <span class='ocrx_word' id='word_1_18' title='bbox 403 385 410 405; x_wconf 72' lang='grc' dir='ltr'>ε</span> <span class='ocrx_word' id='word_1_19' title='bbox 429 373 650 413; x_wconf 88' lang='lat' dir='ltr'>Damascenus,</span> <span class='ocrx_word' id='word_1_20' title='bbox 668 374 751 405; x_wconf 86' lang='lat' dir='ltr'>libro</span> <span class='ocrx_word' id='word_1_21' title='bbox 764 376 879 414; x_wconf 89' lang='lat' dir='ltr'>quarto</span> <span class='ocrx_word' id='word_1_22' title='bbox 893 375 901 391; x_wconf 97' lang='lat'>¹</span> <span class='ocrx_word' id='word_1_23' title='bbox 922 386 928 405; x_wconf 89' lang='lat'><strong>:</strong></span> 
     </span>
     <span class='ocr_line' id='line_1_6' title="bbox 157 428 929 469; baseline 0.001 -11"><span class='ocrx_word' id='word_1_24' title='bbox 157 442 171 458; x_wconf 71' lang='lat' dir='ltr'>a</span> <span class='ocrx_word' id='word_1_25' title='bbox 195 429 422 469; x_wconf 87' lang='lat' dir='ltr'>Cognoscimus</span> <span class='ocrx_word' id='word_1_26' title='bbox 444 429 529 468; x_wconf 86' lang='lat' dir='ltr'>quod</span> <span class='ocrx_word' id='word_1_27' title='bbox 544 428 629 459; x_wconf 85' lang='lat' dir='ltr'>nasci</span> <span class='ocrx_word' id='word_1_28' title='bbox 646 438 710 459; x_wconf 91' lang='lat' dir='ltr'>non</span> <span class='ocrx_word' id='word_1_29' title='bbox 733 431 779 459; x_wconf 89' lang='lat' dir='ltr'>est</span> <span class='ocrx_word' id='word_1_30' title='bbox 792 430 929 467; x_wconf 83' lang='lat' dir='ltr'>naturae,</span> 
     </span>
     <span class='ocr_line' id='line_1_7' title="bbox 151 481 931 523; baseline -0.004 -8"><span class='ocrx_word' id='word_1_31' title='bbox 151 484 204 515; x_wconf 90' lang='lat' dir='ltr'>sed</span> <span class='ocrx_word' id='word_1_32' title='bbox 232 483 422 523; x_wconf 81' lang='lat' dir='ltr'>hypostasis.</span> <span class='ocrx_word' id='word_1_33' title='bbox 459 494 473 510; x_wconf 73' lang='lat'>1&gt;</span> <span class='ocrx_word' id='word_1_34' title='bbox 509 482 593 521; x_wconf 87' lang='lat' dir='ltr'>Ergo</span> <span class='ocrx_word' id='word_1_35' title='bbox 618 482 704 513; x_wconf 85' lang='lat' dir='ltr'>nasci</span> <span class='ocrx_word' id='word_1_36' title='bbox 731 482 769 512; x_wconf 89' lang='lat' dir='ltr'>de</span> <span class='ocrx_word' id='word_1_37' title='bbox 798 481 931 521; x_wconf 81' lang='lat' dir='ltr'>Virgine</span> 
     </span>
     <span class='ocr_line' id='line_1_8' title="bbox 150 535 931 576; baseline -0.004 -8"><span class='ocrx_word' id='word_1_38' title='bbox 150 539 274 568; x_wconf 73' lang='lat' dir='ltr'>naturae</span> <span class='ocrx_word' id='word_1_39' title='bbox 311 546 376 567; x_wconf 90' lang='lat' dir='ltr'>non</span> <span class='ocrx_word' id='word_1_40' title='bbox 403 536 554 576; x_wconf 86' lang='lat' dir='ltr'>competit</span> <span class='ocrx_word' id='word_1_41' title='bbox 568 560 575 572; x_wconf 82' lang='lat'>,</span> <span class='ocrx_word' id='word_1_42' title='bbox 614 536 667 566; x_wconf 88' lang='lat' dir='ltr'>sed</span> <span class='ocrx_word' id='word_1_43' title='bbox 693 535 797 566; x_wconf 86' lang='lat' dir='ltr'>solum</span> <span class='ocrx_word' id='word_1_44' title='bbox 821 544 931 574; x_wconf 90' lang='lat' dir='ltr'>perso-</span> 
     </span>
     <span class='ocr_line' id='line_1_9' title="bbox 150 599 213 622; baseline -0.016 0"><span class='ocrx_word' id='word_1_45' title='bbox 150 599 213 622; x_wconf 83' lang='lat' dir='ltr'>nae.</span> 
     </span>
    </p>

    <p class='ocr_par' dir='ltr' id='par_1_5' title="bbox 149 643 932 949">
     <span class='ocr_line' id='line_1_10' title="bbox 192 643 928 683; baseline -0.004 -8"><span class='ocrx_word' id='word_1_46' title='bbox 192 644 269 675; x_wconf 87' lang='lat' dir='ltr'>ltem</span> <span class='ocrx_word' id='word_1_47' title='bbox 284 644 397 675; x_wconf 88' lang='lat' dir='ltr'>melior</span> <span class='ocrx_word' id='word_1_48' title='bbox 418 645 448 674; x_wconf 85' lang='lat' dir='ltr'>et</span> <span class='ocrx_word' id='word_1_49' title='bbox 460 643 546 683; x_wconf 91' lang='lat' dir='ltr'>prior</span> <span class='ocrx_word' id='word_1_50' title='bbox 561 645 608 673; x_wconf 89' lang='lat' dir='ltr'>est</span> <span class='ocrx_word' id='word_1_51' title='bbox 622 643 774 674; x_wconf 77' lang='lat' dir='ltr'>nativitas</span> <span class='ocrx_word' id='word_1_52' title='bbox 797 644 928 680; x_wconf 63' lang='lat' dir='ltr'>aeterna,</span> 
     </span>
     <span class='ocr_line' id='line_1_11' title="bbox 150 695 929 739; baseline -0.005 -10"><span class='ocrx_word' id='word_1_53' title='bbox 150 707 250 739; x_wconf 89' lang='lat' dir='ltr'>quam</span> <span class='ocrx_word' id='word_1_54' title='bbox 262 697 445 737; x_wconf 86' lang='lat' dir='ltr'>temporalis</span> <span class='ocrx_word' id='word_1_55' title='bbox 464 707 470 727; x_wconf 79' lang='lat' dir='ltr'><strong><em>z</em></strong></span> <span class='ocrx_word' id='word_1_56' title='bbox 484 696 535 727; x_wconf 88' lang='lat' dir='ltr'>sed</span> <span class='ocrx_word' id='word_1_57' title='bbox 548 696 658 726; x_wconf 88' lang='lat' dir='ltr'>divina</span> <span class='ocrx_word' id='word_1_58' title='bbox 673 697 789 726; x_wconf 88' lang='lat' dir='ltr'>natura</span> <span class='ocrx_word' id='word_1_59' title='bbox 803 704 867 725; x_wconf 93' lang='lat' dir='ltr'>non</span> <span class='ocrx_word' id='word_1_60' title='bbox 882 695 929 725; x_wconf 52' lang='lat' dir='ltr'>dia</span> 
     </span>
     <span class='ocr_line' id='line_1_12' title="bbox 151 748 929 789; baseline -0.004 -7"><span class='ocrx_word' id='word_1_61' title='bbox 151 751 233 782; x_wconf 89' lang='lat' dir='ltr'>citur</span> <span class='ocrx_word' id='word_1_62' title='bbox 248 759 315 781; x_wconf 89' lang='lat' dir='ltr'>esse</span> <span class='ocrx_word' id='word_1_63' title='bbox 330 752 404 780; x_wconf 88' lang='lat' dir='ltr'>nata</span> <span class='ocrx_word' id='word_1_64' title='bbox 426 751 555 789; x_wconf 89' lang='lat' dir='ltr'>propter</span> <span class='ocrx_word' id='word_1_65' title='bbox 580 748 652 779; x_wconf 86' lang='lat' dir='ltr'>Filii</span> <span class='ocrx_word' id='word_1_66' title='bbox 672 749 871 779; x_wconf 79' lang='lat' dir='ltr'>nativitatem</span> <span class='ocrx_word' id='word_1_67' title='bbox 882 758 929 779; x_wconf 84' lang='lat' dir='ltr'>ae-</span> 
     </span>
     <span class='ocr_line' id='line_1_13' title="bbox 150 802 931 842; baseline -0.004 -7"><span class='ocrx_word' id='word_1_68' title='bbox 150 806 285 841; x_wconf 83' lang='lat' dir='ltr'>ternam,</span> <span class='ocrx_word' id='word_1_69' title='bbox 297 804 333 833; x_wconf 92' lang='lat' dir='ltr'>ut</span> <span class='ocrx_word' id='word_1_70' title='bbox 347 802 379 832; x_wconf 90' lang='lat' dir='ltr'>in</span> <span class='ocrx_word' id='word_1_71' title='bbox 389 802 492 842; x_wconf 91' lang='lat' dir='ltr'>primo</span> <span class='ocrx_word' id='word_1_72' title='bbox 502 802 583 832; x_wconf 87' lang='lat' dir='ltr'>libro</span> <span class='ocrx_word' id='word_1_73' title='bbox 594 803 757 832; x_wconf 86' lang='lat' dir='ltr'>ostensum</span> <span class='ocrx_word' id='word_1_74' title='bbox 771 804 817 833; x_wconf 91' lang='lat' dir='ltr'>est</span> <span class='ocrx_word' id='word_1_75' title='bbox 829 813 835 833; x_wconf 90' lang='lat'>:</span> <span class='ocrx_word' id='word_1_76' title='bbox 852 811 931 842; x_wconf 89' lang='lat' dir='ltr'>ergo</span> 
     </span>
     <span class='ocr_line' id='line_1_14' title="bbox 150 855 932 896; baseline -0.003 -8"><span class='ocrx_word' id='word_1_77' title='bbox 150 857 253 888; x_wconf 91' lang='lat' dir='ltr'>multo</span> <span class='ocrx_word' id='word_1_78' title='bbox 279 857 385 887; x_wconf 87' lang='lat' dir='ltr'>minus</span> <span class='ocrx_word' id='word_1_79' title='bbox 414 865 479 886; x_wconf 93' lang='lat' dir='ltr'>non</span> <span class='ocrx_word' id='word_1_80' title='bbox 505 855 596 886; x_wconf 87' lang='lat' dir='ltr'>debet</span> <span class='ocrx_word' id='word_1_81' title='bbox 616 855 675 886; x_wconf 87' lang='lat' dir='ltr'>dici</span> <span class='ocrx_word' id='word_1_82' title='bbox 702 857 776 887; x_wconf 88' lang='lat' dir='ltr'>nata</span> <span class='ocrx_word' id='word_1_83' title='bbox 803 858 932 896; x_wconf 91' lang='lat' dir='ltr'>propter</span> 
     </span>
     <span class='ocr_line' id='line_1_15' title="bbox 149 908 578 949; baseline -0.005 -9"><span class='ocrx_word' id='word_1_84' title='bbox 149 909 357 949; x_wconf 78' lang='lat' dir='ltr'><strong>temporalem</strong></span> <span class='ocrx_word' id='word_1_85' title='bbox 367 908 578 939; x_wconf 79' lang='lat' dir='ltr'>nativitatem.</span> 
     </span>
    </p>

    <p class='ocr_par' dir='ltr' id='par_1_6' title="bbox 150 962 933 1210">
     <span class='ocr_line' id='line_1_16' title="bbox 189 962 933 1002; baseline -0.001 -8"><span class='ocrx_word' id='word_1_86' title='bbox 189 963 267 994; x_wconf 84' lang='lat' dir='ltr'><strong>Item</strong></span> <span class='ocrx_word' id='word_1_87' title='bbox 293 963 486 1002; x_wconf 84' lang='lat' dir='ltr'>cuicumque</span> <span class='ocrx_word' id='word_1_88' title='bbox 506 962 656 1002; x_wconf 82' lang='lat' dir='ltr'>competit</span> <span class='ocrx_word' id='word_1_89' title='bbox 668 962 766 999; x_wconf 86' lang='lat' dir='ltr'>nasci,</span> <span class='ocrx_word' id='word_1_90' title='bbox 782 962 933 1002; x_wconf 89' lang='lat' dir='ltr'>competit</span> 
     </span>
     <span class='ocr_line' id='line_1_17' title="bbox 150 1016 933 1056; baseline -0.001 -8"><span class='ocrx_word' id='word_1_91' title='bbox 150 1026 218 1048; x_wconf 88' lang='lat' dir='ltr'>esse</span> <span class='ocrx_word' id='word_1_92' title='bbox 232 1017 273 1048; x_wconf 90' lang='lat' dir='ltr'>ab</span> <span class='ocrx_word' id='word_1_93' title='bbox 283 1017 345 1048; x_wconf 89' lang='lat' dir='ltr'>alio</span> <span class='ocrx_word' id='word_1_94' title='bbox 361 1028 368 1048; x_wconf 80' lang='lat'>2</span> <span class='ocrx_word' id='word_1_95' title='bbox 388 1016 441 1047; x_wconf 87' lang='lat' dir='ltr'>sed</span> <span class='ocrx_word' id='word_1_96' title='bbox 453 1016 571 1047; x_wconf 76' lang='lat' dir='ltr'>divinae</span> <span class='ocrx_word' id='word_1_97' title='bbox 588 1018 714 1047; x_wconf 80' lang='lat' dir='ltr'>naturae</span> <span class='ocrx_word' id='word_1_98' title='bbox 726 1025 790 1047; x_wconf 93' lang='lat' dir='ltr'>non</span> <span class='ocrx_word' id='word_1_99' title='bbox 808 1025 933 1056; x_wconf 89' lang='lat' dir='ltr'>compe-</span> 
     </span>
     <span class='ocr_line' id='line_1_18' title="bbox 150 1070 933 1110; baseline -0.001 -8"><span class='ocrx_word' id='word_1_100' title='bbox 150 1072 187 1102; x_wconf 89' lang='lat' dir='ltr'>tit</span> <span class='ocrx_word' id='word_1_101' title='bbox 215 1081 282 1102; x_wconf 89' lang='lat' dir='ltr'>esse</span> <span class='ocrx_word' id='word_1_102' title='bbox 308 1071 348 1102; x_wconf 88' lang='lat' dir='ltr'>ab</span> <span class='ocrx_word' id='word_1_103' title='bbox 374 1071 436 1102; x_wconf 86' lang='lat' dir='ltr'>alio</span> <span class='ocrx_word' id='word_1_104' title='bbox 472 1082 478 1101; x_wconf 88' lang='lat'>:</span> <span class='ocrx_word' id='word_1_105' title='bbox 507 1079 586 1110; x_wconf 86' lang='lat' dir='ltr'>ergo</span> <span class='ocrx_word' id='word_1_106' title='bbox 610 1070 719 1101; x_wconf 88' lang='lat' dir='ltr'>divina</span> <span class='ocrx_word' id='word_1_107' title='bbox 740 1072 855 1101; x_wconf 86' lang='lat' dir='ltr'>natura</span> <span class='ocrx_word' id='word_1_108' title='bbox 875 1080 933 1102; x_wconf 85' lang='grc'><strong>1166</strong></span> 
     </span>
     <span class='ocr_line' id='line_1_19' title="bbox 151 1124 933 1164; baseline -0.004 -7"><span class='ocrx_word' id='word_1_109' title='bbox 151 1126 343 1157; x_wconf 82' lang='lat' dir='ltr'>aeternaliter</span> <span class='ocrx_word' id='word_1_110' title='bbox 356 1149 365 1164; x_wconf 86' lang='lat'>‚</span> <span class='ocrx_word' id='word_1_111' title='bbox 402 1134 460 1155; x_wconf 87' lang='lat' dir='ltr'>nec</span> <span class='ocrx_word' id='word_1_112' title='bbox 494 1124 710 1164; x_wconf 79' lang='lat' dir='ltr'><strong>temporaliter</strong></span> <span class='ocrx_word' id='word_1_113' title='bbox 742 1124 834 1155; x_wconf 84' lang='lat' dir='ltr'>debet</span> <span class='ocrx_word' id='word_1_114' title='bbox 872 1124 933 1155; x_wconf 87' lang='lat' dir='ltr'>dici</span> 
     </span>
     <span class='ocr_line' id='line_1_20' title="bbox 151 1181 238 1210; baseline 0 0"><span class='ocrx_word' id='word_1_115' title='bbox 151 1181 238 1210; x_wconf 84' lang='lat' dir='ltr'>nata.</span> 
     </span>
    </p>

    <p class='ocr_par' dir='ltr' id='par_1_7' title="bbox 151 1230 934 1431">
     <span class='ocr_line' id='line_1_21' title="bbox 192 1230 934 1271; baseline -0.004 -8"><span class='ocrx_word' id='word_1_116' title='bbox 192 1233 271 1264; x_wconf 88' lang='lat' dir='ltr'>Item</span> <span class='ocrx_word' id='word_1_117' title='bbox 297 1231 490 1271; x_wconf 87' lang='lat' dir='ltr'>cuicumque</span> <span class='ocrx_word' id='word_1_118' title='bbox 506 1230 659 1270; x_wconf 90' lang='lat' dir='ltr'>competit</span> <span class='ocrx_word' id='word_1_119' title='bbox 671 1231 768 1267; x_wconf 80' lang='lat' dir='ltr'>nasci,</span> <span class='ocrx_word' id='word_1_120' title='bbox 784 1230 934 1270; x_wconf 88' lang='lat' dir='ltr'>competit</span> 
     </span>
     <span class='ocr_line' id='line_1_22' title="bbox 151 1283 931 1323; baseline -0.003 -8"><span class='ocrx_word' id='word_1_121' title='bbox 151 1285 231 1316; x_wconf 87' lang='lat' dir='ltr'>ratio</span> <span class='ocrx_word' id='word_1_122' title='bbox 253 1284 415 1315; x_wconf 88' lang='lat' dir='ltr'>filiationis</span> <span class='ocrx_word' id='word_1_123' title='bbox 442 1295 449 1315; x_wconf 76' lang='grc' dir='ltr'>ε</span> <span class='ocrx_word' id='word_1_124' title='bbox 466 1293 545 1323; x_wconf 90' lang='lat' dir='ltr'>ergo</span> <span class='ocrx_word' id='word_1_125' title='bbox 559 1284 584 1314; x_wconf 91' lang='lat' dir='ltr'>si</span> <span class='ocrx_word' id='word_1_126' title='bbox 600 1284 710 1314; x_wconf 91' lang='lat' dir='ltr'>divina</span> <span class='ocrx_word' id='word_1_127' title='bbox 725 1285 840 1314; x_wconf 86' lang='lat' dir='ltr'>natura</span> <span class='ocrx_word' id='word_1_128' title='bbox 855 1283 931 1313; x_wconf 88' lang='lat' dir='ltr'>dici-</span> 
     </span>
     <span class='ocr_line' id='line_1_23' title="bbox 151 1337 933 1377; baseline -0.003 -8"><span class='ocrx_word' id='word_1_129' title='bbox 151 1341 205 1369; x_wconf 91' lang='lat' dir='ltr'>tur</span> <span class='ocrx_word' id='word_1_130' title='bbox 219 1347 287 1370; x_wconf 90' lang='lat' dir='ltr'>esse</span> <span class='ocrx_word' id='word_1_131' title='bbox 300 1340 375 1368; x_wconf 89' lang='lat' dir='ltr'>nata</span> <span class='ocrx_word' id='word_1_132' title='bbox 389 1337 427 1369; x_wconf 89' lang='lat' dir='ltr'>de</span> <span class='ocrx_word' id='word_1_133' title='bbox 442 1337 585 1377; x_wconf 85' lang='lat' dir='ltr'>Virgine,</span> <span class='ocrx_word' id='word_1_134' title='bbox 603 1337 712 1368; x_wconf 87' lang='lat' dir='ltr'>divina</span> <span class='ocrx_word' id='word_1_135' title='bbox 727 1339 843 1368; x_wconf 86' lang='lat' dir='ltr'>natura</span> <span class='ocrx_word' id='word_1_136' title='bbox 854 1337 933 1368; x_wconf 87' lang='lat' dir='ltr'>diei-</span> 
     </span>
     <span class='ocr_line' id='line_1_24' title="bbox 153 1391 449 1431; baseline -0.003 -9"><span class='ocrx_word' id='word_1_137' title='bbox 153 1394 206 1423; x_wconf 89' lang='lat' dir='ltr'>tur</span> <span class='ocrx_word' id='word_1_138' title='bbox 217 1392 285 1423; x_wconf 86' lang='lat' dir='ltr'>filia</span> <span class='ocrx_word' id='word_1_139' title='bbox 294 1391 449 1431; x_wconf 84' lang='lat' dir='ltr'>Virginis.</span> 
     </span>
    </p>

    <p class='ocr_par' dir='ltr' id='par_1_8' title="bbox 154 1445 935 1754">
     <span class='ocr_line' id='line_1_25' title="bbox 195 1445 934 1486; baseline 0 -9"><span class='ocrx_word' id='word_1_140' title='bbox 195 1446 274 1477; x_wconf 87' lang='lat' dir='ltr'><strong>Item</strong></span> <span class='ocrx_word' id='word_1_141' title='bbox 290 1446 370 1477; x_wconf 84' lang='lat' dir='ltr'>sicut</span> <span class='ocrx_word' id='word_1_142' title='bbox 394 1455 427 1476; x_wconf 91' lang='lat' dir='ltr'>se</span> <span class='ocrx_word' id='word_1_143' title='bbox 448 1445 568 1476; x_wconf 88' lang='lat' dir='ltr'>habent</span> <span class='ocrx_word' id='word_1_144' title='bbox 594 1445 802 1486; x_wconf 80' lang='lat' dir='ltr'>proprietates</span> <span class='ocrx_word' id='word_1_145' title='bbox 816 1446 934 1477; x_wconf 75' lang='lat' dir='ltr'>divinae</span> 
     </span>
     <span class='ocr_line' id='line_1_26' title="bbox 154 1499 934 1539; baseline 0 -8"><span class='ocrx_word' id='word_1_146' title='bbox 154 1502 278 1531; x_wconf 78' lang='lat' dir='ltr'>naturae</span> <span class='ocrx_word' id='word_1_147' title='bbox 303 1500 341 1531; x_wconf 88' lang='lat' dir='ltr'>ad</span> <span class='ocrx_word' id='word_1_148' title='bbox 366 1500 556 1537; x_wconf 81' lang='lat' dir='ltr'>humanam,</span> <span class='ocrx_word' id='word_1_149' title='bbox 574 1499 619 1530; x_wconf 91' lang='lat' dir='ltr'>sic</span> <span class='ocrx_word' id='word_1_150' title='bbox 642 1499 852 1539; x_wconf 84' lang='lat' dir='ltr'>proprietates</span> <span class='ocrx_word' id='word_1_151' title='bbox 869 1500 934 1531; x_wconf 93' lang='lat' dir='ltr'>hu-</span> 
     </span>
     <span class='ocr_line' id='line_1_27' title="bbox 154 1553 935 1593; baseline 0 -9"><span class='ocrx_word' id='word_1_152' title='bbox 154 1562 260 1584; x_wconf 83' lang='lat' dir='ltr'>manae</span> <span class='ocrx_word' id='word_1_153' title='bbox 275 1553 314 1584; x_wconf 91' lang='lat' dir='ltr'>ad</span> <span class='ocrx_word' id='word_1_154' title='bbox 329 1553 472 1583; x_wconf 87' lang='lat' dir='ltr'>divinam</span> <span class='ocrx_word' id='word_1_155' title='bbox 491 1564 498 1583; x_wconf 88' lang='lat'>:</span> <span class='ocrx_word' id='word_1_156' title='bbox 515 1553 569 1583; x_wconf 89' lang='lat' dir='ltr'>sed</span> <span class='ocrx_word' id='word_1_157' title='bbox 585 1553 654 1583; x_wconf 81' lang='lat' dir='ltr'>haec</span> <span class='ocrx_word' id='word_1_158' title='bbox 677 1554 724 1583; x_wconf 82' lang='lat' dir='ltr'>est</span> <span class='ocrx_word' id='word_1_159' title='bbox 749 1553 935 1593; x_wconf 84' lang='lat' dir='ltr'>simpliciter</span> 
     </span>
     <span class='ocr_line' id='line_1_28' title="bbox 154 1606 930 1638; baseline -0.003 -1"><span class='ocrx_word' id='word_1_160' title='bbox 154 1607 232 1638; x_wconf 83' lang='lat' dir='ltr'>falsa</span> <span class='ocrx_word' id='word_1_161' title='bbox 248 1618 254 1638; x_wconf 91' lang='lat'>:</span> <span class='ocrx_word' id='word_1_162' title='bbox 277 1618 291 1636; x_wconf 91' lang='lat'>«</span> <span class='ocrx_word' id='word_1_163' title='bbox 307 1607 495 1637; x_wconf 82' lang='lat' dir='ltr'>Humanitas</span> <span class='ocrx_word' id='word_1_164' title='bbox 509 1607 542 1637; x_wconf 87' lang='lat' dir='ltr'>in</span> <span class='ocrx_word' id='word_1_165' title='bbox 554 1606 676 1637; x_wconf 90' lang='lat' dir='ltr'>Christo</span> <span class='ocrx_word' id='word_1_166' title='bbox 692 1609 738 1637; x_wconf 89' lang='lat' dir='ltr'>est</span> <span class='ocrx_word' id='word_1_167' title='bbox 750 1609 871 1638; x_wconf 80' lang='lat' dir='ltr'>aeterna</span> <span class='ocrx_word' id='word_1_168' title='bbox 892 1618 898 1637; x_wconf 72' lang='grc' dir='ltr'>ε</span> <span class='ocrx_word' id='word_1_169' title='bbox 916 1619 930 1635; x_wconf 84' lang='grc'>»</span> 
     </span>
     <span class='ocr_line' id='line_1_29' title="bbox 155 1660 935 1699; baseline 0 -7"><span class='ocrx_word' id='word_1_170' title='bbox 155 1670 235 1699; x_wconf 88' lang='lat' dir='ltr'>ergo</span> <span class='ocrx_word' id='word_1_171' title='bbox 252 1663 282 1691; x_wconf 88' lang='lat' dir='ltr'>et</span> <span class='ocrx_word' id='word_1_172' title='bbox 295 1660 355 1691; x_wconf 85' lang='lat' dir='ltr'>ista</span> <span class='ocrx_word' id='word_1_173' title='bbox 372 1671 379 1691; x_wconf 77' lang='grc' dir='ltr'>ε</span> <span class='ocrx_word' id='word_1_174' title='bbox 409 1673 423 1689; x_wconf 84' lang='grc'>«</span> <span class='ocrx_word' id='word_1_175' title='bbox 444 1660 556 1691; x_wconf 83' lang='lat' dir='ltr'>Divina</span> <span class='ocrx_word' id='word_1_176' title='bbox 571 1663 686 1691; x_wconf 87' lang='lat' dir='ltr'>natura</span> <span class='ocrx_word' id='word_1_177' title='bbox 702 1661 735 1691; x_wconf 91' lang='lat' dir='ltr'>in</span> <span class='ocrx_word' id='word_1_178' title='bbox 751 1660 874 1692; x_wconf 85' lang='lat' dir='ltr'>Christo</span> <span class='ocrx_word' id='word_1_179' title='bbox 888 1664 935 1692; x_wconf 92' lang='lat' dir='ltr'>est</span> 
     </span>
     <span class='ocr_line' id='line_1_30' title="bbox 154 1713 463 1754; baseline -0.003 -10"><span class='ocrx_word' id='word_1_180' title='bbox 154 1714 192 1745; x_wconf 89' lang='lat' dir='ltr'>de</span> <span class='ocrx_word' id='word_1_181' title='bbox 204 1713 337 1754; x_wconf 86' lang='lat' dir='ltr'>Virgine</span> <span class='ocrx_word' id='word_1_182' title='bbox 351 1716 463 1745; x_wconf 81' lang='lat' dir='ltr'>nata.»</span> 
     </span>
    </p>

    <p class='ocr_par' dir='ltr' id='par_1_9' title="bbox 154 1763 936 2066">
     <span class='ocr_line' id='line_1_31' title="bbox 194 1763 935 1808; baseline 0 -10"><span class='ocrx_word' id='word_1_183' title='bbox 194 1767 273 1799; x_wconf 91' lang='lat' dir='ltr'>Item</span> <span class='ocrx_word' id='word_1_184' title='bbox 288 1768 372 1808; x_wconf 89' lang='lat' dir='ltr'>quod</span> <span class='ocrx_word' id='word_1_185' title='bbox 387 1768 530 1798; x_wconf 85' lang='lat' dir='ltr'>nascitur</span> <span class='ocrx_word' id='word_1_186' title='bbox 559 1763 599 1798; x_wconf 68' lang='lat' dir='ltr'>ex¹</span> <span class='ocrx_word' id='word_1_187' title='bbox 614 1767 733 1807; x_wconf 87' lang='lat' dir='ltr'>aliquo,</span> <span class='ocrx_word' id='word_1_188' title='bbox 759 1769 806 1798; x_wconf 87' lang='lat' dir='ltr'>est</span> <span class='ocrx_word' id='word_1_189' title='bbox 819 1770 935 1798; x_wconf 87' lang='lat' dir='ltr'>natura</span> 
     </span>
     <span class='ocr_line' id='line_1_32' title="bbox 154 1821 933 1862; baseline 0 -10"><span class='ocrx_word' id='word_1_190' title='bbox 154 1821 324 1853; x_wconf 90' lang='lat' dir='ltr'>conformis</span> <span class='ocrx_word' id='word_1_191' title='bbox 339 1831 412 1852; x_wconf 86' lang='lat' dir='ltr'>cum</span> <span class='ocrx_word' id='word_1_192' title='bbox 427 1831 476 1860; x_wconf 89' lang='lat' dir='ltr'>eo,</span> <span class='ocrx_word' id='word_1_193' title='bbox 499 1831 540 1852; x_wconf 84' lang='lat' dir='ltr'>ex</span> <span class='ocrx_word' id='word_1_194' title='bbox 553 1831 617 1862; x_wconf 86' lang='lat' dir='ltr'>quo</span> <span class='ocrx_word' id='word_1_195' title='bbox 633 1822 774 1852; x_wconf 87' lang='lat' dir='ltr'>nascitur</span> <span class='ocrx_word' id='word_1_196' title='bbox 789 1833 795 1852; x_wconf 88' lang='lat'>:</span> <span class='ocrx_word' id='word_1_197' title='bbox 814 1822 839 1852; x_wconf 89' lang='lat' dir='ltr'>si</span> <span class='ocrx_word' id='word_1_198' title='bbox 855 1831 933 1861; x_wconf 87' lang='lat' dir='ltr'>ergo</span> 
     </span>
     <span class='ocr_line' id='line_1_33' title="bbox 154 1874 935 1914; baseline -0.001 -8"><span class='ocrx_word' id='word_1_199' title='bbox 154 1875 264 1906; x_wconf 87' lang='lat' dir='ltr'>divina</span> <span class='ocrx_word' id='word_1_200' title='bbox 278 1877 394 1906; x_wconf 86' lang='lat' dir='ltr'>natura</span> <span class='ocrx_word' id='word_1_201' title='bbox 414 1878 489 1906; x_wconf 87' lang='lat' dir='ltr'>nata</span> <span class='ocrx_word' id='word_1_202' title='bbox 510 1877 556 1906; x_wconf 88' lang='lat' dir='ltr'>est</span> <span class='ocrx_word' id='word_1_203' title='bbox 576 1875 614 1906; x_wconf 91' lang='lat' dir='ltr'>de</span> <span class='ocrx_word' id='word_1_204' title='bbox 638 1874 782 1914; x_wconf 88' lang='lat' dir='ltr'>Virgine,</span> <span class='ocrx_word' id='word_1_205' title='bbox 808 1875 935 1906; x_wconf 81' lang='lat' dir='ltr'>videtur</span> 
     </span>
     <span class='ocr_line' id='line_1_34' title="bbox 154 1927 936 1968; baseline -0.001 -9"><span class='ocrx_word' id='word_1_206' title='bbox 154 1928 240 1968; x_wconf 90' lang='lat' dir='ltr'>quod</span> <span class='ocrx_word' id='word_1_207' title='bbox 259 1928 368 1960; x_wconf 84' lang='lat' dir='ltr'>divina</span> <span class='ocrx_word' id='word_1_208' title='bbox 397 1930 524 1966; x_wconf 80' lang='lat' dir='ltr'>natura,</span> <span class='ocrx_word' id='word_1_209' title='bbox 550 1930 580 1959; x_wconf 90' lang='lat' dir='ltr'>et</span> <span class='ocrx_word' id='word_1_210' title='bbox 610 1927 709 1967; x_wconf 86' lang='lat' dir='ltr'>Virgo</span> <span class='ocrx_word' id='word_1_211' title='bbox 736 1927 846 1966; x_wconf 87' lang='lat' dir='ltr'>Maria,</span> <span class='ocrx_word' id='word_1_212' title='bbox 872 1928 936 1959; x_wconf 87' lang='lat' dir='ltr'>sint</span> 
     </span>
     <span class='ocr_line' id='line_1_35' title="bbox 155 1982 933 2023; baseline 0 -10"><span class='ocrx_word' id='word_1_213' title='bbox 155 1982 299 2022; x_wconf 91' lang='lat' dir='ltr'>ejusdem</span> <span class='ocrx_word' id='word_1_214' title='bbox 318 1984 443 2013; x_wconf 73' lang='lat' dir='ltr'>naturae</span> <span class='ocrx_word' id='word_1_215' title='bbox 460 1993 466 2013; x_wconf 75' lang='grc' dir='ltr'>ε</span> <span class='ocrx_word' id='word_1_216' title='bbox 485 1982 571 2022; x_wconf 91' lang='lat' dir='ltr'>quod</span> <span class='ocrx_word' id='word_1_217' title='bbox 585 1984 632 2013; x_wconf 87' lang='lat' dir='ltr'>est</span> <span class='ocrx_word' id='word_1_218' title='bbox 646 1982 764 2013; x_wconf 82' lang='lat' dir='ltr'>falsum</span> <span class='ocrx_word' id='word_1_219' title='bbox 773 1984 803 2013; x_wconf 93' lang='lat' dir='ltr'>et</span> <span class='ocrx_word' id='word_1_220' title='bbox 813 1982 933 2023; x_wconf 87' lang='lat' dir='ltr'>impos-</span> 
     </span>
     <span class='ocr_line' id='line_1_36' title="bbox 156 2029 931 2066; baseline 0 -1"><span class='ocrx_word' id='word_1_221' title='bbox 156 2034 257 2066; x_wconf 85' lang='lat' dir='ltr'>sibile.</span> <span class='ocrx_word' id='word_1_222' title='bbox 926 2029 931 2036; x_wconf 89' lang='grc'><em>“</em></span> 
     </span>
    </p>
   </div>
   <div class='ocr_carea' id='block_1_4' title="bbox 431 2112 660 2145">
    <p class='ocr_par' dir='ltr' id='par_1_10' title="bbox 431 2112 660 2145">
     <span class='ocr_line' id='line_1_37' title="bbox 431 2112 660 2145; baseline 0 -1"><span class='ocrx_word' id='word_1_223' title='bbox 431 2112 660 2145; x_wconf 84' lang='lat' dir='ltr'>CONCLUSIO.</span> 
     </span>
    </p>
   </div>
   <div class='ocr_carea' id='block_1_5' title="bbox 155 2192 935 2318">
    <p class='ocr_par' dir='ltr' id='par_1_11' title="bbox 155 2192 935 2318">
     <span class='ocr_line' id='line_1_38' title="bbox 155 2192 935 2227; baseline 0 -8"><span class='ocrx_word' id='word_1_224' title='bbox 155 2192 285 2219; x_wconf 77' lang='lat' dir='ltr'>Divinam</span> <span class='ocrx_word' id='word_1_225' title='bbox 295 2193 424 2219; x_wconf 78' lang='lat' dir='ltr'>naturam</span> <span class='ocrx_word' id='word_1_226' title='bbox 438 2200 490 2220; x_wconf 84' lang='lat' dir='ltr'>esse</span> <span class='ocrx_word' id='word_1_227' title='bbox 504 2194 599 2219; x_wconf 80' lang='lat' dir='ltr'>natam</span> <span class='ocrx_word' id='word_1_228' title='bbox 616 2192 648 2220; x_wconf 79' lang='lat' dir='ltr'>de</span> <span class='ocrx_word' id='word_1_229' title='bbox 665 2193 780 2227; x_wconf 64' lang='lat' dir='ltr'>Virgine</span> <span class='ocrx_word' id='word_1_230' title='bbox 795 2200 849 2219; x_wconf 82' lang='lat' dir='ltr'>non</span> <span class='ocrx_word' id='word_1_231' title='bbox 859 2193 935 2220; x_wconf 72' lang='lat' dir='ltr'>debet</span> 
     </span>
     <span class='ocr_line' id='line_1_39' title="bbox 191 2237 935 2273; baseline 0.001 -9"><span class='ocrx_word' id='word_1_232' title='bbox 191 2237 311 2269; x_wconf 72' lang='lat' dir='ltr'>admitti,</span> <span class='ocrx_word' id='word_1_233' title='bbox 320 2239 539 2271; x_wconf 75' lang='lat' dir='ltr'>neconfusionem</span> <span class='ocrx_word' id='word_1_234' title='bbox 543 2239 745 2273; x_wconf 76' lang='lat' dir='ltr'>proprietatum</span> <span class='ocrx_word' id='word_1_235' title='bbox 750 2239 935 2273; x_wconf 72' lang='lat' dir='ltr'>personalium</span> 
     </span>
     <span class='ocr_line' id='line_1_40' title="bbox 191 2283 576 2318; baseline 0 -9"><span class='ocrx_word' id='word_1_236' title='bbox 191 2284 216 2309; x_wconf 80' lang='lat' dir='ltr'>et</span> <span class='ocrx_word' id='word_1_237' title='bbox 235 2283 418 2310; x_wconf 80' lang='lat' dir='ltr'>essentialium</span> <span class='ocrx_word' id='word_1_238' title='bbox 433 2290 576 2318; x_wconf 80' lang='lat' dir='ltr'>ponamus.</span> 
     </span>
    </p>
   </div>
   <div class='ocr_carea' id='block_1_6' title="bbox 156 2362 936 2620">
    <p class='ocr_par' dir='ltr' id='par_1_12' title="bbox 156 2362 936 2620">
     <span class='ocr_line' id='line_1_41' title="bbox 196 2362 936 2404; baseline 0.003 -11"><span class='ocrx_word' id='word_1_239' title='bbox 196 2362 287 2403; x_wconf 88' lang='lat' dir='ltr'>Resp.</span> <span class='ocrx_word' id='word_1_240' title='bbox 302 2363 341 2394; x_wconf 87' lang='lat' dir='ltr'>ad</span> <span class='ocrx_word' id='word_1_241' title='bbox 356 2372 425 2403; x_wconf 88' lang='lat' dir='ltr'>arg.</span> <span class='ocrx_word' id='word_1_242' title='bbox 448 2363 621 2394; x_wconf 86' lang='lat' dir='ltr'>Dicendum</span> <span class='ocrx_word' id='word_1_243' title='bbox 643 2364 748 2404; x_wconf 88' lang='lat' dir='ltr'>quod,</span> <span class='ocrx_word' id='word_1_244' title='bbox 764 2364 846 2396; x_wconf 87' lang='lat' dir='ltr'>sicut</span> <span class='ocrx_word' id='word_1_245' title='bbox 861 2364 936 2395; x_wconf 88' lang='lat' dir='ltr'>dicit</span> 
     </span>
     <span class='ocr_line' id='line_1_42' title="bbox 157 2416 934 2459; baseline 0.004 -12"><span class='ocrx_word' id='word_1_246' title='bbox 157 2416 306 2456; x_wconf 85' lang='lat' dir='ltr'>Magister</span> <span class='ocrx_word' id='word_1_247' title='bbox 321 2417 356 2448; x_wconf 92' lang='lat' dir='ltr'>in</span> <span class='ocrx_word' id='word_1_248' title='bbox 370 2417 486 2454; x_wconf 85' lang='lat' dir='ltr'>littera,</span> <span class='ocrx_word' id='word_1_249' title='bbox 512 2417 581 2449; x_wconf 84' lang='lat' dir='ltr'>haec</span> <span class='ocrx_word' id='word_1_250' title='bbox 593 2427 658 2448; x_wconf 92' lang='lat' dir='ltr'>non</span> <span class='ocrx_word' id='word_1_251' title='bbox 670 2419 824 2459; x_wconf 88' lang='lat' dir='ltr'>recipitur</span> <span class='ocrx_word' id='word_1_252' title='bbox 833 2443 840 2456; x_wconf 90' lang='lat'>,</span> <span class='ocrx_word' id='word_1_253' title='bbox 857 2421 934 2450; x_wconf 89' lang='lat' dir='ltr'>tam-</span> 
     </span>
     <span class='ocr_line' id='line_1_43' title="bbox 157 2471 935 2511; baseline 0.004 -11"><span class='ocrx_word' id='word_1_254' title='bbox 157 2479 253 2509; x_wconf 88' lang='lat' dir='ltr'>quam</span> <span class='ocrx_word' id='word_1_255' title='bbox 280 2471 455 2511; x_wconf 85' lang='lat' dir='ltr'>impropria</span> <span class='ocrx_word' id='word_1_256' title='bbox 470 2481 480 2500; x_wconf 92' lang='lat'>.·</span> <span class='ocrx_word' id='word_1_257' title='bbox 504 2483 518 2500; x_wconf 75' lang='grc'>(1</span> <span class='ocrx_word' id='word_1_258' title='bbox 544 2471 659 2503; x_wconf 90' lang='lat' dir='ltr'>Divina</span> <span class='ocrx_word' id='word_1_259' title='bbox 687 2474 801 2503; x_wconf 85' lang='lat' dir='ltr'>natura</span> <span class='ocrx_word' id='word_1_260' title='bbox 825 2475 871 2503; x_wconf 88' lang='lat' dir='ltr'>est</span> <span class='ocrx_word' id='word_1_261' title='bbox 897 2473 935 2504; x_wconf 90' lang='lat' dir='ltr'>de</span> 
     </span>
     <span class='ocr_line' id='line_1_44' title="bbox 156 2521 936 2566; baseline 0.006 -13"><span class='ocrx_word' id='word_1_262' title='bbox 156 2521 288 2562; x_wconf 89' lang='lat' dir='ltr'>Virgine</span> <span class='ocrx_word' id='word_1_263' title='bbox 308 2527 394 2556; x_wconf 87' lang='lat' dir='ltr'>nata.</span> <span class='ocrx_word' id='word_1_264' title='bbox 411 2536 425 2553; x_wconf 76' lang='lat' dir='ltr'>n</span> <span class='ocrx_word' id='word_1_265' title='bbox 445 2524 483 2556; x_wconf 90' lang='lat' dir='ltr'>Et</span> <span class='ocrx_word' id='word_1_266' title='bbox 499 2525 559 2556; x_wconf 88' lang='lat' dir='ltr'>hoc</span> <span class='ocrx_word' id='word_1_267' title='bbox 573 2528 700 2566; x_wconf 89' lang='lat' dir='ltr'>propter</span> <span class='ocrx_word' id='word_1_268' title='bbox 715 2526 791 2565; x_wconf 88' lang='lat' dir='ltr'>duo,</span> <span class='ocrx_word' id='word_1_269' title='bbox 817 2526 936 2558; x_wconf 87' lang='lat' dir='ltr'>scilicet</span> 
     </span>
     <span class='ocr_line' id='line_1_45' title="bbox 158 2577 935 2620; baseline 0.006 -13"><span class='ocrx_word' id='word_1_270' title='bbox 158 2578 286 2617; x_wconf 88' lang='lat' dir='ltr'>propter</span> <span class='ocrx_word' id='word_1_271' title='bbox 297 2577 458 2610; x_wconf 86' lang='lat' dir='ltr'>vitandam</span> <span class='ocrx_word' id='word_1_272' title='bbox 469 2579 689 2611; x_wconf 83' lang='lat' dir='ltr'>confusionem</span> <span class='ocrx_word' id='word_1_273' title='bbox 705 2580 935 2620; x_wconf 79' lang='lat' dir='ltr'>proprietatum</span> 
     </span>
    </p>
   </div>
   <div class='ocr_carea' id='block_1_7' title="bbox 159 2652 933 2726">
    <p class='ocr_par' dir='ltr' id='par_1_13' title="bbox 159 2652 933 2726">
     <span class='ocr_line' id='line_1_46' title="bbox 189 2652 933 2692; baseline 0.008 -11"><span class='ocrx_word' id='word_1_274' title='bbox 189 2658 197 2674; x_wconf 82' lang='lat'><strong>¹</strong></span> <span class='ocrx_word' id='word_1_275' title='bbox 211 2652 337 2688; x_wconf 63' lang='lat' dir='ltr'>Damaso„</span> <span class='ocrx_word' id='word_1_276' title='bbox 353 2658 383 2682; x_wconf 78' lang='lat' dir='ltr'>de</span> <span class='ocrx_word' id='word_1_277' title='bbox 399 2659 470 2684; x_wconf 75' lang='lat' dir='ltr'>Orth.</span> <span class='ocrx_word' id='word_1_278' title='bbox 489 2660 555 2691; x_wconf 76' lang='lat' dir='ltr'>fide,</span> <span class='ocrx_word' id='word_1_279' title='bbox 585 2660 630 2685; x_wconf 88' lang='lat' dir='ltr'>lib.</span> <span class='ocrx_word' id='word_1_280' title='bbox 647 2661 691 2692; x_wconf 90' lang='lat' dir='ltr'>IV,</span> <span class='ocrx_word' id='word_1_281' title='bbox 707 2668 728 2686; x_wconf 81' lang='lat' dir='ltr'>c.</span> <span class='ocrx_word' id='word_1_282' title='bbox 750 2667 836 2686; x_wconf 74' lang='lat' dir='ltr'>V11.—</span> <span class='ocrx_word' id='word_1_283' title='bbox 848 2662 858 2679; x_wconf 73' lang='lat'><strong>⁹</strong></span> <span class='ocrx_word' id='word_1_284' title='bbox 871 2662 933 2688; x_wconf 78' lang='lat' dir='ltr'>Dist.</span> 
     </span>
     <span class='ocr_line' id='line_1_47' title="bbox 159 2694 499 2726; baseline 0.006 -8"><span class='ocrx_word' id='word_1_285' title='bbox 159 2699 206 2724; x_wconf 82' lang='lat' dir='ltr'>vu,</span> <span class='ocrx_word' id='word_1_286' title='bbox 224 2701 249 2725; x_wconf 82' lang='lat' dir='ltr'>q.</span> <span class='ocrx_word' id='word_1_287' title='bbox 265 2699 294 2725; x_wconf 83' lang='lat'>11,</span> <span class='ocrx_word' id='word_1_288' title='bbox 308 2694 335 2718; x_wconf 88' lang='lat' dir='ltr'>in</span> <span class='ocrx_word' id='word_1_289' title='bbox 349 2701 416 2726; x_wconf 84' lang='lat' dir='ltr'>resp.</span> <span class='ocrx_word' id='word_1_290' title='bbox 430 2695 462 2720; x_wconf 81' lang='lat' dir='ltr'>ad</span> <span class='ocrx_word' id='word_1_291' title='bbox 479 2698 499 2720; x_wconf 83' lang='lat'>1.</span> 
     </span>
    </p>
   </div>
   <div class='ocr_carea' id='block_1_8' title="bbox 1710 199 1768 228">
    <p class='ocr_par' dir='ltr' id='par_1_14' title="bbox 1710 199 1768 228">
     <span class='ocr_line' id='line_1_48' title="bbox 1710 199 1768 228; baseline 0 0"><span class='ocrx_word' id='word_1_292' title='bbox 1710 199 1768 228; x_wconf 84' lang='lat'>185</span> 
     </span>
    </p>
   </div>
   <div class='ocr_carea' id='block_1_9' title="bbox 987 266 1772 2730">
    <p class='ocr_par' dir='ltr' id='par_1_15' title="bbox 987 266 1772 1700">
     <span class='ocr_line' id='line_1_49' title="bbox 989 266 1766 307; baseline 0.001 -9"><span class='ocrx_word' id='word_1_293' title='bbox 989 267 1216 307; x_wconf 85' lang='lat' dir='ltr'>personalium,</span> <span class='ocrx_word' id='word_1_294' title='bbox 1239 269 1269 298; x_wconf 90' lang='lat' dir='ltr'>et</span> <span class='ocrx_word' id='word_1_295' title='bbox 1298 266 1530 307; x_wconf 86' lang='lat' dir='ltr'>proprietatum</span> <span class='ocrx_word' id='word_1_296' title='bbox 1556 268 1766 305; x_wconf 86' lang='lat' dir='ltr'>naturalium,</span> 
     </span>
     <span class='ocr_line' id='line_1_50' title="bbox 988 321 1770 361; baseline 0.001 -9"><span class='ocrx_word' id='word_1_297' title='bbox 988 321 1055 352; x_wconf 89' lang='lat' dir='ltr'>sive</span> <span class='ocrx_word' id='word_1_298' title='bbox 1070 321 1285 352; x_wconf 88' lang='lat' dir='ltr'>essentialium</span> <span class='ocrx_word' id='word_1_299' title='bbox 1300 331 1307 352; x_wconf 94' lang='lat'><strong>:</strong></span> <span class='ocrx_word' id='word_1_300' title='bbox 1325 330 1398 361; x_wconf 81' lang='lat' dir='ltr'>quae</span> <span class='ocrx_word' id='word_1_301' title='bbox 1413 321 1478 351; x_wconf 89' lang='lat' dir='ltr'>duo</span> <span class='ocrx_word' id='word_1_302' title='bbox 1507 321 1669 361; x_wconf 83' lang='lat' dir='ltr'>praecipue</span> <span class='ocrx_word' id='word_1_303' title='bbox 1695 325 1770 353; x_wconf 92' lang='lat' dir='ltr'>sunt</span> 
     </span>
     <span class='ocr_line' id='line_1_51' title="bbox 989 375 1770 414; baseline 0 -9"><span class='ocrx_word' id='word_1_304' title='bbox 989 376 1187 407; x_wconf 88' lang='lat' dir='ltr'>observanda</span> <span class='ocrx_word' id='word_1_305' title='bbox 1210 376 1293 406; x_wconf 87' lang='lat' dir='ltr'>circa</span> <span class='ocrx_word' id='word_1_306' title='bbox 1316 384 1500 406; x_wconf 87' lang='lat' dir='ltr'>sermonem</span> <span class='ocrx_word' id='word_1_307' title='bbox 1516 375 1723 414; x_wconf 83' lang='lat' dir='ltr'>catholicum,</span> <span class='ocrx_word' id='word_1_308' title='bbox 1739 378 1770 406; x_wconf 88' lang='lat' dir='ltr'>et</span> 
     </span>
     <span class='ocr_line' id='line_1_52' title="bbox 990 429 1771 470; baseline 0 -10"><span class='ocrx_word' id='word_1_309' title='bbox 990 429 1131 460; x_wconf 88' lang='lat' dir='ltr'>veritatis</span> <span class='ocrx_word' id='word_1_310' title='bbox 1145 430 1217 461; x_wconf 80' lang='lat' dir='ltr'>fidei</span> <span class='ocrx_word' id='word_1_311' title='bbox 1232 429 1465 470; x_wconf 76' lang='lat' dir='ltr'>expressivum.</span> <span class='ocrx_word' id='word_1_312' title='bbox 1487 429 1556 460; x_wconf 94' lang='lat' dir='ltr'>Non</span> <span class='ocrx_word' id='word_1_313' title='bbox 1567 439 1645 469; x_wconf 75' lang='lat' dir='ltr'>ergo</span> <span class='ocrx_word' id='word_1_314' title='bbox 1661 430 1771 470; x_wconf 88' lang='lat' dir='ltr'>recipi-</span> 
     </span>
     <span class='ocr_line' id='line_1_53' title="bbox 989 485 1768 525; baseline 0.001 -10"><span class='ocrx_word' id='word_1_315' title='bbox 989 487 1053 523; x_wconf 90' lang='lat' dir='ltr'>tur,</span> <span class='ocrx_word' id='word_1_316' title='bbox 1079 486 1163 524; x_wconf 89' lang='lat' dir='ltr'>quod</span> <span class='ocrx_word' id='word_1_317' title='bbox 1177 485 1287 516; x_wconf 89' lang='lat' dir='ltr'>divina</span> <span class='ocrx_word' id='word_1_318' title='bbox 1298 487 1413 516; x_wconf 85' lang='lat' dir='ltr'>natura</span> <span class='ocrx_word' id='word_1_319' title='bbox 1427 485 1467 516; x_wconf 91' lang='lat' dir='ltr'>sit</span> <span class='ocrx_word' id='word_1_320' title='bbox 1483 488 1558 516; x_wconf 83' lang='lat' dir='ltr'>nata</span> <span class='ocrx_word' id='word_1_321' title='bbox 1571 485 1609 515; x_wconf 88' lang='lat' dir='ltr'>de</span> <span class='ocrx_word' id='word_1_322' title='bbox 1626 485 1768 525; x_wconf 90' lang='lat' dir='ltr'>Virgine,</span> 
     </span>
     <span class='ocr_line' id='line_1_54' title="bbox 989 539 1770 580; baseline 0.001 -11"><span class='ocrx_word' id='word_1_323' title='bbox 989 541 1156 579; x_wconf 85' lang='lat' dir='ltr'>propterea</span> <span class='ocrx_word' id='word_1_324' title='bbox 1173 539 1257 578; x_wconf 86' lang='lat' dir='ltr'>quod</span> <span class='ocrx_word' id='word_1_325' title='bbox 1274 539 1371 570; x_wconf 86' lang='lat' dir='ltr'>etiam</span> <span class='ocrx_word' id='word_1_326' title='bbox 1398 549 1463 570; x_wconf 92' lang='lat' dir='ltr'>non</span> <span class='ocrx_word' id='word_1_327' title='bbox 1478 540 1672 577; x_wconf 86' lang='lat' dir='ltr'>conceditur,</span> <span class='ocrx_word' id='word_1_328' title='bbox 1685 539 1770 580; x_wconf 85' lang='lat' dir='ltr'>quod</span> 
     </span>
     <span class='ocr_line' id='line_1_55' title="bbox 988 592 1771 633; baseline 0.003 -11"><span class='ocrx_word' id='word_1_329' title='bbox 988 593 1028 623; x_wconf 89' lang='lat' dir='ltr'>sit</span> <span class='ocrx_word' id='word_1_330' title='bbox 1042 594 1115 623; x_wconf 87' lang='lat' dir='ltr'>nata</span> <span class='ocrx_word' id='word_1_331' title='bbox 1138 593 1176 623; x_wconf 85' lang='lat' dir='ltr'>de</span> <span class='ocrx_word' id='word_1_332' title='bbox 1192 592 1284 623; x_wconf 83' lang='lat' dir='ltr'>Patre</span> <span class='ocrx_word' id='word_1_333' title='bbox 1315 605 1320 624; x_wconf 91' lang='lat'>:</span> <span class='ocrx_word' id='word_1_334' title='bbox 1338 596 1368 624; x_wconf 88' lang='lat' dir='ltr'>et</span> <span class='ocrx_word' id='word_1_335' title='bbox 1382 594 1441 625; x_wconf 87' lang='grc'><strong>1106</strong></span> <span class='ocrx_word' id='word_1_336' title='bbox 1454 594 1596 633; x_wconf 85' lang='lat' dir='ltr'>estquod</span> <span class='ocrx_word' id='word_1_337' title='bbox 1612 594 1687 624; x_wconf 86' lang='lat' dir='ltr'>dicit</span> <span class='ocrx_word' id='word_1_338' title='bbox 1703 593 1771 624; x_wconf 84' lang='lat' dir='ltr'>Ma-</span> 
     </span>
     <span class='ocr_line' id='line_1_56' title="bbox 988 646 1770 687; baseline 0.003 -11"><span class='ocrx_word' id='word_1_339' title='bbox 988 646 1087 684; x_wconf 82' lang='lat' dir='ltr'>gister</span> <span class='ocrx_word' id='word_1_340' title='bbox 1112 646 1145 677; x_wconf 92' lang='lat' dir='ltr'>in</span> <span class='ocrx_word' id='word_1_341' title='bbox 1175 646 1291 685; x_wconf 88' lang='lat' dir='ltr'>littera,</span> <span class='ocrx_word' id='word_1_342' title='bbox 1309 648 1393 687; x_wconf 88' lang='lat' dir='ltr'>quod</span> <span class='ocrx_word' id='word_1_343' title='bbox 1410 657 1470 685; x_wconf 80' lang='lat' dir='ltr'>res,</span> <span class='ocrx_word' id='word_1_344' title='bbox 1488 657 1561 687; x_wconf 63' lang='lat' dir='ltr'>quae</span> <span class='ocrx_word' id='word_1_345' title='bbox 1578 657 1643 678; x_wconf 90' lang='lat' dir='ltr'>non</span> <span class='ocrx_word' id='word_1_346' title='bbox 1664 650 1711 678; x_wconf 88' lang='lat' dir='ltr'>est</span> <span class='ocrx_word' id='word_1_347' title='bbox 1731 648 1770 678; x_wconf 90' lang='lat' dir='ltr'>de</span> 
     </span>
     <span class='ocr_line' id='line_1_57' title="bbox 987 700 1770 739; baseline 0.003 -9"><span class='ocrx_word' id='word_1_348' title='bbox 987 701 1078 730; x_wconf 90' lang='lat' dir='ltr'>Patre</span> <span class='ocrx_word' id='word_1_349' title='bbox 1092 700 1213 738; x_wconf 85' lang='lat' dir='ltr'>genita,</span> <span class='ocrx_word' id='word_1_350' title='bbox 1229 710 1295 731; x_wconf 92' lang='lat' dir='ltr'>non</span> <span class='ocrx_word' id='word_1_351' title='bbox 1311 701 1438 731; x_wconf 90' lang='lat' dir='ltr'>videtur</span> <span class='ocrx_word' id='word_1_352' title='bbox 1449 701 1486 731; x_wconf 90' lang='lat' dir='ltr'>de</span> <span class='ocrx_word' id='word_1_353' title='bbox 1512 704 1613 732; x_wconf 84' lang='lat' dir='ltr'>matre</span> <span class='ocrx_word' id='word_1_354' title='bbox 1630 703 1716 739; x_wconf 87' lang='lat' dir='ltr'>nata,</span> <span class='ocrx_word' id='word_1_355' title='bbox 1729 711 1770 732; x_wconf 92' lang='lat' dir='ltr'>ne</span> 
     </span>
     <span class='ocr_line' id='line_1_58' title="bbox 987 753 1770 794; baseline 0.003 -11"><span class='ocrx_word' id='word_1_356' title='bbox 987 762 1037 784; x_wconf 87' lang='lat' dir='ltr'>res</span> <span class='ocrx_word' id='word_1_357' title='bbox 1052 753 1159 794; x_wconf 84' lang='lat' dir='ltr'>aliqua</span> <span class='ocrx_word' id='word_1_358' title='bbox 1175 754 1337 785; x_wconf 80' lang='lat' dir='ltr'>filiationis</span> <span class='ocrx_word' id='word_1_359' title='bbox 1353 764 1472 785; x_wconf 78' lang='lat' dir='ltr'>nomen</span> <span class='ocrx_word' id='word_1_360' title='bbox 1487 755 1770 785; x_wconf 87' lang='lat' dir='ltr'>habeatinhuma-</span> 
     </span>
     <span class='ocr_line' id='line_1_59' title="bbox 988 807 1768 848; baseline 0.003 -11"><span class='ocrx_word' id='word_1_361' title='bbox 988 807 1097 844; x_wconf 87' lang='lat' dir='ltr'>nitate,</span> <span class='ocrx_word' id='word_1_362' title='bbox 1115 817 1188 848; x_wconf 69' lang='lat' dir='ltr'>quae</span> <span class='ocrx_word' id='word_1_363' title='bbox 1215 808 1293 839; x_wconf 88' lang='lat' dir='ltr'>illud</span> <span class='ocrx_word' id='word_1_364' title='bbox 1309 818 1373 839; x_wconf 90' lang='lat' dir='ltr'>non</span> <span class='ocrx_word' id='word_1_365' title='bbox 1398 810 1503 839; x_wconf 88' lang='lat' dir='ltr'>teneat</span> <span class='ocrx_word' id='word_1_366' title='bbox 1532 809 1565 839; x_wconf 88' lang='lat' dir='ltr'>in</span> <span class='ocrx_word' id='word_1_367' title='bbox 1593 809 1768 840; x_wconf 86' lang='lat' dir='ltr'>divinitate.</span> 
     </span>
     <span class='ocr_line' id='line_1_60' title="bbox 989 861 1772 903; baseline 0.004 -12"><span class='ocrx_word' id='word_1_368' title='bbox 989 861 1120 901; x_wconf 86' lang='lat' dir='ltr'>Propter</span> <span class='ocrx_word' id='word_1_369' title='bbox 1144 861 1308 892; x_wconf 84' lang='lat' dir='ltr'>vitandam</span> <span class='ocrx_word' id='word_1_370' title='bbox 1332 862 1428 893; x_wconf 85' lang='lat' dir='ltr'>etiam</span> <span class='ocrx_word' id='word_1_371' title='bbox 1451 863 1670 894; x_wconf 80' lang='lat' dir='ltr'>confusionem</span> <span class='ocrx_word' id='word_1_372' title='bbox 1696 873 1772 903; x_wconf 91' lang='lat' dir='ltr'>pro—</span> 
     </span>
     <span class='ocr_line' id='line_1_61' title="bbox 988 914 1771 956; baseline 0.003 -11"><span class='ocrx_word' id='word_1_373' title='bbox 988 914 1161 955; x_wconf 88' lang='lat' dir='ltr'>prietatum</span> <span class='ocrx_word' id='word_1_374' title='bbox 1182 916 1379 947; x_wconf 84' lang='lat' dir='ltr'>naturalium</span> <span class='ocrx_word' id='word_1_375' title='bbox 1406 925 1471 947; x_wconf 90' lang='lat' dir='ltr'>non</span> <span class='ocrx_word' id='word_1_376' title='bbox 1495 916 1648 956; x_wconf 76' lang='lat' dir='ltr'>recipitur</span> <span class='ocrx_word' id='word_1_377' title='bbox 1666 926 1673 946; x_wconf 74' lang='grc' dir='ltr'><strong><em>ε</em></strong></span> <span class='ocrx_word' id='word_1_378' title='bbox 1689 917 1771 948; x_wconf 83' lang='lat' dir='ltr'>sicut</span> 
     </span>
     <span class='ocr_line' id='line_1_62' title="bbox 989 969 1772 1002; baseline 0.001 -2"><span class='ocrx_word' id='word_1_379' title='bbox 989 969 1075 1000; x_wconf 90' lang='lat' dir='ltr'>enim</span> <span class='ocrx_word' id='word_1_380' title='bbox 1095 969 1127 999; x_wconf 90' lang='lat' dir='ltr'>in</span> <span class='ocrx_word' id='word_1_381' title='bbox 1148 969 1331 1000; x_wconf 86' lang='lat' dir='ltr'>beatissima</span> <span class='ocrx_word' id='word_1_382' title='bbox 1345 969 1499 1001; x_wconf 86' lang='lat' dir='ltr'>Trinitate</span> <span class='ocrx_word' id='word_1_383' title='bbox 1526 970 1680 1001; x_wconf 71' lang='lat' dir='ltr'>distinctae</span> <span class='ocrx_word' id='word_1_384' title='bbox 1695 973 1772 1002; x_wconf 87' lang='lat' dir='ltr'>sunt</span> 
     </span>
     <span class='ocr_line' id='line_1_63' title="bbox 990 1023 1767 1064; baseline 0.003 -11"><span class='ocrx_word' id='word_1_385' title='bbox 990 1031 1135 1062; x_wconf 84' lang='lat' dir='ltr'>personae</span> <span class='ocrx_word' id='word_1_386' title='bbox 1152 1023 1188 1054; x_wconf 88' lang='lat' dir='ltr'>ad</span> <span class='ocrx_word' id='word_1_387' title='bbox 1206 1023 1357 1062; x_wconf 83' lang='lat' dir='ltr'>invicem,</span> <span class='ocrx_word' id='word_1_388' title='bbox 1378 1025 1409 1054; x_wconf 89' lang='lat' dir='ltr'>et</span> <span class='ocrx_word' id='word_1_389' title='bbox 1423 1033 1534 1054; x_wconf 87' lang='lat' dir='ltr'>earum</span> <span class='ocrx_word' id='word_1_390' title='bbox 1545 1024 1767 1064; x_wconf 87' lang='lat' dir='ltr'>proprietates;</span> 
     </span>
     <span class='ocr_line' id='line_1_64' title="bbox 989 1077 1771 1110; baseline 0.003 -3"><span class='ocrx_word' id='word_1_391' title='bbox 989 1077 1033 1107; x_wconf 86' lang='lat' dir='ltr'>sic</span> <span class='ocrx_word' id='word_1_392' title='bbox 1046 1077 1079 1107; x_wconf 87' lang='lat' dir='ltr'>in</span> <span class='ocrx_word' id='word_1_393' title='bbox 1095 1077 1218 1108; x_wconf 87' lang='lat' dir='ltr'>Christo</span> <span class='ocrx_word' id='word_1_394' title='bbox 1234 1080 1360 1108; x_wconf 86' lang='lat' dir='ltr'>naturae</span> <span class='ocrx_word' id='word_1_395' title='bbox 1376 1080 1451 1108; x_wconf 83' lang='lat' dir='ltr'>sunt</span> <span class='ocrx_word' id='word_1_396' title='bbox 1465 1078 1621 1109; x_wconf 61' lang='lat' dir='ltr'>distinctae</span> <span class='ocrx_word' id='word_1_397' title='bbox 1635 1079 1673 1109; x_wconf 84' lang='lat' dir='ltr'>ad</span> <span class='ocrx_word' id='word_1_398' title='bbox 1689 1079 1771 1110; x_wconf 86' lang='lat' dir='ltr'>invi-</span> 
     </span>
     <span class='ocr_line' id='line_1_65' title="bbox 989 1132 1770 1171; baseline 0.003 -10"><span class='ocrx_word' id='word_1_399' title='bbox 989 1140 1070 1167; x_wconf 64' lang='lat' dir='ltr'>cem,</span> <span class='ocrx_word' id='word_1_400' title='bbox 1089 1133 1119 1161; x_wconf 85' lang='lat' dir='ltr'>et</span> <span class='ocrx_word' id='word_1_401' title='bbox 1129 1140 1241 1162; x_wconf 86' lang='lat' dir='ltr'>earum</span> <span class='ocrx_word' id='word_1_402' title='bbox 1254 1132 1473 1171; x_wconf 76' lang='lat' dir='ltr'>proprietateS,</span> <span class='ocrx_word' id='word_1_403' title='bbox 1491 1133 1639 1171; x_wconf 88' lang='lat' dir='ltr'>quamvis</span> <span class='ocrx_word' id='word_1_404' title='bbox 1652 1142 1770 1163; x_wconf 87' lang='lat' dir='ltr'>conve-</span> 
     </span>
     <span class='ocr_line' id='line_1_66' title="bbox 989 1185 1771 1226; baseline 0.003 -11"><span class='ocrx_word' id='word_1_405' title='bbox 989 1186 1077 1215; x_wconf 89' lang='lat' dir='ltr'>niant</span> <span class='ocrx_word' id='word_1_406' title='bbox 1092 1185 1126 1215; x_wconf 92' lang='lat' dir='ltr'>in</span> <span class='ocrx_word' id='word_1_407' title='bbox 1139 1185 1302 1225; x_wconf 88' lang='lat' dir='ltr'>supposito</span> <span class='ocrx_word' id='word_1_408' title='bbox 1320 1197 1326 1216; x_wconf 87' lang='lat'><strong>:</strong></span> <span class='ocrx_word' id='word_1_409' title='bbox 1351 1188 1381 1216; x_wconf 90' lang='lat' dir='ltr'>et</span> <span class='ocrx_word' id='word_1_410' title='bbox 1397 1186 1467 1216; x_wconf 84' lang='lat' dir='ltr'>ideo</span> <span class='ocrx_word' id='word_1_411' title='bbox 1484 1186 1659 1226; x_wconf 85' lang='lat' dir='ltr'>proprietas</span> <span class='ocrx_word' id='word_1_412' title='bbox 1674 1187 1771 1217; x_wconf 91' lang='lat' dir='ltr'>unius</span> 
     </span>
     <span class='ocr_line' id='line_1_67' title="bbox 989 1240 1769 1279; baseline 0.003 -10"><span class='ocrx_word' id='word_1_413' title='bbox 989 1241 1115 1270; x_wconf 80' lang='lat' dir='ltr'>naturae</span> <span class='ocrx_word' id='word_1_414' title='bbox 1122 1249 1187 1270; x_wconf 92' lang='lat' dir='ltr'>non</span> <span class='ocrx_word' id='word_1_415' title='bbox 1198 1240 1290 1270; x_wconf 84' lang='lat' dir='ltr'>debet</span> <span class='ocrx_word' id='word_1_416' title='bbox 1305 1240 1470 1279; x_wconf 79' lang='lat' dir='ltr'>praedicari</span> <span class='ocrx_word' id='word_1_417' title='bbox 1487 1240 1525 1270; x_wconf 88' lang='lat' dir='ltr'>de</span> <span class='ocrx_word' id='word_1_418' title='bbox 1541 1240 1640 1271; x_wconf 88' lang='lat' dir='ltr'>altera</span> <span class='ocrx_word' id='word_1_419' title='bbox 1653 1242 1769 1271; x_wconf 85' lang='lat' dir='ltr'>natura</span> 
     </span>
     <span class='ocr_line' id='line_1_68' title="bbox 991 1294 1770 1331; baseline 0.003 -8"><span class='ocrx_word' id='word_1_420' title='bbox 991 1294 1024 1323; x_wconf 92' lang='lat' dir='ltr'>in</span> <span class='ocrx_word' id='word_1_421' title='bbox 1039 1294 1248 1324; x_wconf 84' lang='lat' dir='ltr'>abstractione</span> <span class='ocrx_word' id='word_1_422' title='bbox 1268 1294 1474 1331; x_wconf 81' lang='lat' dir='ltr'>considerata,</span> <span class='ocrx_word' id='word_1_423' title='bbox 1493 1303 1533 1324; x_wconf 93' lang='lat' dir='ltr'>ne</span> <span class='ocrx_word' id='word_1_424' title='bbox 1550 1303 1590 1324; x_wconf 75' lang='lat' dir='ltr'>ex</span> <span class='ocrx_word' id='word_1_425' title='bbox 1606 1294 1770 1325; x_wconf 69' lang='grc'><strong>1106111161-</strong></span> 
     </span>
     <span class='ocr_line' id='line_1_69' title="bbox 991 1348 1772 1388; baseline 0.003 -10"><span class='ocrx_word' id='word_1_426' title='bbox 991 1348 1121 1387; x_wconf 83' lang='lat' dir='ltr'>ligatur,</span> <span class='ocrx_word' id='word_1_427' title='bbox 1159 1349 1244 1388; x_wconf 84' lang='lat' dir='ltr'>quod</span> <span class='ocrx_word' id='word_1_428' title='bbox 1282 1348 1390 1380; x_wconf 89' lang='lat' dir='ltr'>divina</span> <span class='ocrx_word' id='word_1_429' title='bbox 1430 1351 1547 1380; x_wconf 85' lang='lat' dir='ltr'>natura</span> <span class='ocrx_word' id='word_1_430' title='bbox 1574 1351 1605 1380; x_wconf 91' lang='lat' dir='ltr'>et</span> <span class='ocrx_word' id='word_1_431' title='bbox 1628 1350 1772 1380; x_wconf 87' lang='lat' dir='ltr'>humana</span> 
     </span>
     <span class='ocr_line' id='line_1_70' title="bbox 990 1401 1772 1443; baseline 0.003 -12"><span class='ocrx_word' id='word_1_432' title='bbox 990 1401 1052 1431; x_wconf 86' lang='lat' dir='ltr'>sint</span> <span class='ocrx_word' id='word_1_433' title='bbox 1080 1411 1145 1432; x_wconf 90' lang='lat' dir='ltr'>una</span> <span class='ocrx_word' id='word_1_434' title='bbox 1167 1402 1311 1433; x_wconf 87' lang='lat' dir='ltr'>essentia.</span> <span class='ocrx_word' id='word_1_435' title='bbox 1340 1402 1430 1439; x_wconf 85' lang='lat' dir='ltr'>Quod</span> <span class='ocrx_word' id='word_1_436' title='bbox 1468 1403 1555 1433; x_wconf 89' lang='lat' dir='ltr'>enim</span> <span class='ocrx_word' id='word_1_437' title='bbox 1580 1403 1772 1443; x_wconf 74' lang='lat' dir='ltr'>praedicatur</span> 
     </span>
     <span class='ocr_line' id='line_1_71' title="bbox 993 1454 1772 1495; baseline 0.001 -10"><span class='ocrx_word' id='word_1_438' title='bbox 993 1454 1031 1484; x_wconf 86' lang='lat' dir='ltr'>de</span> <span class='ocrx_word' id='word_1_439' title='bbox 1059 1454 1158 1486; x_wconf 84' lang='lat' dir='ltr'>altero</span> <span class='ocrx_word' id='word_1_440' title='bbox 1181 1455 1215 1485; x_wconf 90' lang='lat' dir='ltr'>in</span> <span class='ocrx_word' id='word_1_441' title='bbox 1241 1455 1463 1494; x_wconf 84' lang='lat' dir='ltr'>abstractione,</span> <span class='ocrx_word' id='word_1_442' title='bbox 1487 1465 1551 1486; x_wconf 88' lang='lat' dir='ltr'>non</span> <span class='ocrx_word' id='word_1_443' title='bbox 1581 1456 1772 1495; x_wconf 88' lang='lat' dir='ltr'>intelligitur</span> 
     </span>
     <span class='ocr_line' id='line_1_72' title="bbox 990 1509 1770 1549; baseline 0.003 -11"><span class='ocrx_word' id='word_1_444' title='bbox 990 1509 1161 1539; x_wconf 88' lang='lat' dir='ltr'>convenire</span> <span class='ocrx_word' id='word_1_445' title='bbox 1174 1509 1203 1539; x_wconf 85' lang='lat' dir='ltr'>ei</span> <span class='ocrx_word' id='word_1_446' title='bbox 1214 1509 1318 1539; x_wconf 90' lang='lat' dir='ltr'>solum</span> <span class='ocrx_word' id='word_1_447' title='bbox 1335 1509 1456 1539; x_wconf 85' lang='lat' dir='ltr'>ratione</span> <span class='ocrx_word' id='word_1_448' title='bbox 1476 1509 1643 1549; x_wconf 86' lang='lat' dir='ltr'>suppositi,</span> <span class='ocrx_word' id='word_1_449' title='bbox 1657 1518 1770 1540; x_wconf 88' lang='lat' dir='ltr'>verum</span> 
     </span>
     <span class='ocr_line' id='line_1_73' title="bbox 991 1561 1770 1602; baseline 0.003 -11"><span class='ocrx_word' id='word_1_450' title='bbox 991 1561 1085 1591; x_wconf 88' lang='lat' dir='ltr'>etiam</span> <span class='ocrx_word' id='word_1_451' title='bbox 1111 1562 1233 1592; x_wconf 89' lang='lat' dir='ltr'>ratione</span> <span class='ocrx_word' id='word_1_452' title='bbox 1249 1562 1361 1592; x_wconf 71' lang='lat' dir='ltr'>formae</span> <span class='ocrx_word' id='word_1_453' title='bbox 1390 1572 1397 1592; x_wconf 74' lang='grc' dir='ltr'>ε</span> <span class='ocrx_word' id='word_1_454' title='bbox 1417 1565 1448 1593; x_wconf 85' lang='lat' dir='ltr'>et</span> <span class='ocrx_word' id='word_1_455' title='bbox 1461 1562 1531 1593; x_wconf 81' lang='lat' dir='ltr'>ideo</span> <span class='ocrx_word' id='word_1_456' title='bbox 1553 1563 1703 1602; x_wconf 75' lang='lat' dir='ltr'>praedicta</span> <span class='ocrx_word' id='word_1_457' title='bbox 1724 1562 1770 1594; x_wconf 92' lang='lat' dir='ltr'>lo-</span> 
     </span>
     <span class='ocr_line' id='line_1_74' title="bbox 991 1615 1772 1655; baseline 0.003 -10"><span class='ocrx_word' id='word_1_458' title='bbox 991 1615 1075 1645; x_wconf 84' lang='lat' dir='ltr'>cutio</span> <span class='ocrx_word' id='word_1_459' title='bbox 1091 1615 1185 1655; x_wconf 88' lang='lat' dir='ltr'>recipi</span> <span class='ocrx_word' id='word_1_460' title='bbox 1212 1625 1277 1646; x_wconf 91' lang='lat' dir='ltr'>non</span> <span class='ocrx_word' id='word_1_461' title='bbox 1302 1616 1403 1653; x_wconf 89' lang='lat' dir='ltr'>debet,</span> <span class='ocrx_word' id='word_1_462' title='bbox 1421 1617 1452 1646; x_wconf 85' lang='lat' dir='ltr'>et</span> <span class='ocrx_word' id='word_1_463' title='bbox 1466 1616 1674 1647; x_wconf 83' lang='lat' dir='ltr'>concedendae</span> <span class='ocrx_word' id='word_1_464' title='bbox 1697 1619 1772 1647; x_wconf 85' lang='lat' dir='ltr'>sunt</span> 
     </span>
     <span class='ocr_line' id='line_1_75' title="bbox 991 1669 1429 1700; baseline 0.002 -1"><span class='ocrx_word' id='word_1_465' title='bbox 991 1669 1128 1699; x_wconf 85' lang='lat' dir='ltr'>rationes</span> <span class='ocrx_word' id='word_1_466' title='bbox 1143 1669 1204 1699; x_wconf 87' lang='grc'><strong>1106</strong></span> <span class='ocrx_word' id='word_1_467' title='bbox 1218 1669 1429 1700; x_wconf 81' lang='lat' dir='ltr'>ostendentes,</span> 
     </span>
    </p>

    <p class='ocr_par' dir='ltr' id='par_1_16' title="bbox 990 1722 1771 2020">
     <span class='ocr_line' id='line_1_76' title="bbox 1032 1722 1769 1759; baseline 0.001 -6"><span class='ocrx_word' id='word_1_468' title='bbox 1032 1726 1060 1753; x_wconf 83' lang='lat'>1.</span> <span class='ocrx_word' id='word_1_469' title='bbox 1092 1723 1140 1753; x_wconf 85' lang='lat' dir='ltr'>Ad</span> <span class='ocrx_word' id='word_1_470' title='bbox 1168 1722 1246 1753; x_wconf 90' lang='lat' dir='ltr'>illud</span> <span class='ocrx_word' id='word_1_471' title='bbox 1274 1724 1411 1753; x_wconf 88' lang='lat' dir='ltr'>verbum</span> <span class='ocrx_word' id='word_1_472' title='bbox 1438 1723 1547 1753; x_wconf 85' lang='lat' dir='ltr'>Hilarii</span> <span class='ocrx_word' id='word_1_473' title='bbox 1562 1747 1568 1759; x_wconf 88' lang='lat'>,</span> <span class='ocrx_word' id='word_1_474' title='bbox 1598 1723 1769 1754; x_wconf 80' lang='lat' dir='ltr'>(licendum</span> 
     </span>
     <span class='ocr_line' id='line_1_77' title="bbox 990 1776 1771 1817; baseline 0.004 -11"><span class='ocrx_word' id='word_1_475' title='bbox 990 1776 1075 1816; x_wconf 78' lang='lat' dir='ltr'>quod</span> <span class='ocrx_word' id='word_1_476' title='bbox 1099 1776 1219 1816; x_wconf 81' lang='lat' dir='ltr'>aliquid</span> <span class='ocrx_word' id='word_1_477' title='bbox 1235 1777 1329 1807; x_wconf 80' lang='lat' dir='ltr'>habet</span> <span class='ocrx_word' id='word_1_478' title='bbox 1350 1777 1614 1817; x_wconf 80' lang='lat' dir='ltr'>improprietatis,</span> <span class='ocrx_word' id='word_1_479' title='bbox 1633 1780 1663 1808; x_wconf 86' lang='lat' dir='ltr'>et</span> <span class='ocrx_word' id='word_1_480' title='bbox 1677 1778 1771 1809; x_wconf 89' lang='lat' dir='ltr'>dehet</span> 
     </span>
     <span class='ocr_line' id='line_1_78' title="bbox 990 1829 1768 1870; baseline 0.003 -10"><span class='ocrx_word' id='word_1_481' title='bbox 990 1830 1033 1860; x_wconf 76' lang='lat' dir='ltr'>sie</span> <span class='ocrx_word' id='word_1_482' title='bbox 1062 1830 1196 1870; x_wconf 81' lang='lat' dir='ltr'>exponi:</span> <span class='ocrx_word' id='word_1_483' title='bbox 1228 1829 1315 1861; x_wconf 90' lang='lat' dir='ltr'>Nihil</span> <span class='ocrx_word' id='word_1_484' title='bbox 1330 1831 1426 1861; x_wconf 75' lang='lat' dir='ltr'>habet</span> <span class='ocrx_word' id='word_1_485' title='bbox 1443 1830 1541 1861; x_wconf 83' lang='lat' dir='ltr'>Filius</span> <span class='ocrx_word' id='word_1_486' title='bbox 1564 1831 1624 1860; x_wconf 88' lang='lat' dir='ltr'>nisi</span> <span class='ocrx_word' id='word_1_487' title='bbox 1645 1833 1768 1869; x_wconf 86' lang='lat' dir='ltr'>natum,</span> 
     </span>
     <span class='ocr_line' id='line_1_79' title="bbox 990 1884 1770 1925; baseline 0.004 -11"><span class='ocrx_word' id='word_1_488' title='bbox 990 1884 1020 1915; x_wconf 82' lang='lat' dir='ltr'>id</span> <span class='ocrx_word' id='word_1_489' title='bbox 1036 1887 1092 1922; x_wconf 87' lang='lat' dir='ltr'>est,</span> <span class='ocrx_word' id='word_1_490' title='bbox 1107 1884 1186 1914; x_wconf 87' lang='lat' dir='ltr'>nihil</span> <span class='ocrx_word' id='word_1_491' title='bbox 1201 1885 1297 1915; x_wconf 85' lang='lat' dir='ltr'>habet</span> <span class='ocrx_word' id='word_1_492' title='bbox 1312 1885 1397 1925; x_wconf 90' lang='lat' dir='ltr'>quod</span> <span class='ocrx_word' id='word_1_493' title='bbox 1417 1894 1482 1915; x_wconf 92' lang='lat' dir='ltr'>non</span> <span class='ocrx_word' id='word_1_494' title='bbox 1504 1886 1660 1916; x_wconf 86' lang='lat' dir='ltr'>nascendo</span> <span class='ocrx_word' id='word_1_495' title='bbox 1682 1895 1770 1917; x_wconf 85' lang='lat' dir='ltr'>acce-</span> 
     </span>
     <span class='ocr_line' id='line_1_80' title="bbox 990 1937 1771 1980; baseline 0.003 -12"><span class='ocrx_word' id='word_1_496' title='bbox 990 1938 1046 1978; x_wconf 91' lang='lat' dir='ltr'>pit.</span> <span class='ocrx_word' id='word_1_497' title='bbox 1064 1937 1102 1968; x_wconf 84' lang='lat' dir='ltr'>Et</span> <span class='ocrx_word' id='word_1_498' title='bbox 1115 1938 1175 1968; x_wconf 89' lang='lat' dir='ltr'>hoc</span> <span class='ocrx_word' id='word_1_499' title='bbox 1190 1938 1306 1969; x_wconf 88' lang='lat' dir='ltr'>melius</span> <span class='ocrx_word' id='word_1_500' title='bbox 1328 1939 1363 1969; x_wconf 93' lang='lat' dir='ltr'>in</span> <span class='ocrx_word' id='word_1_501' title='bbox 1378 1939 1481 1978; x_wconf 84' lang='lat' dir='ltr'>primo</span> <span class='ocrx_word' id='word_1_502' title='bbox 1495 1939 1575 1969; x_wconf 89' lang='lat' dir='ltr'>libro</span> <span class='ocrx_word' id='word_1_503' title='bbox 1587 1941 1598 1957; x_wconf 81' lang='lat'>²</span> <span class='ocrx_word' id='word_1_504' title='bbox 1623 1940 1771 1980; x_wconf 84' lang='lat' dir='ltr'>explana-</span> 
     </span>
     <span class='ocr_line' id='line_1_81' title="bbox 990 1990 1143 2020; baseline -0.007 0"><span class='ocrx_word' id='word_1_505' title='bbox 990 1992 1058 2020; x_wconf 89' lang='lat' dir='ltr'>tum</span> <span class='ocrx_word' id='word_1_506' title='bbox 1071 1990 1143 2020; x_wconf 86' lang='lat' dir='ltr'>suit.</span> 
     </span>
    </p>

    <p class='ocr_par' dir='ltr' id='par_1_17' title="bbox 990 2043 1770 2730">
     <span class='ocr_line' id='line_1_82' title="bbox 1031 2043 1770 2084; baseline 0.003 -11"><span class='ocrx_word' id='word_1_507' title='bbox 1031 2046 1060 2074; x_wconf 71' lang='lat'>2.</span> <span class='ocrx_word' id='word_1_508' title='bbox 1078 2043 1126 2074; x_wconf 86' lang='lat' dir='ltr'>Ad</span> <span class='ocrx_word' id='word_1_509' title='bbox 1145 2043 1223 2074; x_wconf 87' lang='lat' dir='ltr'>illud</span> <span class='ocrx_word' id='word_1_510' title='bbox 1249 2044 1335 2084; x_wconf 87' lang='lat' dir='ltr'>quod</span> <span class='ocrx_word' id='word_1_511' title='bbox 1364 2044 1514 2084; x_wconf 85' lang='lat' dir='ltr'>objicitur</span> <span class='ocrx_word' id='word_1_512' title='bbox 1528 2044 1567 2075; x_wconf 84' lang='lat' dir='ltr'>de</span> <span class='ocrx_word' id='word_1_513' title='bbox 1582 2044 1770 2076; x_wconf 86' lang='lat' dir='ltr'>auctoritate</span> 
     </span>
     <span class='ocr_line' id='line_1_83' title="bbox 993 2096 1769 2138; baseline 0.001 -11"><span class='ocrx_word' id='word_1_514' title='bbox 993 2097 1185 2135; x_wconf 86' lang='lat' dir='ltr'>Damasceni,</span> <span class='ocrx_word' id='word_1_515' title='bbox 1212 2098 1297 2137; x_wconf 90' lang='lat' dir='ltr'>quod</span> <span class='ocrx_word' id='word_1_516' title='bbox 1309 2096 1409 2137; x_wconf 85' lang='lat' dir='ltr'>Virgo</span> <span class='ocrx_word' id='word_1_517' title='bbox 1421 2097 1520 2128; x_wconf 85' lang='lat' dir='ltr'>Maria</span> <span class='ocrx_word' id='word_1_518' title='bbox 1541 2101 1587 2128; x_wconf 92' lang='lat' dir='ltr'>est</span> <span class='ocrx_word' id='word_1_519' title='bbox 1602 2098 1657 2128; x_wconf 71' lang='lat' dir='ltr'>Dei</span> <span class='ocrx_word' id='word_1_520' title='bbox 1672 2098 1769 2138; x_wconf 87' lang='lat' dir='ltr'>geni-</span> 
     </span>
     <span class='ocr_line' id='line_1_84' title="bbox 990 2151 1769 2192; baseline 0.003 -11"><span class='ocrx_word' id='word_1_521' title='bbox 990 2151 1066 2189; x_wconf 83' lang='lat' dir='ltr'>trix,</span> <span class='ocrx_word' id='word_1_522' title='bbox 1083 2151 1251 2182; x_wconf 84' lang='lat' dir='ltr'>dicendum</span> <span class='ocrx_word' id='word_1_523' title='bbox 1267 2152 1352 2191; x_wconf 88' lang='lat' dir='ltr'>quod</span> <span class='ocrx_word' id='word_1_524' title='bbox 1368 2151 1605 2182; x_wconf 83' lang='lat' dir='ltr'>concedendum</span> <span class='ocrx_word' id='word_1_525' title='bbox 1618 2152 1769 2192; x_wconf 86' lang='lat' dir='ltr'>est,quod</span> 
     </span>
     <span class='ocr_line' id='line_1_85' title="bbox 992 2204 1770 2244; baseline 0.001 -9"><span class='ocrx_word' id='word_1_526' title='bbox 992 2205 1073 2235; x_wconf 88' lang='lat' dir='ltr'>Deus</span> <span class='ocrx_word' id='word_1_527' title='bbox 1093 2207 1186 2235; x_wconf 87' lang='lat' dir='ltr'>natus</span> <span class='ocrx_word' id='word_1_528' title='bbox 1211 2205 1250 2236; x_wconf 90' lang='lat' dir='ltr'>de</span> <span class='ocrx_word' id='word_1_529' title='bbox 1274 2204 1424 2244; x_wconf 88' lang='lat' dir='ltr'>Virgine;</span> <span class='ocrx_word' id='word_1_530' title='bbox 1441 2214 1482 2236; x_wconf 80' lang='lat' dir='ltr'>ex</span> <span class='ocrx_word' id='word_1_531' title='bbox 1496 2205 1557 2236; x_wconf 89' lang='lat' dir='ltr'>hoc</span> <span class='ocrx_word' id='word_1_532' title='bbox 1582 2207 1690 2236; x_wconf 88' lang='lat' dir='ltr'>tamen</span> <span class='ocrx_word' id='word_1_533' title='bbox 1705 2215 1770 2237; x_wconf 93' lang='lat' dir='ltr'>non</span> 
     </span>
     <span class='ocr_line' id='line_1_86' title="bbox 990 2259 1769 2299; baseline 0.001 -10"><span class='ocrx_word' id='word_1_534' title='bbox 990 2259 1146 2299; x_wconf 86' lang='lat' dir='ltr'>sequitur,</span> <span class='ocrx_word' id='word_1_535' title='bbox 1173 2259 1258 2299; x_wconf 85' lang='lat' dir='ltr'>quod</span> <span class='ocrx_word' id='word_1_536' title='bbox 1274 2259 1385 2289; x_wconf 89' lang='lat' dir='ltr'>divina</span> <span class='ocrx_word' id='word_1_537' title='bbox 1400 2261 1515 2290; x_wconf 88' lang='lat' dir='ltr'>natura</span> <span class='ocrx_word' id='word_1_538' title='bbox 1530 2259 1569 2290; x_wconf 89' lang='lat' dir='ltr'>sit</span> <span class='ocrx_word' id='word_1_539' title='bbox 1584 2259 1621 2290; x_wconf 87' lang='lat' dir='ltr'>de</span> <span class='ocrx_word' id='word_1_540' title='bbox 1637 2259 1769 2298; x_wconf 88' lang='lat' dir='ltr'>Virgine</span> 
     </span>
     <span class='ocr_line' id='line_1_87' title="bbox 991 2313 1766 2354; baseline 0 -11"><span class='ocrx_word' id='word_1_541' title='bbox 991 2315 1085 2351; x_wconf 89' lang='lat' dir='ltr'>nata;</span> <span class='ocrx_word' id='word_1_542' title='bbox 1102 2322 1159 2353; x_wconf 90' lang='lat' dir='ltr'>pro</span> <span class='ocrx_word' id='word_1_543' title='bbox 1168 2322 1205 2344; x_wconf 90' lang='lat' dir='ltr'>eo</span> <span class='ocrx_word' id='word_1_544' title='bbox 1220 2313 1306 2353; x_wconf 90' lang='lat' dir='ltr'>quod</span> <span class='ocrx_word' id='word_1_545' title='bbox 1322 2313 1382 2343; x_wconf 88' lang='grc'><strong>1106</strong></span> <span class='ocrx_word' id='word_1_546' title='bbox 1395 2322 1513 2344; x_wconf 89' lang='lat' dir='ltr'>nomen</span> <span class='ocrx_word' id='word_1_547' title='bbox 1526 2314 1618 2351; x_wconf 79' lang='lat' dir='ltr'>Deus,</span> <span class='ocrx_word' id='word_1_548' title='bbox 1635 2313 1709 2354; x_wconf 87' lang='lat' dir='ltr'>quia</span> <span class='ocrx_word' id='word_1_549' title='bbox 1725 2313 1766 2344; x_wconf 90' lang='lat' dir='ltr'>si-</span> 
     </span>
     <span class='ocr_line' id='line_1_88' title="bbox 990 2367 1766 2407; baseline 0.001 -11"><span class='ocrx_word' id='word_1_550' title='bbox 990 2367 1122 2406; x_wconf 85' lang='lat' dir='ltr'>gnificat</span> <span class='ocrx_word' id='word_1_551' title='bbox 1137 2367 1169 2396; x_wconf 94' lang='lat' dir='ltr'>in</span> <span class='ocrx_word' id='word_1_552' title='bbox 1184 2367 1394 2405; x_wconf 84' lang='lat' dir='ltr'>concretione,</span> <span class='ocrx_word' id='word_1_553' title='bbox 1413 2367 1565 2407; x_wconf 85' lang='lat' dir='ltr'>supponit</span> <span class='ocrx_word' id='word_1_554' title='bbox 1580 2376 1766 2407; x_wconf 84' lang='lat' dir='ltr'>personam:</span> 
     </span>
     <span class='ocr_line' id='line_1_89' title="bbox 990 2419 1769 2460; baseline 0.001 -11"><span class='ocrx_word' id='word_1_555' title='bbox 990 2428 1056 2449; x_wconf 89' lang='lat' dir='ltr'>non</span> <span class='ocrx_word' id='word_1_556' title='bbox 1070 2419 1114 2449; x_wconf 84' lang='lat' dir='ltr'>sic</span> <span class='ocrx_word' id='word_1_557' title='bbox 1128 2419 1236 2450; x_wconf 84' lang='lat' dir='ltr'>divina</span> <span class='ocrx_word' id='word_1_558' title='bbox 1251 2422 1377 2457; x_wconf 85' lang='lat' dir='ltr'>natura,</span> <span class='ocrx_word' id='word_1_559' title='bbox 1393 2429 1466 2460; x_wconf 84' lang='lat' dir='ltr'>quae</span> <span class='ocrx_word' id='word_1_560' title='bbox 1476 2420 1636 2459; x_wconf 84' lang='lat' dir='ltr'>significat</span> <span class='ocrx_word' id='word_1_561' title='bbox 1646 2421 1679 2450; x_wconf 92' lang='lat' dir='ltr'>in</span> <span class='ocrx_word' id='word_1_562' title='bbox 1694 2420 1769 2450; x_wconf 85' lang='lat' dir='ltr'>abs-</span> 
     </span>
     <span class='ocr_line' id='line_1_90' title="bbox 991 2473 1769 2505; baseline 0.003 -2"><span class='ocrx_word' id='word_1_563' title='bbox 991 2473 1153 2504; x_wconf 88' lang='lat' dir='ltr'>tractione.</span> <span class='ocrx_word' id='word_1_564' title='bbox 1170 2473 1258 2505; x_wconf 87' lang='lat' dir='ltr'>Unde</span> <span class='ocrx_word' id='word_1_565' title='bbox 1275 2477 1306 2504; x_wconf 87' lang='lat' dir='ltr'>et</span> <span class='ocrx_word' id='word_1_566' title='bbox 1334 2474 1403 2505; x_wconf 57' lang='grc'><strong>11666</strong></span> <span class='ocrx_word' id='word_1_567' title='bbox 1420 2474 1603 2505; x_wconf 87' lang='lat' dir='ltr'>conceditur</span> <span class='ocrx_word' id='word_1_568' title='bbox 1628 2485 1634 2504; x_wconf 90' lang='lat'>:</span> <span class='ocrx_word' id='word_1_569' title='bbox 1657 2485 1671 2502; x_wconf 89' lang='lat'>«</span> <span class='ocrx_word' id='word_1_570' title='bbox 1688 2473 1769 2505; x_wconf 88' lang='lat' dir='ltr'>Deus</span> 
     </span>
     <span class='ocr_line' id='line_1_91' title="bbox 990 2527 1766 2568; baseline 0.001 -11"><span class='ocrx_word' id='word_1_571' title='bbox 990 2529 1134 2566; x_wconf 86' lang='lat' dir='ltr'>generat,</span> <span class='ocrx_word' id='word_1_572' title='bbox 1159 2538 1173 2556; x_wconf 73' lang='lat' dir='ltr'>n</span> <span class='ocrx_word' id='word_1_573' title='bbox 1192 2527 1340 2568; x_wconf 86' lang='lat' dir='ltr'>quamvis</span> <span class='ocrx_word' id='word_1_574' title='bbox 1363 2528 1434 2559; x_wconf 85' lang='lat' dir='ltr'>haec</span> <span class='ocrx_word' id='word_1_575' title='bbox 1461 2537 1527 2559; x_wconf 87' lang='grc'><strong>11011</strong></span> <span class='ocrx_word' id='word_1_576' title='bbox 1556 2527 1766 2558; x_wconf 88' lang='lat' dir='ltr'>concedatur:</span> 
     </span>
     <span class='ocr_line' id='line_1_92' title="bbox 995 2581 1764 2621; baseline 0 -10"><span class='ocrx_word' id='word_1_577' title='bbox 995 2592 1009 2610; x_wconf 83' lang='grc'>(1</span> <span class='ocrx_word' id='word_1_578' title='bbox 1037 2581 1149 2612; x_wconf 82' lang='lat' dir='ltr'>DiVina</span> <span class='ocrx_word' id='word_1_579' title='bbox 1172 2583 1298 2620; x_wconf 89' lang='lat' dir='ltr'>natura,</span> <span class='ocrx_word' id='word_1_580' title='bbox 1330 2581 1380 2613; x_wconf 89' lang='lat' dir='ltr'>vel</span> <span class='ocrx_word' id='word_1_581' title='bbox 1401 2582 1547 2620; x_wconf 85' lang='lat' dir='ltr'>essentia,</span> <span class='ocrx_word' id='word_1_582' title='bbox 1576 2584 1721 2621; x_wconf 87' lang='lat' dir='ltr'>generat.</span> <span class='ocrx_word' id='word_1_583' title='bbox 1749 2591 1764 2611; x_wconf 72' lang='grc' dir='ltr'><strong>υ</strong></span> 
     </span>
     <span class='ocr_line' id='line_1_93' title="bbox 991 2634 1767 2675; baseline 0.003 -10"><span class='ocrx_word' id='word_1_584' title='bbox 991 2634 1078 2666; x_wconf 91' lang='lat' dir='ltr'>Unde</span> <span class='ocrx_word' id='word_1_585' title='bbox 1094 2635 1127 2665; x_wconf 92' lang='lat' dir='ltr'>in</span> <span class='ocrx_word' id='word_1_586' title='bbox 1143 2635 1293 2666; x_wconf 87' lang='lat' dir='ltr'>omnibus</span> <span class='ocrx_word' id='word_1_587' title='bbox 1306 2635 1423 2666; x_wconf 83' lang='lat' dir='ltr'>talibus</span> <span class='ocrx_word' id='word_1_588' title='bbox 1438 2635 1638 2675; x_wconf 85' lang='lat' dir='ltr'>processibus</span> <span class='ocrx_word' id='word_1_589' title='bbox 1652 2637 1699 2667; x_wconf 90' lang='lat' dir='ltr'>est</span> <span class='ocrx_word' id='word_1_590' title='bbox 1711 2644 1767 2666; x_wconf 93' lang='grc' dir='ltr'>5ο-</span> 
     </span>
     <span class='ocr_line' id='line_1_94' title="bbox 991 2689 1767 2730; baseline 0 -10"><span class='ocrx_word' id='word_1_591' title='bbox 991 2689 1119 2730; x_wconf 85' lang='lat' dir='ltr'>phisma</span> <span class='ocrx_word' id='word_1_592' title='bbox 1139 2689 1328 2722; x_wconf 85' lang='lat' dir='ltr'>secumdum</span> <span class='ocrx_word' id='word_1_593' title='bbox 1350 2689 1506 2721; x_wconf 84' lang='lat' dir='ltr'>accidens.</span> <span class='ocrx_word' id='word_1_594' title='bbox 1523 2689 1623 2721; x_wconf 88' lang='lat' dir='ltr'>Aliter</span> <span class='ocrx_word' id='word_1_595' title='bbox 1637 2689 1724 2721; x_wconf 90' lang='lat' dir='ltr'>enim</span> <span class='ocrx_word' id='word_1_596' title='bbox 1736 2690 1767 2721; x_wconf 89' lang='lat' dir='ltr'>et</span> 
     </span>
    </p>
   </div>
  </div>
 </body>
</html>
