2017 2960
257 163 315 191 400

257 235 335 266 ergo
351 235 444 257 omne
460 226 544 266 quod
566 225 707 257 Christus
732 223 863 260 meruit,
881 223 920 253 ab
936 222 1025 253 initio

257 280 373 311 meruit
393 291 398 311 :
422 280 475 310 sed
497 279 617 310 aditum
643 276 735 315 regni
761 276 800 306 ab
823 275 913 306 initio
936 275 1027 305 nobis

257 341 320 363 non
345 333 472 368 meruit⁷
498 331 636 370 alioquin
663 339 727 359 non
747 329 936 368 oportuisset
952 337 1026 358 eum

257 386 320 425 pati
339 397 344 415 z
363 395 441 423 ergo
469 392 633 422 nunquam
657 382 781 413 videtur
807 381 890 420 quod
906 381 1026 411 aditum

258 438 347 469 illum
365 438 514 477 potuisset
528 436 618 466 nobis
634 436 780 475 deinceps
796 435 921 465 mereri.

299 495 327 523 4.
347 492 435 529 ltem,
463 494 519 521 aut
541 491 667 530 jilstum
692 492 758 520 erat
788 489 877 519 uobis
893 489 1027 528 januam

259 545 384 585 aperiri,
400 546 455 574 aut
479 544 635 583 injustum
653 552 660 572 z
677 543 850 581 sijustum,
867 551 955 581 ergo,
972 541 1029 571 cir-

259 598 456 637 cumscriptis
480 597 600 627 meritis
627 596 752 634 Christi,
780 595 911 626 debebat.
938 594 1029 625 nobis

259 653 365 692 patere
377 651 482 681 aditus
497 650 602 689 regni3
621 650 646 679 si
668 650 833 688 iniustum,
858 648 909 678 sod
928 648 1030 678 Chris-

259 705 310 734 tus
320 703 399 734 nihil
417 703 737 741 nicruitnisijiistum
756 713 762 732 ε
780 711 858 740 ergo
879 710 943 732 non
960 709 1027 730 me-

259 757 323 787 ruit
337 756 428 787 nobis
440 755 646 796 apertionem.

300 813 328 841 5.
343 810 420 841 ltem
440 809 574 840 charitas
589 810 730 839 merctur
743 807 878 847 gloriam
894 817 934 838 ex
951 816 1029 838 eou-

258 864 357 902 digno
373 873 380 894 :
398 863 450 894 sed
474 863 634 893 Abraham
652 862 761 892 habuit
776 862 972 899 charitatem,
991 862 1029 891 si-

258 920 309 948 cut
327 926 385 947 nos
398 916 551 946 habemus
568 925 575 946 z
591 924 670 954 ergo
682 917 737 945 ant
750 914 829 945 Deus
844 924 917 945 cum
929 924 964 945 eo
982 915 1030 944 in-

254 971 340 1010 juste
355 970 432 1009 egit,
449 972 503 1000 aut
524 978 598 999 eum
614 969 646 998 in
669 968 804 1007 gloriam
829 968 1004 998 introduxit
1021 977 1028 997 ε

258 1026 288 1054 et
299 1024 324 1053 si
339 1024 409 1060 hoc,
425 1023 529 1054 aditus
544 1022 636 1061 regni
654 1021 754 1060 patuit
774 1023 845 1051 ante
856 1020 1029 1051 adventum

260 1076 370 1107 Christi
385 1088 391 1107 :
413 1086 477 1106 non
491 1085 568 1115 ergo
586 1077 693 1115 aperta
709 1074 769 1105 fuit
778 1075 879 1113 Janua
893 1083 948 1113 per
964 1083 1031 1104 me-

259 1129 319 1159 rita
327 1131 406 1169 eJus.

299 1186 328 1213 ti.
344 1182 421 1213 ltcm
437 1182 512 1212 fides
527 1181 640 1211 Christi
656 1182 729 1210 ante
739 1179 913 1210 adventum
929 1179 1029 1209 ChrIs-

258 1235 282 1265 ti
299 1236 341 1265 ita
355 1234 571 1265 introducebat
586 1233 731 1264 homines
745 1242 763 1262 a
784 1235 867 1263 statu
880 1232 981 1271 culpae
998 1233 1030 1263 in

260 1291 376 1319 statum
395 1288 517 1327 gratiae,
534 1287 615 1316 sicut
630 1288 659 1316 et
675 1288 743 1325 post
761 1285 936 1315 adventum
954 1294 961 1315 :
980 1294 1029 1315 er-

261 1350 303 1380 go
328 1344 357 1371 et
374 1341 440 1380 pari
458 1340 577 1370 ratione
602 1339 647 1368 sic
665 1339 773 1368 debuit
801 1338 998 1368 introducere
1014 1347 1032 1367 a

262 1397 346 1424 statu
362 1394 423 1424 viae
433 1394 466 1423 in
481 1396 597 1423 statum
608 1392 720 1431 gloriae
735 1394 822 1429 tunc,
838 1392 917 1421 sicut
925 1400 1009 1421 nunc
1024 1399 1031 1420 ε

261 1457 340 1486 ergo
356 1447 381 1477 si
397 1456 483 1477 nunc
494 1446 637 1476 fidelibus
654 1445 861 1475 morientibus
885 1447 967 1484 patet
983 1445 1032 1474 in-

262 1510 391 1541 gressus
401 1500 434 1530 in
450 1499 577 1537 ecclam,
594 1499 719 1530 videtur
730 1498 813 1538 quod
830 1500 901 1528 ante
916 1498 1033 1529 adven-

261 1557 330 1584 tum
346 1554 458 1584 Christi
470 1562 478 1584 ι
488 1562 566 1592 ergo
580 1554 679 1593 janua
694 1552 763 1583 coeli
772 1561 836 1582 non
850 1552 908 1582 fuit
923 1553 1032 1591 aperta

261 1617 316 1648 per
327 1609 397 1648 ejus
411 1607 535 1637 merita.

533 1721 757 1753 CONCLUSio.

263 1805 380 1832 Christus
392 1812 441 1839 per
458 1811 533 1830 suum
551 1804 673 1829 meritum
694 1803 789 1829 meruit
810 1802 886 1828 nobis
905 1802 1033 1836 paradisi

310 1850 421 1876 caelestis
435 1849 616 1883 apertionem,
633 1849 698 1881 quia
710 1849 818 1881 peccato
838 1847 980 1879 satisfecit.

303 1928 394 1968 Resp.
411 1927 449 1957 ad
464 1936 533 1965 arg.
550 1926 597 1956 Ad
613 1925 838 1965 praedictorum
854 1925 1033 1965 intelligen-

262 1982 338 2013 tiam
353 1983 398 2011 est
412 1979 586 2010 notandum
596 2003 603 2016 ,
621 1978 706 2018 quod
721 1980 765 2008 est
792 1979 955 2018 paradisus
971 1981 1034 2009 ter-

262 2035 380 2072 restris,
401 2035 432 2064 et
459 2034 504 2063 est
532 2031 695 2072 paradisus
710 2031 857 2069 coelestis3
879 2034 910 2062 et
932 2032 1034 2062 Adam

263 2089 410 2129 peccante
437 2085 605 2124 utriusque
616 2085 718 2124 janua
734 2084 841 2114 clausa
855 2084 925 2115 fuit.
943 2084 1035 2115 Clau-

265 2141 311 2172 sio
324 2142 430 2171 autem
442 2140 552 2178 ‚ianuae
574 2138 708 2178 paradisi
725 2138 888 2177 ¹‚terrestris
903 2138 1034 2177 signum

264 2195 325 2226 fuit
339 2192 507 2225 clausionis
528 2193 637 2231 Januae
663 2191 799 2231 paradisi
824 2191 966 2221 ccelestis.
983 2190 1036 2222 Est

266 2252 372 2280 autem
387 2246 551 2287 paradisus
566 2245 699 2275 coelestis
721 2246 829 2284 aperta
854 2244 936 2275 visio
958 2244 1010 2275 Dei
1026 2257 1032 2276 z

265 2302 383 2334 clausio
398 2302 502 2331 autem
520 2299 617 2337 huJus
625 2299 736 2337 januae
751 2297 810 2327 fuit
835 2297 1036 2337 impossibili-

266 2358 313 2386 tas
327 2354 453 2386 videndi
469 2353 568 2383 Deum
583 2352 668 2391 ttacie
683 2351 720 2381 ad
736 2350 861 2389 faeiem,
884 2360 956 2390 quae
976 2351 1037 2381 im-

266 2407 453 2450 possibilitas
480 2405 693 2444 consurgebat
716 2413 756 2434 ex
783 2403 894 2434 merito
919 2405 1035 2443 peccati

267 2463 356 2499 Adae,
377 2463 408 2492 et
427 2469 468 2492 ex
484 2459 608 2491 decreto
632 2458 749 2488 divinae
772 2457 934 2488 sententiae
944 2481 954 2496 ,
971 2466 1037 2497 quo

267 2516 383 2546 scilicet
411 2514 494 2545 Deus
521 2511 785 2543 determinaverat
813 2511 974 2541 neminem
997 2511 1037 2541 ad

267 2570 318 2601 sui
331 2571 491 2610 aspectum
505 2567 681 2604 admittere,
696 2565 757 2596 nisi
772 2565 852 2595 facta
878 2567 959 2596 esset
977 2564 1037 2595 sihi

269 2622 402 2654 emenda
417 2623 447 2652 et
473 2619 639 2651 satisfactio
665 2627 720 2658 pro
742 2618 795 2648 illo
821 2619 946 2657 peccato
971 2626 979 2647 :
1007 2619 1038 2648 et

800 154 1107 188 SENTENTIARUM
1130 155 1203 187 LlB.
1229 156 1280 186 111.

1080 222 1230 262 quoniam
1239 223 1372 253 emenda
1383 229 1413 254 et
1425 225 1591 256 satisfactio
1602 226 1681 257 facta
1696 228 1741 257 est
1751 222 1783 257 ei¹
1794 237 1850 267 per

1082 275 1252 313 Christum,
1269 276 1349 306 sicut
1362 277 1475 307 melius
1491 279 1571 309 infra
1586 279 1848 316 manifestabitur,

1082 327 1156 358 hinc
1183 331 1229 358 est
1256 329 1338 368 quod
1357 339 1413 369 per
1441 332 1590 362 meritum
1615 332 1727 362 Christi
1751 333 1852 372 patuit

1083 382 1174 412 nobis
1189 383 1353 421 ingressus
1368 383 1399 412 in
1415 383 1543 414 omium.
1577 385 1661 415 Unde
1677 385 1849 416 coneeden-

1083 435 1130 465 dae
1147 438 1221 466 sunt
1246 436 1383 467 rationes
1399 439 1429 468 et
1456 438 1672 477 auctoritates,
1690 449 1761 479 quae
1791 439 1851 470 hoc

1083 489 1264 519 ostendunt.

1127 544 1152 572 l.
1170 542 1217 572 Ad
1241 542 1316 572 illud
1334 551 1408 573 vcro
1423 543 1507 582 quod
1523 543 1693 583 opponitur
1707 545 1744 575 de
1761 554 1850 584 para-

1084 595 1150 625 diso
1164 595 1280 625 coelesti
1302 598 1331 625 ot
1347 596 1496 633 terrestri,
1513 596 1680 626 dicendum
1694 597 1778 636 quod
1798 607 1852 637 per

1084 648 1234 678 meritum
1249 648 1361 678 Christi
1378 650 1479 688 patuit
1494 649 1584 679 nobis
1597 649 1700 680 aditus
1716 649 1749 679 in
1760 658 1852 689 para-

1084 701 1187 731 disum
1208 702 1363 732 coelestem
1376 726 1384 740 ,
1401 704 1492 742 cnjus
1510 704 1619 740 januae
1642 703 1759 734 clausio
1774 703 1854 734 facta

1084 754 1145 784 fuit
1171 755 1263 785 nobis
1291 764 1346 795 per
1372 755 1515 786 divinam
1547 756 1748 794 sententiam,
1774 757 1855 787 sicut

1085 808 1270 848 praedictum
1285 811 1341 846 est,
1359 811 1389 839 et
1403 808 1552 848 Magister
1565 809 1674 839 recitat
1690 809 1721 839 in
1731 809 1850 840 littera:

1085 861 1212 898 propter
1226 859 1285 889 hoc
1311 860 1391 890 ratio
1406 860 1534 890 inducta
1550 860 1690 900 procedit
1705 869 1759 900 per
1777 869 1855 899 sup·

1086 912 1271 951 positionem
1291 913 1373 943 falsi.

1126 968 1154 996 9..
1174 965 1220 995 Ad
1234 965 1311 996 illud
1326 966 1408 1005 quod
1425 966 1591 1005 quaeritur,
1608 968 1718 997 utrum
1734 975 1857 997 merue-

1086 1018 1126 1048 rit
1153 1019 1244 1048 nobis
1273 1019 1467 1058 apertionem
1491 1021 1602 1058 Janute
1630 1019 1751 1050 actione
1768 1043 1775 1055 ,
1807 1019 1857 1050 vel

1087 1071 1243 1110 passione,
1266 1072 1434 1103 dicendum
1460 1072 1543 1112 quod
1568 1082 1623 1112 per
1648 1072 1824 1112 passionem
1847 1083 1854 1103 ε

1088 1134 1143 1164 per
1169 1126 1346 1164 passionem
1371 1126 1457 1156 enim
1481 1126 1639 1164 satisfecit,
1668 1128 1699 1157 et
1719 1126 1857 1166 pretium

1088 1178 1247 1217 persolvit.
1266 1178 1327 1209 Nec
1342 1179 1487 1218 sequitur
1502 1179 1584 1218 quod
1611 1180 1738 1218 propter
1753 1179 1858 1209 hocin

1087 1231 1199 1262 merito
1223 1232 1403 1271 profecerit;
1421 1232 1495 1271 quia
1521 1241 1584 1262 non
1600 1232 1669 1269 sibi,
1690 1232 1743 1262 sed
1767 1231 1858 1262 nobis

1087 1285 1206 1315 meruit
1231 1295 1237 1315 z
1261 1287 1292 1314 ct
1306 1285 1374 1315 ideo
1392 1294 1455 1315 non
1471 1287 1570 1324 potest
1585 1284 1730 1315 concludi
1745 1293 1786 1314 ex
1799 1283 1859 1314 hoc

1087 1338 1171 1377 quod
1184 1338 1249 1377 ipse
1265 1338 1440 1377 profecerit,
1465 1338 1517 1368 sed
1531 1338 1616 1377 quod
1639 1347 1698 1368 nos
1717 1338 1857 1377 profece-

1087 1390 1198 1420 rImus.

1128 1446 1157 1474 3.
1175 1443 1221 1474 Ad
1237 1444 1313 1474 illud
1337 1444 1421 1484 quod
1437 1444 1626 1484 opponitur,
1650 1444 1735 1484 quod
1761 1444 1856 1475 meri-

1087 1499 1157 1528 tum
1173 1498 1314 1529 consistit
1328 1500 1431 1528 totum
1449 1498 1480 1528 in
1495 1498 1598 1528 radice
1623 1497 1794 1534 charitatis,
1812 1497 1861 1528 di-

1088 1551 1222 1582 cendum
1241 1551 1325 1590 quod
1342 1553 1385 1581 est
1417 1551 1567 1581 meritum
1595 1550 1768 1590 adeptionis
1783 1550 1859 1581 vitae

1088 1606 1229 1641 aeternae,
1245 1606 1276 1634 et
1304 1606 1350 1634 est
1367 1603 1516 1634 meritum
1536 1603 1729 1634 dimissionis
1742 1612 1857 1644 poenae.

1089 1657 1237 1688 Meritum
1264 1658 1338 1688 vitae
1365 1660 1493 1688 aeternae
1523 1657 1665 1687 consistit
1692 1657 1728 1687 in
1756 1656 1859 1688 radice

1089 1710 1265 1748 charitatis;
1283 1710 1432 1740 meritum
1448 1711 1555 1740 autem
1578 1709 1774 1740 remissionis
1790 1718 1860 1749 poe-

1088 1772 1139 1794 nze
1155 1773 1219 1794 non
1247 1766 1370 1793 tanturn
1398 1762 1539 1792 consistit
1565 1762 1599 1792 in
1623 1762 1790 1801 charitate,
1806 1763 1859 1794 sed

1089 1818 1184 1847 etiam
1212 1818 1245 1847 in
1273 1816 1426 1856 passionis
1453 1815 1632 1846 acerbitate.
1656 1815 1784 1854 Apertio
1798 1825 1860 1846 au-

1089 1872 1153 1901 tem
1174 1872 1281 1910 Januae
1304 1869 1518 1909 principaliter
1544 1868 1732 1899 consistebat
1756 1878 1858 1908 quan-

1089 1926 1156 1954 tum
1173 1923 1211 1954 ad
1229 1923 1377 1953 moritum
1403 1922 1593 1953 dimissionis
1607 1931 1710 1962 poenae
1723 1945 1731 1958 ‚
1747 1931 1804 1962 pro
1823 1931 1860 1953 eo

1089 1976 1174 2017 quod
1190 1976 1241 2006 illa
1255 1976 1375 2016 apertio
1395 1976 1464 2006 fieri
1480 1975 1615 2006 habebat
1629 1984 1685 2015 per
1712 1983 1793 2014 opus
1813 1984 1861 2005 sa-

1089 2029 1272 2060 tisfactionis
1290 2040 1296 2059 ;
1314 2029 1481 2059 satisfactio
1491 2031 1598 2059 autem
1607 2028 1642 2059 fit
1655 2028 1797 2059 maxime
1805 2036 1861 2068 per

1090 2091 1186 2123 opera
1200 2082 1348 2122 poenalia.

1130 2139 1160 2168 4.
1178 2137 1225 2168 Ad
1241 2137 1317 2167 illud
1334 2136 1419 2176 quod
1432 2136 1614 2176 opponitur,
1630 2136 1713 2176 quod
1728 2137 1783 2166 aut
1795 2137 1861 2167 erat

1087 2190 1224 2230 justum,
1237 2192 1293 2220 aut
1309 2190 1464 2229 injustum
1479 2190 1568 2220 nobis
1582 2191 1716 2229 januam
1731 2188 1858 2228 aperiri,

1091 2243 1260 2274 dicendum
1286 2243 1369 2283 quod
1392 2245 1465 2273 ante
1491 2243 1744 2279 satisfactionem,
1769 2243 1860 2272 reatu

1092 2298 1250 2335 manente,
1259 2298 1384 2336 justum
1400 2299 1466 2327 erat
1481 2297 1613 2335 J'anuam
1628 2294 1718 2325 nobis
1732 2294 1832 2324 claudi
1850 2305 1857 2332 ;

1091 2351 1145 2382 sed
1160 2351 1367 2382 satisfactione
1373 2351 1440 2390 jam
1455 2350 1544 2386 facta,
1554 2349 1678 2388 justum
1690 2349 1757 2378 erat
1770 2347 1861 2378 nobis

1087 2405 1224 2445 januam
1238 2403 1364 2443 aperiri.
1382 2402 1468 2434 Unde
1489 2401 1629 2432 Christus
1643 2400 1860 2431 satisfaciendo

1092 2458 1163 2490 fecit
1178 2457 1268 2488 nobis
1294 2457 1332 2488 de
1347 2455 1484 2487 indebito
1506 2454 1665 2492 debitum,
1683 2463 1719 2485 ac
1733 2462 1788 2494 per
1800 2453 1861 2485 hoc

1092 2520 1168 2542 vere
1181 2513 1211 2541 et
1225 2509 1350 2550 proprie
1361 2508 1449 2539 nobis
1463 2507 1579 2538 meruit
1593 2506 1708 2547 aperiri
1729 2506 1857 2538 coelum.

1092 2562 1191 2601 Unde,
1205 2571 1278 2593 cum
1299 2561 1416 2592 dicitur
1437 2560 1521 2600 quod
1546 2560 1687 2591 Christus
1700 2559 1781 2590 nihil
1795 2568 1861 2590 me-

1094 2616 1160 2648 ruit
1174 2616 1341 2656 injustum,
1369 2613 1536 2644 dicendum
1566 2613 1652 2653 quod
1674 2613 1750 2644 illud
1766 2613 1860 2644 habet
