2017 2960
79 2097 112 2116 Ad
123 2103 165 2123 opp

182 185 239 214 150

179 252 262 281 turae
282 248 420 280 habeant
442 248 598 279 rationem
620 247 733 287 medii,
750 250 821 289 plus
844 252 950 280 tamen

179 305 336 344 quantum
362 303 401 334 ad
424 302 578 333 unitatem
602 312 635 333 se
659 306 765 334 tenent
788 312 861 333 cum
885 304 952 342 ipsa

178 356 352 398 hypostasi.
368 356 402 387 Et
417 356 496 386 ratio
512 356 608 395 hujus
624 359 668 386 cst
683 356 800 396 duplex
815 356 951 395 :p1·i1na,

180 411 255 452 quia
270 419 320 441 res
344 413 466 441 natura·
487 409 677 448 prwdicatur
698 410 736 439 de
760 410 827 448 ipsa
849 409 951 448 hypo-

180 465 266 502 stasi,
283 464 337 495 sed
352 472 414 493 non
430 462 621 502 praulicatur
636 463 674 492 dc
690 463 757 502 ipsa
774 466 888 493 natura
903 462 955 492 ab-

181 518 327 549 stractive
351 515 563 550 considerata,
581 524 637 545 nce
661 525 677 546 c
701 525 876 553 converso·‚
895 516 955 546 alia

181 571 273 607 ratio,
290 569 364 609 quia
380 567 594 598 denominatio
609 568 644 598 fit
663 578 681 598 a
700 568 836 599 termino
855 580 860 599 :
879 569 955 600 111110

180 627 287 655 antem
303 622 467 653 ordinatur
487 622 525 651 ad
546 621 648 660 ipsam
672 622 887 662 hypostasim,
905 622 955 652 vel

182 685 349 717 personam
363 699 370 713 ‚
387 677 539 714 tanquam
559 675 597 705 ad
613 675 787 705 terminum
805 687 811 706 ι
829 678 859 706 ct
883 675 959 715 quia

181 732 214 761 in
236 730 360 760 Christo
380 731 502 759 natura*
520 729 551 759 in
570 738 633 759 una
656 728 819 768 hypostasi
836 729 956 759 uniun-

182 786 251 821 tur,
268 783 338 813 idco
354 791 403 813 res
419 784 541 812 natura),
561 782 593 811 in
617 782 741 812 Christo
758 791 822 811 non
837 784 961 821 ponunt

183 837 216 867 in
241 844 428 873 numerum,
445 837 481 866 ut
501 837 628 875 propter
648 835 732 874 ipsas
755 834 897 865 Christus
918 834 961 865 di-

185 893 274 921 catur
286 899 354 921 esse
371 890 445 919 duo.

225 952 254 978 7.
272 948 320 978 Ad
334 947 411 977 illud
427 946 513 986 quod
528 945 695 985 objicitur,
711 946 797 984 quod
819 945 962 976 Christus

186 1004 233 1033 est
253 1001 371 1040 aliquid
391 999 473 1039 quod
492 1002 538 1029 est
558 999 665 1036 Pater,
684 999 854 1029 dicendum
879 998 964 1038 quod

188 1064 261 1086 cun]
284 1054 398 1084 (licitur
417 1063 422 1082 z
447 1051 621 1082 «Christus
644 1054 690 1082 est
707 1051 828 1090 aliquid
851 1060 963 1082 secun-

187 1109 263 1140 dum
279 1107 363 1147 quod
380 1106 476 1137 homo
487 1130 494 1144 ‚
510 1116 524 1133 2>
544 1105 670 1145 alt'quz'd
688 1114 752 1135 11011
772 1105 846 1135 dicit
862 1105 965 1145 ipsam

187 1164 336 1194 naturam
363 1161 566 1197 abstractam,
589 1159 643 1190 sed
668 1161 793 1189 naturae
820 1159 965 1199 supposi-

188 1218 274 1247 tum:
288 1215 384 1253 unde,
402 1223 475 1245 cum
490 1213 606 1244 dicitur
621 1212 765 1243 Christus
780 1221 847 1242 esse
857 1212 965 1250 homo,

189 1267 299 1298 relatio
310 1265 489 1306 implicatur
502 1264 703 1294 intrinsecus.
717 1263 806 1294 Sicut
817 1272 896 1302 ergo
903 1272 967 1293 non

188 1319 289 1357 valet,
311 1331 325 1347 ι(
345 1318 487 1350 Christus
509 1319 556 1347 est
575 1317 726 1354 essentia,
749 1326 821 1356 qua}
847 1318 894 1347 est
910 1315 967 1346 Pa-

188 1375 248 1410 ter,
265 1375 295 1403 et
309 1374 355 1402 est
370 1380 522 1411 persona,
540 1380 613 1410 quae
630 1379 694 1401 non
710 1373 754 1400 est
770 1370 872 1407 Pater,
891 1378 968 1408 ergo

189 1429 236 1458 est
250 1427 313 1457 duo
326 1437 333 1463 ;
353 1435 367 1453 i>
381 1425 456 1465 quia
470 1425 603 1455 essentia
619 1434 683 1455 non
696 1425 782 1464 ponit
808 1424 841 1454 in
856 1432 968 1454 nume-

190 1489 263 1512 rum
277 1488 352 1510 cum
368 1488 516 1519 persona,
540 1487 597 1508 nec
620 1478 739 1508 dictum
759 1477 969 1508 substantiali-

194 1536 242 1564 ter
255 1557 263 1571 ‚
280 1541 354 1563 cum
369 1542 405 1562 eo
421 1532 505 1572 quod
521 1532 636 1562 dicitur
652 1531 827 1561 secundum
842 1531 971 1561 relatio-

192 1595 284 1624 nem;
303 1586 346 1616 sic
360 1594 425 1615 non
445 1585 541 1615 habet
553 1585 701 1623 vigorem
719 1584 816 1614 illatio
840 1584 971 1614 rationis

193 1638 362 1679 praedictae.
382 1638 468 1669 Unde
485 1640 648 1678 peccatum
660 1637 746 1668 illius
761 1637 911 1668 illationis
925 1647 971 1668 re-

194 1694 267 1725 duci
289 1695 392 1733 potest
415 1693 454 1723 ad
477 1693 583 1723 locum
607 1691 828 1732 sophisticum,
846 1691 902 1731 qui
925 1693 971 1722 est

195 1747 304 1786 figura
318 1745 474 1777 dictionis.

448 1862 651 1900 QUAESTIO
680 1861 723 1893 11.

196 1947 242 1973 An
259 1952 375 1981 persona
395 1944 495 1972 Christi
514 1945 550 1969 sz't
569 1951 623 1969 una
643 1944 751 1969 unitate
769 1943 905 1977 simplici,
930 1944 973 1970 rel

496 1990 644 2023 composita
660 1987 679 2015 ¹.

240 2071 353 2102 Utrum
364 2079 498 2110 persona
512 2069 627 2101 Christi
643 2069 682 2099 sit
695 2077 760 2099 una
769 2067 889 2098 unitate
900 2067 975 2098 sim-

201 2125 289 2165 plici,
305 2126 359 2155 aut
382 2123 555 2163 composita
566 2147 574 2161 ,
599 2123 680 2158 sicut
694 2122 817 2153 dicebat
837 2121 975 2152 secunda

202 2179 319 2219 opinio.
335 2177 372 2208 Et
389 2177 473 2217 quod
488 2177 602 2207 habeat
617 2177 648 2206 in
666 2185 699 2206 se
717 2175 872 2206 unitatem
887 2184 975 2206 com-

202 2231 353 2272 positam,
365 2230 492 2261 videtur
508 2230 611 2269 primo
626 2239 681 2269 per
695 2229 773 2260 illud
796 2229 879 2268 quod
895 2228 972 2259 dici-

201 2289 254 2317 tur
267 2286 301 2316 in
316 2284 467 2325 Symbolo
481 2288 491 2303 ²
508 2293 515 2314 ;
534 2295 548 2312 (ι
562 2283 642 2314 Nam
661 2283 741 2313 sieut
754 2283 862 2313 anima
876 2282 972 2313 ratio-

201 2339 282 2370 nalis
306 2340 338 2369 et
361 2347 433 2368 caro
456 2346 540 2367 unus
565 2339 611 2367 est
634 2337 746 2373 homo,
772 2336 815 2366 ita
842 2336 923 2366 Deus
945 2337 975 2366 et

200 2392 298 2424 homo
321 2400 405 2423 unus
431 2393 478 2422 est
503 2390 656 2421 Christus.
681 2401 695 2419 n
723 2390 784 2421 Sed
808 2389 904 2420 homo
929 2391 976 2420 θεῖ

201 2445 394 2486 compositus
408 2454 447 2476 ex
463 2444 569 2475 anima
585 2446 615 2474 et
631 2452 725 2474 carne
741 2454 746 2473 :
766 2452 845 2482 ergo
861 2443 975 2474 Christi

201 2508 336 2539 persona
355 2501 402 2530 est
421 2497 595 2538 composita
616 2505 656 2527 ex
677 2496 842 2527 divinitate
860 2498 891 2527 et
912 2497 973 2527 hu-

200 2553 361 2584 manitate.

236 2633 293 2662 ¹Cs.
303 2632 429 2656 Richard..
444 2633 472 2656 ΙΙΙ
486 2633 564 2661 Seni„
575 2632 632 2655 dist.
647 2637 685 2660 Vl,
698 2638 722 2661 q.
738 2637 764 2660 113
778 2630 973 2662 Stepli.l3rolct'.‚

189 2670 235 2694 -ΙΙΙ
251 2669 330 2697 Seni„
346 2669 402 2692 dist.
419 2674 453 2699 vi,
473 2676 498 2699 q.
515 2675 550 2698 n;
566 2668 719 2698 [ὶυιζΙίθΙιυιμΥ
738 2667 826 2697 Vol-il„
843 2668 874 2690 lll
896 2668 975 2697 Sena,

731 182 1040 214 SENTENTIARUM
1064 182 1136 212 LIB.
1162 181 1214 211 ΙΙΙ.

1050 251 1079 279 2.
1096 249 1174 279 Item
1189 248 1411 287 Damascems,
1425 250 1459 280 in
1471 249 1553 281 libro
1567 250 1659 281 tertio
1674 250 1703 281 ⁸:
1719 263 1733 280 a
1746 251 1782 282 In

1009 302 1141 333 Domino
1155 301 1170 332 J
1174 310 1230 331 esu
1244 300 1370 332 Christo
1383 301 1462 333 duas
1477 305 1607 334 naturas
1622 305 1784 343 cognosci-

1010 364 1093 390 mus,
1111 356 1141 384 et
1155 362 1254 384 uuam
1269 354 1464 393 hypostasim
1480 364 1520 386 ex
1536 357 1679 396 utrisque
1694 366 1784 388 com-

1010 409 1154 449 positam.
1181 419 1195 435 »
1216 407 1248 437 Si
1272 416 1350 446 crgo
1376 409 1551 440 secundum
1573 411 1679 450 ipsum
1700 411 1784 441 idem

1010 465 1057 492 est
1073 461 1262 501 hypostasis,
1279 462 1310 491 et
1326 469 1472 500 persona,
1488 471 1578 501 ergo,
1595 466 1653 494 etc.

1051 516 1080 546 3.
1108 515 1183 545 item
1204 514 1380 545 intellectus
1402 524 1545 554 personae
1568 518 1787 558 praesupponit

1012 569 1209 599 intellectum
1224 570 1348 598 naturae
1364 577 1372 598 ι
1389 568 1443 598 sed
1458 568 1484 598 si
1497 571 1543 599 est
1555 571 1739 610 compositio
1753 571 1787 602 in

1013 632 1050 652 co
1063 621 1147 661 quod
1162 620 1430 660 praesupponitur‚
1448 622 1625 653 necessario
1640 625 1687 653 est
1701 633 1788 654 com-

1014 675 1125 715 positio
1142 674 1175 704 in
1190 684 1226 704 eo
1245 674 1330 714 quod
1345 675 1494 714 supponit
1511 686 1517 705 :
1540 685 1613 706 cum
1627 685 1707 716 ergo
1729 686 1789 707 na-

1014 732 1086 761 tura
1099 730 1241 760 humana
1252 730 1284 759 in
1297 729 1420 761 Christo
1435 731 1475 761 sit
1487 732 1671 771 composita,
1685 741 1791 763 neces-

1015 783 1098 813 sario
1119 783 1208 822 sequi
1223 783 1349 813 videtur
1363 784 1448 823 quod
1467 793 1603 824 persona
1617 785 1792 826 composita

1017 836 1077 867 dici
1091 836 1213 866 debeat.

1058 892 1087 919 Ji.
1111 889 1197 928 item,
1211 890 1237 920 si
1258 890 1402 921 Christus
1417 892 1498 922 esset
1511 891 1615 923 solum
1631 901 1671 923 ex
1685 892 1793 924 anima

1017 942 1161 972 rationali
1179 944 1210 973 et
1223 952 1328 980 carne,
1345 944 1476 975 haberet
1490 945 1686 985 hypostasim
1703 955 1792 977 com-

1018 996 1153 1035 positam
1173 1005 1276 1035 :ergo
1298 1005 1371 1027 cum
1393 997 1506 1028 habeat
1525 999 1558 1028 in
1585 1007 1618 1028 se
1641 999 1792 1038 animam,

1020 1050 1051 1078 et
1065 1057 1211 1086 carnem,
1228 1051 1259 1079 et
1272 1049 1483 1089 divinitatem,
1499 1059 1555 1090 per
1569 1050 1674 1081 locum
1690 1060 1709 1081 a
1732 1051 1791 1081 mi-

1020 1101 1109 1137 nori,
1138 1101 1238 1132 multo
1267 1103 1372 1142 magis
1397 1103 1522 1135 videtur
1543 1104 1660 1135 habere
1691 1103 1794 1145 hypo-

1021 1155 1130 1185 stasim
1145 1156 1362 1195 compositam.

1063 1210 1092 1238 5.
1118 1208 1196 1238 item
1219 1209 1361 1241 Christus
1385 1213 1432 1242 est
1453 1211 1550 1242 honio
1572 1214 1628 1243 aut
1647 1211 1794 1252 simplex,

1023 1263 1079 1292 aut
1093 1263 1285 1302 compositus
1308 1275 1314 1294 :
1330 1266 1451 1295 constat
1464 1265 1548 1304 quod
1563 1274 1628 1296 non
1643 1264 1790 1305 simplex,

1023 1315 1099 1354 quia
1114 1315 1183 1346 11ωο
1201 1319 1248 1346 est
1265 1319 1375 1348 contra
1393 1320 1542 1348 naturam
1562 1318 1794 1349 humanitatis:

1024 1370 1070 1399 est
1089 1378 1167 1408 ergo
1187 1369 1285 1400 homo
1304 1371 1506 1411 compositus.
1531 1370 1592 1402 Sed
1615 1371 1711 1401 homo
1732 1379 1799 1401 non

1024 1423 1216 1462 praedicatur
1230 1423 1268 1454 de
1282 1423 1404 1455 Christo
1422 1424 1482 1454 nisi
1497 1424 1619 1455 ratione
1632 1424 1800 1464 suppositi,

1026 1478 1056 1506 et
1070 1476 1249 1516 hypostasis
1265 1489 1271 1507 :
1287 1487 1365 1517 ergo
1380 1478 1508 1509 videtur
1522 1478 1606 1518 quod
1621 1487 1755 1518 persona
1766 1478 1801 1509 in

1026 1529 1148 1561 Christo
1161 1531 1273 1562 debeat
1287 1531 1348 1562 dici
1362 1532 1545 1571 composita.

1067 1583 1126 1614 Sed
1146 1586 1255 1614 contra
1276 1593 1283 1614 z
1302 1584 1401 1615 Omne
1416 1584 1630 1624 compositum
1643 1583 1797 1624 composi-
1815 1602 1918 1625 Fundam-

1027 1636 1112 1667 tione
1127 1637 1293 1676 temporali
1308 1639 1355 1668 est
1369 1638 1541 1677 temporale
1556 1647 1564 1668 :
1581 1637 1607 1667 si
1627 1646 1705 1677 ergo
1727 1646 1800 1677 per-

1027 1698 1104 1720 sona
1120 1690 1235 1720 Christi
1255 1692 1300 1720 est
1329 1691 1503 1730 composita
1522 1693 1553 1721 et
1571 1691 1697 1722 nonnisi
1714 1699 1801 1721 com-

1027 1743 1181 1783 positione
1196 1743 1374 1782 temporali,
1387 1752 1466 1782 ergo
1480 1752 1614 1783 persona
1629 1743 1741 1774 Christi
1755 1745 1802 1774 est

1027 1796 1209 1836 temporalis
1229 1807 1237 1826 :
1254 1805 1320 1827 11011
1340 1805 1419 1836 ergo
1437 1799 1558 1827 aeterna
1576 1807 1582 1827 :
1601 1797 1655 1827 sed
1677 1797 1738 1828 hoc
1756 1798 1802 1828 est

1028 1849 1142 1880 salsum
1159 1860 1166 1879 :
1184 1859 1273 1889 ergo,
1290 1852 1348 1880 etc.

1069 1903 1147 1933 Item
1163 1903 1358 1943 ubicumque
1378 1905 1424 1934 est
1442 1903 1627 1943 compositio
1646 1903 1685 1934 de
1705 1911 1801 1941 novo,

1028 1956 1072 1986 ibi
1087 1958 1133 1986 est
1148 1957 1302 1987 mutatio:
1320 1957 1347 1986 si
1362 1965 1440 1996 ergo
1455 1956 1490 1988 in
1504 1956 1720 1987 incarnatione
1732 1964 1804 1996 per-

1029 2018 1106 2039 sona
1127 2009 1238 2040 Christi
1258 2010 1318 2040 fuit
1341 2010 1532 2050 composita,
1556 2009 1732 2041 necessario
1753 2017 1805 2039 se-

1029 2063 1140 2103 quitur
1164 2063 1248 2103 quod
1269 2063 1364 2094 suerit
1386 2066 1508 2094 mutata
1529 2074 1536 2094 :
1558 2063 1612 2094 sed
1635 2070 1804 2102 personam

1030 2116 1124 2147 Verbi
1139 2117 1258 2148 mutari
1272 2119 1318 2148 est
1334 2117 1528 2157 impossibile
1544 2127 1551 2147 z
1569 2125 1666 2155 ergo,
1682 2117 1741 2147 etc.

1071 2171 1149 2201 Item
1170 2171 1367 2210 ubicumque
1390 2172 1437 2201 est
1461 2169 1664 2209 compositio,
1689 2169 1734 2200 ibi
1758 2170 1805 2200 est

1029 2225 1224 2265 imperfectio
1246 2224 1280 2254 in
1303 2226 1440 2263 utroque
1464 2225 1699 2261 extremorum,
1722 2230 1802 2262 quo-

1030 2279 1118 2309 niam
1146 2287 1186 2308 ex
1220 2277 1346 2308 duobus
1378 2276 1504 2307 entibus
1529 2276 1562 2307 in
1585 2278 1658 2308 actu
1681 2285 1746 2307 11011
1768 2276 1805 2306 fit

1031 2342 1150 2369 unum,
1167 2333 1198 2362 et
1215 2330 1438 2371 componibiiia
1456 2330 1618 2370 possibilia
1640 2331 1714 2360 sunt
1734 2337 1805 2360 res-

1030 2388 1123 2428 pectu
1143 2384 1307 2425 compositi
1330 2395 1337 2415 z
1355 2384 1408 2415 sed
1427 2384 1533 2414 necin
1556 2385 1672 2414 natura
1692 2381 1802 2420 Verbi,

1031 2440 1137 2471 necin
1153 2448 1287 2479 persona
1302 2439 1402 2478 potest
1423 2446 1491 2468 esse
1511 2436 1618 2476 aliqua
1637 2435 1802 2476 imperfec-

1032 2494 1074 2526 tio
1091 2505 1097 2524 z
1115 2502 1195 2531 ergo
1211 2501 1268 2522 nec
1282 2490 1478 2531 compositio.

1072 2547 1149 2579 Item
1164 2546 1218 2577 ubi
1235 2547 1281 2576 est
1295 2543 1495 2585 compositio,
1511 2541 1724 2583 compositum
1739 2550 1804 2573 non

1031 2629 1089 2653 dist.
1103 2634 1136 2658 vr,
1153 2634 1177 2658 q.
1192 2632 1208 2649 1.
1220 2639 1245 2642 --
1259 2626 1269 2642 ’
1279 2624 1367 2656 Agitur
1381 2623 1411 2648 de
1427 2621 1560 2654 SymbolO,
1575 2623 1604 2646 ut
1616 2621 1712 2652 dicunt,
1728 2621 1803 2647 Atha-

1031 2664 1104 2689 nasii.
1118 2676 1145 2680 —
1156 2663 1167 2679 ³
1177 2663 1305 2691 Damaso„
1319 2659 1349 2684 de
1360 2659 1422 2684 Fide
1434 2657 1543 2688 orthod..
1555 2657 1598 2682 lib.
1614 2658 1659 2688 ΠΙ,
1670 2665 1692 2682 c.
1707 2663 1743 2682 ιν.
