2017 2960
132 1075 187 1096 Ado
200 1084 226 1101 η.

242 207 300 236 0268
797 200 1110 234 SENTENTIARUM
1132 202 1205 232 LIB.
1230 202 1282 233 111.

240 275 299 304 test
323 272 452 313 reperiri
473 272 532 302 nisi
553 272 586 301 in
610 273 754 302 creatura
776 271 866 301 valde
890 269 1012 300 nobili:

240 335 318 365 ergo
334 326 460 357 videtur
476 325 558 365 qnod
575 325 715 355 Christus
730 333 800 354 eam
816 323 973 352 habuerit.

282 379 358 409 item
376 379 516 419 potentia
535 377 681 417 peccandi
698 379 742 406 est
758 375 898 415 potentia
919 376 1018 405 ratio-

242 433 337 470 natis,
363 437 391 463 et
415 432 467 462 illa
489 434 533 461 est
558 431 595 459 :ld
622 430 765 469 opposita
783 438 883 467 :ergo
907 429 1017 459 eadem

241 489 286 516 est
308 486 445 525 potentia
470 483 693 513 benefaciendi.
719 482 750 511 Si
778 491 856 521 ergo
882 491 947 512 non
972 484 1019 512 est

241 540 326 570 aliud
343 548 439 578 quam
462 538 597 568 liberum
614 537 783 567 arbitrium
797 560 804 573 ,
825 538 855 566 et
876 536 1018 566 Christus

241 593 375 622 liborum
391 591 557 621 arbitrium
573 590 754 629 assumpsit,
771 599 851 629 ergo
866 592 896 620 et
912 592 1018 629 poten-

242 646 316 676 tiam
335 645 493 685 peccandi.

282 699 360 729 item
383 699 486 729 solum
513 699 588 729 illud
614 701 761 729 curatum
786 700 831 728 est
857 697 892 727 in
914 697 1016 734 nobis,

241 753 325 793 quod
345 753 493 793 punitum
516 754 545 783 et
568 752 719 782 afflictum
740 751 799 781 suit
822 751 854 779 in
871 750 991 780 Christo
1010 764 1017 784 :

241 807 294 837 sed
318 806 349 836 in
371 806 462 835 nobis
486 806 590 835 curari
616 804 755 834 maxime
775 803 937 841 indigebat
962 812 1019 842 po-

242 859 338 890 tentia
353 858 512 898 peccandi,
524 857 676 897 qnoniam
691 857 743 886 illa
759 858 816 892 est,
833 864 907 895 quae
916 864 1020 894 aegro-

241 914 285 942 tat
304 921 359 951 per
375 911 501 950 culpam
518 922 524 941 ε
542 919 620 947 ergo
637 909 761 939 videtur
778 908 861 949 quod
881 908 914 938 in
929 908 1018 938 Chri-

242 968 288 996 sto
303 975 393 1005 passa
408 965 501 995 fuerit
517 967 547 994 et
562 964 694 1001 asssicta3
717 966 747 993 et
763 963 789 992 si
808 963 885 1001 hoc,
903 971 982 1001 ergo
1001 972 1019 992 a

243 1019 363 1049 Christo
379 1018 437 1049 fuit
451 1018 559 1048 habita
575 1019 603 1046 vt
623 1018 796 1055 assumpta.

283 1072 341 1101 Sed
358 1074 467 1102 contra
484 1082 490 1100 ι
508 1073 535 1101 1,
553 1070 696 1100 Christus
711 1068 887 1099 seeundum
902 1067 1019 1098 huma-

241 1135 316 1156 nam
348 1127 497 1155 naturam
521 1124 634 1154 habuit
664 1123 790 1162 plenam
822 1122 1017 1157 libertatem,

241 1178 321 1208 sicut
336 1180 365 1208 et
380 1178 506 1217 plenam
529 1177 665 1216 gratiam
687 1188 693 1207 :
711 1176 765 1206 sed
787 1176 926 1215 potentia
945 1185 1016 1215 pee-

240 1231 331 1261 candi
355 1230 459 1261 addita
484 1230 620 1260 libertati
646 1239 715 1259 eam
740 1229 909 1266 diminuit,
939 1229 1019 1258 sieut

240 1284 315 1314 dicit
326 1284 514 1314 Anselmus¹
529 1283 561 1313 in
574 1283 655 1313 libro
672 1283 710 1313 [Ie
725 1282 835 1313 Libero
852 1282 1015 1314 Arbitrio:

240 1347 318 1377 ergo
333 1338 473 1377 potentia
491 1336 637 1376 ltieecandi
653 1346 717 1366 non
733 1336 790 1366 fuit
807 1336 837 1365 in
854 1335 986 1366 Christo.

280 1395 309 1422 ἰ).
328 1391 417 1429 Item⁷
432 1391 456 1420 si
472 1390 559 1420 omni
574 1390 712 1429 potentia
723 1390 761 1427 (a)
780 1389 893 1428 aliquis
905 1391 950 1418 est
967 1398 1019 1428 po-

239 1448 320 1482 tens,
336 1453 414 1483 ergo
430 1444 455 1473 si
472 1444 504 1473 in
520 1443 627 1482 aliquo
642 1445 686 1472 est
700 1442 839 1481 potentia
856 1442 1016 1481 peccandi,

238 1499 290 1529 ille
306 1500 406 1537 potest
422 1506 551 1537 peceare
569 1507 575 1526 ι
596 1495 648 1526 sed
671 1495 812 1525 Christus
829 1504 891 1525 non
917 1495 1019 1534 potuit

238 1560 382 1591 peecare,
400 1551 479 1580 sicut
496 1550 584 1589 prius
599 1551 761 1579 ostensum
777 1550 823 1578 est
839 1558 847 1578 ι
864 1557 941 1587 ergo
962 1558 1019 1579 nec

238 1605 388 1645 peccandi
405 1604 577 1644 potentiam
594 1603 710 1633 habere
721 1627 728 1640 ‚
745 1605 803 1632 etc.

280 1662 308 1689 3.
332 1658 409 1688 Item
431 1657 571 1697 potentia
587 1657 734 1696 peccandi
761 1658 806 1686 est
823 1656 1018 1696 principium

237 1712 338 1751 eulpae
353 1721 360 1741 :
375 1712 427 1742 sed
444 1712 478 1741 111
491 1719 698 1750 quocumque
714 1710 871 1748 contingit
886 1710 1018 1749 reperiri

237 1765 441 1805 principium,
458 1763 603 1804 possibile
625 1765 670 1793 est
685 1762 823 1793 inveniri
839 1762 917 1792 illud
932 1763 1017 1802 quod

237 1829 277 1849 ex
292 1819 344 1849 illo
366 1818 525 1858 principio
541 1819 689 1847 causatur
706 1827 711 1846 ε
730 1825 808 1855 ergo
829 1816 854 1845 si
877 1816 1018 1847 Christus

237 1872 348 1902 habuit
374 1871 547 1911 potentiam
575 1870 720 1910 peccandi
737 1894 745 1907 ,
775 1870 892 1900 habere
915 1870 1019 1909 potnit

237 1927 400 1965 peecatum
429 1936 435 1954 :
462 1933 540 1963 ergo
568 1924 669 1963 potuit
690 1932 757 1954 esse
782 1923 961 1960 damnatus,
987 1925 1017 1953 et

237 1979 290 2009 Dei
307 1978 454 2008 inimicus
469 1989 475 2007 z
494 1979 523 2007 et
546 1977 572 2007 si
588 1978 649 2007 hoc
663 1979 709 2007 est
724 1976 915 2016 impossibile
927 2000 934 2013 ‚
952 1985 1018 2006 res-

237 2037 281 2065 tat
294 2034 379 2074 quod
395 2037 424 2065 et
439 2034 594 2073 primum.

276 2090 307 2118 4.
330 2087 407 2117 Item
433 2087 573 2118 Christus
597 2087 775 2117 secundum
797 2086 939 2117 animam
958 2086 1018 2116 fuit

237 2141 299 2172 Deo
313 2141 498 2171 simillimus
513 2141 595 2171 inter
605 2143 767 2171 creaturas
783 2143 925 2177 caetera&
940 2148 1018 2179 quo-

236 2194 324 2224 niam
346 2194 484 2223 maxime
510 2194 569 2223 fuit
594 2195 665 2233 ejus
688 2194 797 2224 anima
820 2193 983 2223 deiformis
1007 2203 1014 2223 ε

237 2247 291 2278 sed
315 2246 396 2277 Deus
417 2256 482 2276 non
507 2247 618 2277 habuit
642 2247 816 2287 potentiam
841 2246 1013 2286 peccandi:

237 2309 315 2339 ergo
338 2300 463 2330 videtur
485 2300 569 2339 quod
591 2309 662 2330 eam
688 2310 751 2331 non
776 2300 935 2337 habuerit,
959 2309 1017 2330 nec

237 2353 443 2392 assumpserit
458 2352 609 2383 Christus.

498 2444 725 2476 CONCLUSIO.

239 2515 358 2542 Christus
373 2515 818 2549 assumpsz'tpotmztz'ampecc-ancli,
831 2515 862 2541 id
875 2518 912 2542 est
921 2518 1016 2550 poten-

274 2560 341 2584 tiam
352 2566 405 2592 qua
417 2560 553 2592 peccatur,
570 2565 623 2583 non
635 2559 725 2582 tamen
739 2559 891 2591 potentiam
904 2567 1016 2593 peccan-

271 2603 300 2629 di
315 2603 469 2630 ordinatam
485 2602 521 2629 ad
534 2604 624 2629 actam
637 2603 778 2637 peccandi.

278 2671 369 2711 Resp.
405 2672 441 2703 ad
473 2681 541 2711 arg.
570 2670 740 2701 Dicendum
767 2672 852 2710 quod
877 2673 1017 2711 potentia

1075 269 1221 309 peccandi
1241 269 1356 300 dicitur
1377 271 1554 310 dupliciter.
1579 271 1646 301 Uno
1663 271 1755 302 modo
1771 272 1849 303 dici·

1075 325 1126 353 tur
1150 322 1289 362 potentia
1311 324 1473 363 peccandi,
1499 325 1529 355 id
1555 327 1601 355 est
1624 325 1763 364 potentia
1786 335 1849 365 qua

1075 378 1242 415 peeoatur·⁷
1262 378 1293 406 et
1316 377 1360 406 sio
1380 377 1518 416 potentia
1539 378 1687 417 ‘peccandi
1708 378 1851 409 nominat

1076 429 1181 468 ipsum
1210 428 1347 460 liberum
1381 429 1548 460 arbitrium
1577 432 1718 461 creatum
1731 455 1738 468 ‚
1765 431 1849 470 quod

1075 483 1203 522 quidem
1226 485 1327 522 potest
1347 483 1378 513 in
1403 483 1525 513 bonum
1550 484 1696 523 adjutum
1716 484 1820 523 gratia
1841 493 1848 514 ε

1075 538 1105 565 et
1120 536 1197 575 quia
1210 545 1267 575 per
1281 536 1329 566 sui
1345 539 1493 566 naturam
1509 539 1556 566 est
1570 537 1757 568 defectivum
1771 538 1850 568 bene

1076 589 1228 625 sariendi,
1250 589 1325 619 hine
1349 592 1395 619 est
1420 590 1504 629 quod
1528 589 1581 619 illa
1605 590 1758 629 potentia,
1785 591 1850 622 sive

1076 642 1206 673 facultas
1226 643 1285 673 dici
1307 645 1408 683 potest
1431 643 1569 683 potentia
1595 643 1675 674 bene
1699 644 1849 680 faciendi,

1076 698 1106 725 et
1131 697 1270 735 potentia
1294 697 1441 736 peccandi
1470 708 1476 726 :
1505 696 1613 727 nullus
1636 697 1722 727 enim
1745 698 1853 736 peccat

1076 749 1135 779 nisi
1160 759 1216 789 per
1238 750 1336 780 illam.
1363 750 1433 780 Alio
1460 750 1553 780 modo
1576 750 1690 780 dicitur
1714 749 1853 789 potentia

1076 803 1243 841 peccandi,
1260 803 1400 843 potentia
1422 803 1566 833 ordinata
1581 803 1617 833 ad
1636 802 1849 842 peccandum,

1076 858 1111 886 ut
1137 857 1275 896 potentia
1298 857 1440 887 nominet
1464 856 1583 896 aliquid
1609 856 1748 886 medium
1770 856 1852 886 inter

1076 909 1305 947 substantiam,
1332 912 1362 941 et
1388 910 1504 949 peceati
1536 912 1662 946 actum,
1686 919 1742 949 per
1767 909 1851 949 quod

1076 963 1251 993 substantia
1273 963 1326 993 illa
1348 963 1499 1003 potuisset
1516 963 1551 1002 (b)
1573 963 1661 993 exire
1678 963 1711 992 in
1733 962 1851 1002 peccati

1076 1016 1354 1056 perpetrationem.
1372 1016 1403 1046 Si
1424 1025 1501 1055 ergo
1524 1016 1628 1055 primo
1650 1016 1745 1046 modo
1771 1015 1852 1046 diea-

1075 1072 1128 1100 tur
1143 1070 1284 1110 potentia
1299 1070 1461 1110 peccandi,
1484 1070 1528 1100 sie
1543 1069 1661 1109 absque
1679 1069 1775 1100 dubio
1793 1069 1853 1099 fuit

1075 1123 1108 1152 in
1125 1123 1247 1153 Christo
1262 1134 1269 1161 ⁴,
1287 1126 1318 1154 et
1334 1124 1378 1153 sie
1393 1123 1567 1163 procedunt
1583 1123 1719 1153 rationes
1733 1122 1772 1153 ad
1791 1121 1853 1162 pri-

1076 1185 1162 1206 mam
1178 1179 1315 1216 partem,
1339 1186 1411 1216 quae
1428 1176 1599 1207 ostendunt
1621 1175 1778 1206 Christum
1794 1175 1854 1205 ha*-

1075 1230 1179 1260 huisse
1201 1231 1373 1269 potentiam
1394 1230 1561 1270 peecandi;
1585 1229 1660 1269 quia
1683 1229 1852 1268 assumpsit

1074 1282 1198 1320 integre
1212 1284 1358 1313 naturam
1374 1285 1531 1321 nostram7
1548 1285 1579 1313 et
1592 1283 1661 1321 ejus
1676 1281 1852 1321 quamlibet

1075 1336 1258 1374 potentiam.
1296 1336 1333 1366 Et
1369 1336 1437 1366 ideo
1474 1336 1612 1366 rationes
1638 1335 1699 1365 illae
1723 1334 1851 1365 concedi

1076 1391 1216 1427 possunt⁷
1233 1389 1308 1428 quia
1326 1392 1410 1420 recta
1424 1390 1477 1420 via
1493 1389 1679 1429 procedunt,
1693 1391 1723 1419 et
1736 1397 1851 1419 verum

1075 1441 1277 1472 concludunt.
1296 1442 1327 1473 Si
1344 1451 1421 1473 vero
1437 1442 1577 1482 potentia
1593 1441 1742 1481 peccandi
1765 1441 1850 1471 dica-

1075 1497 1127 1525 tur
1143 1496 1280 1534 potentia
1292 1498 1327 1526 ut
1341 1496 1486 1526 ordinata
1501 1496 1540 1525 ad
1556 1496 1721 1534 peecatum
1738 1502 1852 1534 perpe-

1074 1549 1242 1588 trandum,
1260 1549 1303 1580 sie
1329 1559 1392 1580 non
1427 1551 1473 1579 est
1497 1548 1733 1579 concedendum
1766 1546 1851 1587 quod

1075 1602 1217 1633 Christus
1232 1604 1344 1634 habuit
1366 1604 1541 1644 potentiam
1555 1601 1704 1643 peccandi
1716 1626 1724 1640 ,
1741 1610 1798 1641 pro
1813 1610 1850 1632 eo

1074 1657 1159 1696 quod
1173 1666 1302 1696 peecare
1318 1667 1382 1688 non
1403 1657 1503 1697 potuit
1519 1666 1524 1684 ε
1548 1658 1579 1687 et
1592 1656 1662 1686 talis
1677 1655 1848 1693 ordinatio,

1074 1710 1138 1741 imo
1167 1711 1381 1748 deordinatio,
1410 1710 1559 1741 diminuit
1585 1710 1623 1740 de
1654 1708 1850 1749 plenitudine

1073 1763 1226 1794 libertatis
1244 1774 1250 1793 t
1269 1765 1299 1794 et
1312 1772 1367 1803 per
1381 1763 1441 1793 hoc
1456 1765 1541 1803 patet
1555 1762 1716 1802 responsio
1736 1762 1775 1792 ad
1792 1762 1851 1801 pri-

1075 1827 1165 1848 mum
1181 1818 1341 1857 obiectum
1358 1818 1391 1848 in
1406 1818 1612 1848 contrarium.

1115 1874 1127 1901 1
1143 1875 1173 1901 et
1185 1875 1214 1902 2.
1225 1872 1273 1902 Ad
1286 1872 1364 1902 illud
1376 1872 1461 1911 quod
1470 1872 1629 1911 obiicitur,
1646 1870 1731 1910 quod
1746 1870 1849 1901 somni

1074 1924 1213 1963 potentia
1233 1926 1278 1953 est
1300 1923 1416 1962 aliquis
1437 1924 1547 1963 potens
1561 1947 1568 1959 ,
1590 1924 1661 1960 ete.;
1680 1921 1846 1952 dicendum

1073 1977 1157 2017 quod
1176 1986 1289 2007 verum
1304 1979 1366 2014 est,
1384 1976 1409 2006 si
1425 1976 1565 2016 potentia
1579 1975 1660 2006 dieat
1677 1975 1848 2006 ordinatio-

1074 2041 1146 2061 nem
1161 2031 1199 2061 ad
1213 2033 1330 2061 actum.
1344 2030 1404 2061 Sed
1418 2030 1535 2060 sidicat
1552 2029 1656 2060 solum
1671 2028 1849 2060 naturalem

1073 2084 1296 2125 aptitudinem,
1314 2093 1380 2114 non
1395 2084 1490 2114 habet
1505 2083 1682 2120 veritatem,
1698 2082 1776 2122 quia
1793 2091 1848 2122 po-

1072 2141 1131 2169 test
1142 2138 1290 2178 impediri
1306 2147 1362 2178 per
1375 2137 1556 2177 oppositum
1568 2137 1648 2175 ejuS‚
1661 2136 1742 2166 sicut
1757 2144 1848 2174 gres-

1072 2192 1175 2222 sibilis
1190 2192 1284 2221 hahet
1299 2191 1474 2221 naturalem
1491 2189 1700 2229 aptitudinem
1714 2188 1754 2219 ad
1769 2197 1847 2228 gra-

1073 2245 1235 2282 diendum,
1252 2247 1282 2274 et
1297 2253 1398 2274 caecus
1409 2244 1447 2274 ad
1466 2243 1654 2279 videndum3
1668 2251 1726 2272 nec
1739 2243 1846 2272 tamen

1073 2298 1247 2337 gressibilis
1278 2299 1442 2327 truncatus
1472 2298 1574 2336 potest
1605 2295 1706 2335 gradi.
1734 2294 1772 2325 Et
1803 2294 1847 2324 sic

1072 2351 1212 2381 damnati
1228 2351 1347 2381 habent
1359 2351 1532 2391 potentiam
1549 2347 1690 2379 merendi
1704 2358 1710 2385 ;
1728 2347 1781 2378 sed
1795 2349 1846 2377 ta-

1072 2413 1146 2435 men
1162 2404 1277 2434 mereri
1292 2413 1355 2434 non
1369 2405 1517 2443 possunt,
1532 2402 1610 2442 quia
1625 2400 1798 2440 impeditur
1812 2400 1846 2430 in

1071 2458 1115 2489 eis
1130 2458 1287 2488 ordinatio
1310 2458 1395 2488 illius
1420 2456 1582 2497 potentiae,
1609 2455 1676 2486 sive
1695 2454 1798 2485 exitus
1812 2455 1845 2485 in

1071 2511 1166 2541 talem
1181 2513 1297 2541 aetum.
1315 2510 1365 2541 Sic
1379 2513 1409 2540 et
1426 2510 1458 2539 in
1478 2508 1637 2548 proposito
1661 2507 1843 2547 intelligen-

1071 2565 1149 2595 dum
1181 2566 1246 2601 est,
1274 2564 1350 2604 quia
1381 2563 1521 2594 animam
1557 2561 1670 2593 Christi
1696 2561 1785 2592 exire
1810 2561 1844 2592 in

1104 2633 1245 2662 ¹Anselm.‚
1261 2633 1290 2656 de
1303 2632 1356 2657 Lib.
1373 2631 1481 2662 Arbion,
1498 2631 1541 2655 lib.
1559 2632 1576 2660 l,
1593 2639 1614 2655 c.
1629 2638 1647 2655 1.

1105 2681 1135 2711 (a)
1153 2680 1213 2705 Coet.
1227 2680 1285 2704 edit.
1303 2678 1496 2710 omnipotentia.
1513 2677 1585 2710 —(h)
1598 2678 1688 2710 potuit.
