2017 2960
183 1338 212 1356 ΑἸ
225 1344 275 1363 ι-Ιψ.

284 206 342 236 Ιι4-Ι,

284 273 392 310 dictio,
408 273 483 313 quia
498 282 561 303 non
578 275 622 302 est
638 270 814 301 secundum
830 269 924 300 idem.
949 268 985 299 Et
1002 277 1057 308 per

284 326 344 358 hoc
358 329 442 367 patet
457 326 619 366 responsio
634 325 672 355 ad
689 324 820 363 objecta.

523 442 765 476 ARTICULUS
789 443 814 475 Ι.

326 541 374 572 Ad
391 538 631 578 intelligentiam
649 538 747 576 hujus
768 537 865 576 partis
880 536 991 566 incidit
1006 534 1058 565 hic

285 594 418 634 quaestio
434 593 515 623 circa
531 593 604 622 duo.
623 591 730 621 Primo
748 590 833 620 enim
849 589 1004 629 quaeritur
1021 588 1058 618 de

286 648 353 687 ipsa
367 646 576 686 separatione,
589 654 662 685 quae
678 645 758 674 facta
770 646 817 674 est
831 643 863 673 in
875 645 987 680 morte,
1004 651 1059 682 per

287 700 556 740 comparationem
575 699 613 729 ad
644 697 773 728 unionis
796 696 982 732 vinculum3
1010 705 1057 725 se-

287 754 402 791 cundo,
411 763 466 793 per
476 752 746 792 comparationem
756 751 795 781 ad
805 749 1060 789 effectumipsius

287 807 502 847 separationis,
522 806 607 836 Circa
623 805 763 844 primum
775 805 968 843 quaeruntur
979 803 1057 832 tria:

287 861 391 900 primo
399 859 554 899 quaeritur
565 860 673 888 utrum
686 858 719 887 in
731 859 832 887 morte
846 856 941 887 fueiit
954 856 1062 886 anima

287 915 431 953 separata
447 922 465 942 a
480 912 609 948 deitate3
626 910 764 941 secundo
777 918 869 947 vero,
886 911 996 939 utrum
1013 908 1061 939 di-

288 967 404 997 vinitas
422 965 515 996 suerit
529 967 672 1004 separata
688 974 707 995 a
721 973 833 1000 carne3
860 962 953 993 tertio
973 970 1062 1001 quae-

287 1020 370 1050 ritur
385 1022 495 1050 utrum
510 1018 651 1049 verbum
667 1018 760 1048 fuerit
778 1016 907 1047 unitum
925 1015 1012 1046 carni
1033 1015 1064 1045 et,

288 1074 405 1105 animae
422 1072 539 1112 duplici
554 1072 684 1102 unione.

557 1179 737 1218 QUAESTIO
757 1180 781 1211 I.

338 1262 381 1288 An
397 1262 490 1287 anima
507 1259 607 1286 Christi
620 1260 705 1291 fuerit
721 1260 850 1293 separata
864 1266 880 1284 α
895 1257 995 1283 deitate
1009 1255 1028 1281 ¹.

332 1341 446 1373 Utrum
471 1341 504 1370 in
524 1341 625 1370 morte
648 1339 756 1369 anima
781 1337 893 1368 Christi
924 1338 1067 1376 separata

294 1396 388 1426 suerit
410 1404 428 1424 a
451 1394 582 1430 deitate3
605 1395 635 1423 et
665 1392 750 1431 qnod
776 1392 835 1428 sic,
858 1391 983 1421 videtur
1014 1393 1023 1408 ⁸
1057 1400 1064 1420 z

293 1450 480 1481 Potestacem
506 1446 601 1477 liabeo
619 1445 762 1485 ponendi
786 1445 929 1475 amintam
953 1451 1066 1480 mecm,

293 1507 321 1535 et
343 1504 528 1542 potestatem
552 1500 644 1530 habet)
676 1500 790 1530 iterum
812 1497 962 1528 sumendi
986 1505 1064 1528 eam.

294 1556 353 1588 Sed
372 1564 489 1595 ponere
506 1554 548 1584 ibi
561 1553 701 1583 animam
716 1561 782 1582 non
797 1554 842 1581 est
862 1551 947 1581 aliud
971 1559 1068 1590 quam

295 1611 476 1650 deponere:
495 1616 571 1646 ergo
592 1607 618 1636 si
642 1606 701 1636 iste
724 1614 828 1635 sermo
853 1606 899 1634 est
924 1612 1068 1643 personae

294 1663 365 1694 Filii
384 1662 452 1700 Dei,
470 1662 598 1692 videtur
621 1659 706 1699 quod
730 1658 828 1688 Filius
854 1657 906 1688 Dei
927 1657 1069 1687 animam

295 1720 328 1750 in
356 1721 458 1749 morte
482 1716 626 1757 deposuit
649 1726 656 1746 z
683 1723 762 1753 ergo
783 1714 817 1744 in
839 1715 940 1744 morte
964 1712 1071 1743 anima

294 1773 354 1803 fuit
369 1782 387 1803 a
401 1771 504 1802 Verbo
519 1772 673 1810 separata.

337 1828 367 1856 2.
384 1825 462 1855 Item
477 1824 554 1854 nnio
568 1823 641 1853 facit
655 1819 979 1852 communicationem
991 1819 1071 1849 idio-

299 1882 421 1910 matum
451 1887 458 1907 :
487 1877 539 1907 sed
564 1877 597 1906 in
625 1878 726 1905 morte
751 1874 902 1904 idiomata
926 1873 978 1903 Dei
1006 1881 1072 1902 non

299 1931 577 1963 communicantur
594 1929 710 1959 animae
727 1927 765 1957 ad
789 1927 936 1957 deitatem
963 1937 969 1956 z
994 1935 1072 1964 ergo

300 1986 332 2015 in
347 1986 449 2015 morte
463 1992 528 2013 non
544 1982 661 2013 mansit
681 1981 758 2011 unio
773 1980 889 2010 animae
916 1979 953 2009 ad
974 1979 1073 2009 deita-

298 2042 375 2070 tem.

343 2095 371 2123 3.
390 2092 468 2122 Item
485 2090 516 2121 in
530 2091 631 2120 morte
652 2088 838 2119 dividuntur
854 2095 927 2127 quae
942 2086 975 2116 in
992 2085 1074 2116 nati-

302 2147 400 2177 vitate
421 2146 668 2184 conjunguntur
693 2152 700 2173 z
719 2142 772 2173 sed
795 2141 944 2171 divinitas
964 2141 1075 2180 juncta

302 2203 349 2231 est
363 2200 421 2240 ipsi
436 2200 553 2229 animae
570 2198 681 2228 Christi
702 2197 734 2227 in
750 2196 848 2236 ipsius
871 2194 1075 2233 conceptione

303 2256 334 2284 et
359 2253 524 2283 nativitate
551 2252 583 2281 in
604 2253 695 2281 utero
723 2261 730 2280 ;
757 2258 836 2289 ergo
851 2250 994 2288 separata
1016 2247 1077 2277 fuit

303 2308 344 2338 ab
361 2316 397 2337 ea
413 2306 447 2336 in
460 2307 572 2336 morte.

346 2363 376 2390 4.
403 2359 481 2390 ltem
505 2358 652 2390 divinitas
675 2366 739 2387 non
760 2356 862 2396 potuit
877 2355 993 2385 animae
1011 2363 1078 2385 esse

306 2415 406 2451 unita,
419 2413 497 2453 quin
513 2412 619 2442 anima
634 2411 701 2450 ipsa
720 2410 880 2440 frueretur
899 2411 929 2439 et
944 2409 1078 2439 delecta-

306 2469 395 2498 retur
416 2467 449 2496 in
464 2466 531 2506 ipsa
549 2476 555 2496 z
573 2464 625 2495 sed
642 2464 675 2494 in
692 2465 794 2493 morte
809 2465 931 2493 remota
954 2462 1015 2492 fuit
1030 2462 1079 2492 de-

334 2546 343 2562 ¹
356 2548 395 2577 Cf.
409 2547 478 2572 Alc-x.
490 2546 632 2575 Atonsisffl,
647 2545 688 2573 ΙΙΙ,
700 2543 1078 2574 q.5.1x,memh.1;S.Tliom„

307 2590 334 2613 p.
347 2584 389 2612 ltl,
402 2590 430 2613 q.
446 2589 469 2612 L,
484 2584 531 2606 art.
547 2583 576 2611 35
589 2583 614 2605 et
629 2581 658 2604 ΙΙΙ
673 2580 752 2609 Sene„
767 2580 823 2603 dist.
846 2580 1078 2609 xx1‚q.1,art.1;

308 2621 332 2642 ut
349 2619 418 2647 (mol.
431 2619 462 2648 ΙΙ,
478 2620 525 2641 art.
542 2620 566 2647 t;
579 2619 603 2641 ct
616 2617 703 2647 Opusc.
717 2616 760 2645 lit,
775 2622 796 2638 c.
811 2620 934 2639 ccxxxii:
952 2613 1079 2643 lliclizn'd„

309 2654 341 2676 ΙΙΙ
354 2654 432 2684 Sene„
448 2650 1008 2682 ‹tisl.xx1,q.1;Th0m.Ament.,lllSent.,
1022 2649 1080 2673 dist.

311 2693 365 2719 xm,
378 2696 402 2720 q.
416 2696 433 2720 Ι,
443 2691 491 2714 art.
504 2691 511 2712 Ι
526 2696 531 2718 ς
544 2688 632 2719 Steph.
645 2686 747 2716 Bsulet..
760 2686 877 2715 luserit„
886 2685 942 2710 dist.
953 2690 1008 2715 xxi,
1018 2691 1042 2715 q.
1058 2689 1079 2714 1;

843 201 1154 234 SENTENTIARUM
1174 202 1248 233 LlB.
1273 202 1325 232 tlt.

1111 269 1233 299 lectatio
1248 269 1288 299 ab
1307 268 1424 306 anima,
1440 278 1537 308 quam
1553 269 1688 300 habehat
1701 269 1734 299 in
1748 268 1816 308 ipsa
1829 268 1880 299 di-

1111 322 1242 352 vinitate
1277 332 1283 352 :
1312 330 1389 360 ergo
1416 325 1558 361 separata
1580 323 1641 353 fuit
1667 321 1816 353 divinitas
1841 321 1880 352 ab

1111 374 1229 405 anima.
1261 375 1360 414 Major
1386 376 1557 414 propositio
1574 385 1629 415 per
1656 385 1688 406 se
1716 375 1882 409 manifesta

1111 431 1168 459 est.
1188 428 1289 459 Minor
1304 429 1457 468 probatur
1472 439 1527 469 per
1537 430 1615 460 illud
1630 430 1714 469 quod
1726 429 1859 460 dicitur⁸
1873 439 1879 459 :

1117 482 1232 513 Tristis
1255 486 1300 513 esc
1320 483 1432 513 anima
1452 491 1521 513 mea
1545 490 1640 522 usque
1663 483 1707 514 ad
1733 486 1883 521 mortem,-

1114 534 1221 564 Glossa
1242 546 1247 565 :
1268 547 1281 564 α
1296 535 1428 565 Remota
1445 535 1650 566 delectatione
1672 538 1801 566 aeternae
1815 535 1881 566 dei-

1113 587 1199 623 tatis,
1217 588 1309 618 taedio
1330 588 1479 619 humanae
1500 588 1686 619 calamitatis
1701 589 1848 619 afficitur.
1865 599 1878 617 υ

1114 640 1199 680 Ergo
1227 641 1400 671 secundum
1427 642 1518 671 istam
1551 641 1692 672 Glossam
1722 641 1884 673 delectatio

1113 695 1339 725 removebatur
1357 706 1364 724 2
1382 704 1459 734 ergo
1475 695 1550 726 unio
1565 695 1758 726 solvebatur.

1155 747 1269 778 Contra
1299 759 1305 778 :
1338 748 1537 786 Augustinus
1561 750 1591 778 et
1620 748 1855 778 Damascenus‘
1877 755 1885 777 ι

1120 813 1134 830 «
1147 802 1323 833 Anathema
1333 803 1382 840 sit,
1397 803 1451 842 qui
1465 803 1539 833 dicit
1553 803 1690 834 Verbum
1707 803 1887 843 deposuisse

1116 855 1200 895 quod
1225 856 1322 886 semel
1346 857 1558 895 assumpsit.»
1587 856 1618 886 Si
1644 866 1722 895 ergo
1746 857 1886 887 animam

1118 908 1298 947 assumpsit,
1313 918 1479 948 nunquam
1493 909 1640 948 deposuit
1653 909 1806 940 animam.

1158 963 1236 994 ltem
1257 963 1355 994 Filius
1370 963 1422 994 Dei
1444 963 1559 994 dicitur
1574 964 1768 994 descendisse
1784 963 1824 994 ad
1837 963 1888 994 in-

1118 1019 1200 1048 feros
1213 1021 1282 1057 post
1295 1020 1430 1049 mortem
1448 1027 1456 1048 t
1473 1018 1526 1049 sed
1541 1021 1664 1049 constat
1677 1018 1764 1058 quod
1777 1027 1889 1048 secun-

1119 1071 1197 1102 dum
1212 1071 1410 1102 divinitatem
1423 1080 1488 1102 non
1506 1073 1607 1111 potest
1620 1071 1692 1110 dici,
1707 1080 1767 1101 nec
1780 1079 1891 1101 secun·

1118 1124 1197 1157 dum
1220 1134 1348 1156 carnem
1375 1137 1380 1156 :
1408 1134 1506 1166 quare
1528 1127 1650 1164 oportet
1664 1125 1750 1165 quod
1769 1124 1892 1156 dicatur

1120 1179 1295 1209 secundum
1309 1179 1449 1209 animam
1467 1190 1472 1209 :
1491 1188 1568 1218 ergo
1587 1178 1696 1208 anima
1718 1179 1788 1218 post
1805 1186 1892 1208 mor-

1120 1235 1183 1263 tem
1205 1233 1264 1263 fuit
1280 1233 1339 1263 sibi
1356 1233 1446 1263 unita
1465 1242 1471 1263 :
1488 1242 1554 1263 non
1569 1242 1648 1271 ergo
1664 1232 1696 1262 in
1717 1234 1819 1262 morte
1832 1231 1893 1262 fuit

1120 1289 1274 1326 separata.

1162 1339 1241 1369 ltem
1267 1339 1291 1369 si
1319 1339 1425 1369 anima
1448 1339 1506 1369 fnit
1529 1340 1672 1378 separata
1689 1337 1724 1368 in
1745 1340 1847 1368 morte
1874 1347 1893 1368 a

1122 1392 1235 1428 Verbo,
1251 1401 1326 1423 cum
1341 1401 1406 1422 non
1426 1392 1556 1422 haberet
1570 1392 1707 1430 gloriam
1734 1390 1892 1422 fruitionis

1123 1446 1182 1475 nisi
1206 1455 1261 1485 per
1281 1446 1435 1476 unionem
1451 1445 1500 1475 sui
1523 1445 1562 1476 ad
1582 1445 1798 1481 divinitatem,
1815 1453 1893 1484 ergo

1123 1500 1229 1529 anima
1246 1499 1358 1529 Christi
1373 1499 1463 1529 desiit
1482 1508 1549 1529 esse
1571 1499 1662 1529 beata
1679 1510 1685 1530 ε
1709 1501 1740 1530 et
1762 1499 1787 1529 si
1803 1498 1895 1529 desiit

1124 1563 1191 1584 esse
1205 1554 1306 1591 beata,
1335 1562 1502 1593 nunquam
1517 1554 1578 1583 fuit
1598 1554 1699 1590 beata,
1724 1552 1799 1592 quia
1821 1552 1895 1582 bea-

1125 1607 1226 1637 titudo
1255 1609 1301 1637 est
1330 1607 1450 1637 bonum
1478 1607 1562 1646 quod
1591 1614 1758 1646 nunquam
1796 1607 1898 1645 potest

1125 1661 1226 1690 amitti
1243 1669 1250 1690 :
1268 1661 1293 1690 si
1310 1669 1390 1699 ergo
1404 1660 1464 1690 hoc
1478 1663 1524 1690 est
1539 1660 1776 1697 inconveniens,
1791 1659 1899 1690 anima

1126 1723 1191 1744 non
1206 1713 1266 1743 fuit
1278 1716 1422 1753 separata
1436 1723 1454 1743 a
1468 1713 1642 1743 divinitate.

1168 1767 1257 1804 Item,
1276 1766 1301 1796 si
1318 1768 1459 1805 separata
1474 1766 1543 1803 fuit,
1560 1767 1616 1795 aut
1630 1764 1756 1801 nolens,
1771 1765 1828 1794 aut
1841 1773 1897 1795 vo-

1127 1820 1194 1850 lens
1222 1831 1228 1850 :
1255 1819 1281 1849 si
1304 1819 1425 1856 nolens,
1451 1827 1524 1848 cum
1547 1818 1608 1848 hoc
1632 1826 1696 1848 non
1719 1817 1897 1855 meruisset,

1128 1874 1208 1904 facta
1231 1873 1290 1904 fuit
1313 1873 1373 1903 sibi
1396 1872 1531 1912 injuria;
1557 1871 1583 1902 si
1597 1871 1724 1907 volens,
1744 1870 1802 1902 sed
1817 1870 1899 1901 velle

1128 1927 1266 1967 separari
1291 1936 1308 1956 a
1334 1926 1396 1956 Deo
1422 1934 1487 1955 non
1510 1926 1611 1964 potest
1635 1924 1743 1962 homo,
1759 1923 1820 1954 nisi
1846 1923 1900 1954 in-

1125 1981 1211 2019 juste
1236 1990 1242 2009 :
1267 1988 1344 2018 ergo
1365 1979 1473 2009 anima
1496 1978 1549 2008 illa
1568 1977 1627 2008 fuit
1650 1977 1770 2017 injusta
1796 1987 1802 2008 :
1826 1985 1900 2007 cum

1129 2033 1229 2072 igitur
1243 2033 1302 2064 hoc
1317 2032 1356 2063 sit
1370 2032 1484 2062 falsum
1501 2033 1531 2062 et
1546 2031 1694 2070 impium,
1711 2031 1822 2067 restat,
1841 2031 1898 2061 etc.

1390 2140 1615 2173 CONCLUSIO.

1133 2238 1163 2264 ln
1177 2239 1260 2263 morte
1276 2236 1377 2262 Christi
1392 2236 1485 2262 anima
1500 2243 1516 2261 a
1532 2236 1577 2262 Ve1
1588 2235 1617 2261 bo
1632 2242 1684 2261 non
1697 2234 1751 2267 fait
1765 2235 1900 2268 separata,

1169 2283 1233 2316 quia
1248 2281 1321 2307 illud
1329 2281 1471 2307 Deumnon
1485 2279 1602 2313 decebat,
1618 2287 1663 2305 nec
1678 2277 1754 2305 nobis
1763 2276 1903 2312 expediens

1171 2329 1239 2360 erat,
1254 2334 1299 2353 nec
1315 2326 1362 2352 illi
1377 2327 1475 2352 anbmae
1490 2324 1657 2359 confsi-nebat.

1176 2407 1266 2446 Resp.
1297 2406 1336 2437 ad
1360 2415 1430 2445 arg.
1454 2404 1627 2436 Dicendum
1650 2402 1736 2443 quod
1753 2402 1788 2433 in
1804 2404 1905 2434 morte

1135 2470 1200 2491 non
1224 2460 1283 2491 fuit
1305 2459 1412 2490 anima
1431 2460 1574 2497 separata
1599 2466 1617 2487 a
1636 2456 1747 2487 verbo.
1771 2455 1810 2487 Et
1824 2456 1906 2487 ratio

1135 2515 1233 2553 hujus
1243 2516 1299 2551 est,
1316 2513 1391 2552 quia
1405 2520 1463 2542 nec
1477 2511 1577 2542 Deum
1592 2509 1730 2543 decebat.
1745 2518 1804 2540 nec
1815 2509 1906 2540 nohis

1137 2577 1262 2600 Marsilius
1272 2576 1386 2606 luguen„
1397 2575 1427 2598 ΙΙΙ
1442 2574 1521 2603 Sent.‚
1533 2579 1557 2603 q.
1568 2578 1626 2602 xm,
1641 2572 1815 2602 art.=1;oabr.
1832 2571 1905 2602 Biel.,

1139 2613 1168 2636 ΙΙΙ
1188 2614 1267 2642 Sem„
1283 2611 1340 2635 dist.
1356 2615 1410 2640 xm,
1433 2617 1459 2640 q.
1476 2615 1500 2640 Ι,
1513 2611 1560 2633 art.
1582 2610 1646 2633 1.—
1658 2608 1760 2639 Noun„
1777 2614 1804 2638 x,
1828 2608 1907 2631 18.—

1136 2649 1146 2665 ³
1155 2648 1256 2677 Matth„
1270 2652 1340 2677 xxw,
1350 2645 1434 2670 ³8.—⁸
1444 2647 1570 2675 Oamasc„
1581 2644 1609 2667 de
1621 2644 1683 2669 Fide
1693 2643 1852 2673 ortho‹l.,1i1›.
1864 2643 1906 2673 ΙΙΙ,

1136 2691 1158 2708 c.
1171 2689 1254 2708 xxvn.
