2017 2960
118 2115 149 2134 Ad
161 2119 212 2139 opp·

227 180 283 209 352

224 241 261 271 sti
286 249 293 270 ε
320 239 371 269 sed
398 247 461 268 uon
487 247 597 268 omncs
622 235 747 266 induxit,
775 232 931 272 quantum
958 227 997 259 ad

223 293 409 323 varietatem
430 301 484 321 seu
508 288 745 320 multitudinem
763 297 769 316 ;
787 294 865 324 ergo
886 293 998 315 omnes

224 346 347 376 induxit
365 347 522 384 qnantum
539 344 575 373 ad
590 340 847 381 [equivalentiaui
865 341 895 369 et
910 347 998 368 acer—

224 399 364 428 bitatem.

267 452 340 482 ltem
365 450 484 480 ratione
506 449 656 479 videtur:
677 448 799 485 Quanto
822 445 997 485 complexio

225 505 358 536 nobilior
382 506 440 540 est,
465 505 553 532 tauto
576 502 678 541 passio
700 500 815 531 doloris
839 500 870 529 in
893 508 929 529 ea
952 500 998 528 est

224 558 366 588 acerbior
395 566 401 586 :
428 557 481 585 sed
511 556 653 586 Christus
682 554 913 585 nobilissimam
943 552 998 582 ha-

224 611 291 641 buit
327 609 599 649 conwlexiouem,
624 609 772 638 nobilitas
799 606 885 636 enim
910 614 996 635 com-

224 664 378 704 plexionis
398 663 563 702 respondet
583 662 739 692 nobilitati
761 661 879 690 animae
895 670 902 688 z
920 668 998 697 ergo

223 726 296 747 cum
312 717 452 747 Christus
467 716 697 746 nobilissimam
717 715 856 744 animam
880 713 999 742 habue—

224 771 275 808 rit,
291 770 403 800 habuit
420 778 497 807 ergo
522 769 553 798 in
578 768 725 808 patiendo
750 766 924 797 maximam
946 765 999 795 do-

223 823 298 853 loris
312 823 526 853 afflictionem.

265 876 353 913 Item,
379 877 497 915 quanto
521 884 632 904 sensus
654 876 755 904 tactus
774 874 819 903 est
843 871 996 909 vivacior,

224 931 310 959 tauto
331 929 429 964 dolor,
447 928 503 968 qui
521 930 564 957 est
587 927 762 958 secundum
787 934 926 962 sensum,
953 927 999 954 est

224 982 365 1018 acutior;
392 981 474 1011 unde
500 982 531 1010 in
554 980 614 1010 illis
636 979 806 1017 membris,
828 979 861 1008 in
882 978 999 1018 quibus

224 1036 313 1073 viget
337 1044 446 1065 sensus
467 1037 586 1072 tactus,
603 1036 649 1064 est
668 1033 756 1063 dolor
771 1032 972 1062 acutissimus
989 1040 996 1061 :

224 1089 276 1119 sed
296 1089 328 1118 in
354 1088 476 1119 Christo
497 1088 557 1118 fuit
583 1096 693 1117 sensus
716 1088 817 1116 tactus
841 1084 999 1115 vivacissi-

225 1151 315 1178 mus;
335 1140 619 1180 temperatissimus
641 1139 727 1169 euim
748 1137 939 1169 animalium
954 1139 1000 1168 est

224 1194 332 1231 1101110,
350 1197 384 1224 111
398 1194 473 1224 dicit
489 1193 732 1232 Philosophus¹3
749 1194 780 1222 et
792 1191 875 1221 inter
888 1200 999 1221 omnes

225 1247 507 1287 temperatissimus
531 1246 590 1276 fuit
620 1245 779 1282 Christus,
804 1253 878 1274 cum
904 1243 1000 1273 fuerit

225 1302 342 1341 optime
356 1301 527 1340 dispositus
552 1308 559 1328 :
584 1308 662 1338 ergo
682 1298 788 1335 dolor,
814 1306 911 1337 quem
927 1306 998 1327 sen-

225 1356 276 1391 sit,
292 1364 387 1394 super
401 1363 512 1384 omnes
530 1353 653 1383 dolores
669 1352 726 1381 fuit
744 1350 956 1381 acutissimus

267 1408 344 1438 Item
357 1431 364 1444 ,
391 1409 510 1446 quanto
539 1406 644 1445 majus
679 1407 725 1435 est
760 1406 880 1434 bonum
915 1403 999 1443 quod

225 1463 394 1500 amittitur,
413 1464 499 1492 tauto
521 1461 675 1500 majorem
697 1460 790 1490 infert
814 1458 955 1489 dolorem
971 1458 999 1488 ei

226 1517 280 1556 qui
297 1515 474 1555 cognoscit,
491 1517 521 1545 et
544 1514 638 1544 habet
657 1522 753 1543 usum
775 1512 903 1542 rationis
923 1523 929 1542 :
947 1511 999 1542 sed

225 1569 291 1599 vita
313 1568 426 1599 Christi
449 1569 516 1598 erat
539 1566 754 1603 nobilissima,
770 1567 801 1596 et
823 1565 925 1604 passio
947 1564 1001 1594 illa

226 1623 323 1653 vitam
340 1622 537 1662 perimebat:
556 1629 635 1659 ergo
655 1619 796 1650 dolorem
817 1618 860 1648 illi
884 1617 1000 1648 animae

225 1675 444 1706 acutissimum
460 1674 624 1704 inferebat.

267 1729 343 1759 Item
359 1731 446 1759 tanto
463 1736 556 1768 prena
572 1728 617 1756 est
632 1725 775 1756 acerbior
788 1748 796 1761 ,
813 1726 931 1763 quanto
949 1732 1001 1753 ve-

225 1782 324 1813 locius
338 1782 490 1812 virtutem
504 1782 629 1810 naturae
651 1778 771 1818 dejicit,
788 1777 928 1807 maxime
943 1777 999 1807 ubi

226 1835 353 1875 aliquod
370 1835 588 1865 membrorum
606 1832 832 1872 principalium
847 1840 912 1861 11011
927 1840 999 1860 001·-

227 1890 346 1928 rumpit
373 1900 379 1919 ς
407 1888 459 1918 sed
489 1887 630 1917 Christus
655 1886 686 1915 in
713 1894 807 1915 011100
830 1894 1001 1924 suspensus

227 1941 304 1971 adeo
320 1941 381 1971 cito
396 1940 455 1970 fuit
475 1941 635 1976 mortuus,
654 1941 690 1969 ut
712 1938 807 1969 etiam
828 1939 1001 1969 miraretur

229 1993 355 2025 Pilatus
367 1994 377 2010 ²
388 2004 399 2024 :
414 2002 493 2032 ergo
504 1992 628 2023 videtur
643 1991 727 2031 quod
743 1991 832 2022 dolor
846 1992 916 2030 ejus
930 2000 1000 2030 gra-

228 2046 377 2078 vissimus
391 2046 509 2076 fuisset.

268 2099 329 2130 Sed
353 2102 463 2129 contra
489 2108 495 2127 :
526 2103 551 2129 1.
580 2098 645 2129 Hoc
671 2099 774 2138 primo
811 2097 961 2137 obJ'icitur
982 2106 1000 2127 a

228 2155 316 2193 parte
331 2152 457 2191 generis
476 2161 593 2192 pomae,
611 2152 685 2191 quia
706 2161 800 2192 poena
814 2151 900 2190 ignis
920 2159 999 2181 acu-

227 2208 290 2238 tius
302 2207 428 2245 affligit,
445 2215 540 2246 quam
557 2215 650 2246 poena
665 2206 739 2236 ferri
758 2216 764 2235 z
781 2205 835 2236 sed
857 2204 1000 2236 Lauren-

226 2261 288 2291 tius
307 2263 337 2291 et
351 2259 535 2290 Vincentius
554 2259 657 2290 exusti
677 2260 807 2290 fuerunt
834 2259 866 2289 in
890 2259 966 2298 igne
989 2267 997 2288 ;

225 2323 303 2354 ergo
319 2313 444 2344 videtur
463 2313 547 2353 quod
565 2314 719 2352 majorem
734 2312 875 2343 dolorem
891 2321 999 2343 sense-

226 2370 312 2404 runt,
326 2376 424 2407 quam
439 2365 593 2396 Christus.

268 2424 297 2451 2.
318 2421 396 2451 Item
416 2420 476 2450 1100
496 2419 601 2458 ipsum
618 2419 795 2449 ostenditur
811 2428 829 2449 a
845 2421 932 2458 parte
948 2427 1000 2450 vo-

226 2474 357 2504 luntatis
382 2472 519 2513 patiendi
538 2482 545 2502 τ
563 2471 638 2511 quia
656 2474 774 2510 quanto
797 2472 912 2511 aliquis
928 2481 1000 2502 ma·-

229 2528 278 2564 gis
299 2527 453 2557 desiderat
467 2525 545 2565 pati,
562 2527 648 2555 tanto
672 2525 779 2555 minus
794 2525 877 2555 dolet
891 2525 924 2555 in
940 2534 1000 2565 pa-

262 2608 363 2637 1Α1·15Ι..,
378 2607 406 2630 tle
419 2607 506 2629 Gener,
523 2604 648 2633 Animal„
663 2604 705 2627 lib.
723 2605 752 2635 ll,
765 2612 785 2627 c.
809 2607 831 2629 4,
846 2619 875 2624 ..
888 2606 897 2622 ι
911 2606 998 2634 Mars&

228 2648 270 2673 xv,
285 2644 308 2666 5.
319 2655 348 2661 —
361 2642 371 2660 δ
385 2643 454 2669 Luc.¹
467 2646 513 2671 xu,
530 2642 568 2664 50.

779 163 1091 202 Α00111101111ΑΡ11111
1115 166 1187 197 cuz.
1210 167 1261 199 111.

1053 227 1157 258 tiendo
1180 238 1187 258 :
1206 230 1259 259 sed
1278 230 1419 264 Christus
1443 236 1649 266 vehementer
1670 235 1829 266 desidera-

1053 281 1107 311 bat
1130 283 1193 320 pati
1215 292 1271 322 pro
1293 293 1410 323 genere
1431 288 1585 326 hnmano,
1610 289 1692 318 sicut
1716 288 1830 318 dicitur

1054 334 1088 363 in
1122 335 1207 366 Luca
1224 336 1234 352 ³
1253 347 1264 367 .·
1280 337 1443 376 Raptis-mo
1473 341 1565 373 habeo
1594 341 1777 381 baptizari,
1801 344 1831 373 ec

1054 388 1208 426 quomodo
1235 394 1376 423 coarctor
1403 401 1501 433 usque
1525 395 1601 426 dum
1621 394 1830 434 perficiatur!

1054 440 1138 480 Ergo
1162 442 1287 473 videtur
1308 446 1393 484 quod
1417 447 1506 477 dolor
1528 449 1596 487 ejus
1612 449 1702 479 valde
1717 456 1830 488 parum

1053 494 1091 524 de
1107 496 1273 527 acerbitate
1288 498 1410 529 habuit.

1096 552 1123 578 3.
1143 548 1220 579 Item
1236 550 1295 581 hoc
1315 551 1419 591 ipsum
1435 554 1611 584 ostenditur
1633 563 1651 584 a
1666 556 1753 594 parte
1774 554 1828 584 ad-

1050 602 1174 640 jutorii,
1197 603 1273 642 quia
1297 607 1417 644 quanto
1441 606 1538 637 homo
1560 608 1713 646 majorem
1739 607 1832 637 habet

1053 654 1249 694 charitatem,
1266 659 1352 688 tauto
1364 659 1486 689 facilius
1505 660 1637 690 sustinet
1652 660 1829 691 cruciatum

1053 717 1156 747 pcenae
1188 718 1195 738 :
1222 711 1275 739 sed
1309 711 1452 742 Christus
1487 713 1637 743 maximae
1668 712 1832 744 charitatis

1053 764 1111 794 suit
1130 775 1135 794 :
1155 774 1233 804 ergo
1249 765 1394 796 facillime
1411 769 1567 797 tormenta
1583 767 1719 806 portavit
1731 778 1737 798 :
1749 776 1827 807 ergo

1055 817 1146 847 valde
1162 827 1275 857 parum
1292 818 1403 849 doluit.

1094 872 1123 900 4.
1148 870 1225 901 Item
1251 872 1310 902 hoc
1332 872 1438 911 ipsum
1457 873 1583 903 videtur
1608 882 1625 903 a
1648 875 1736 912 parte
1756 873 1830 904 honi

1054 924 1172 960 amissi,
1197 925 1272 964 quia
1292 928 1410 964 quanto
1428 927 1531 965 majus
1550 929 1595 956 est
1609 927 1730 957 bonum
1746 927 1830 966 quod

1054 977 1209 1016 perditur,
1228 979 1315 1008 tanto
1333 980 1433 1017 ina-ior
1448 979 1536 1009 dolor
1551 981 1596 1009 est
1611 978 1653 1017 01,
1668 979 1723 1018 (1111
1737 979 1830 1008 1111111κ

1054 1030 1090 1060 tit
1107 1042 1113 1061 t
1130 1031 1184 1061 sed
1199 1034 1341 1070 peccator
1358 1032 1492 1072 perdidit
1508 1032 1620 1070 Deum,
1634 1032 1689 1072 qui
1704 1033 1750 1062 est
1766 1041 1832 1062 ma-

1051 1084 1105 1123 jus
1127 1084 1265 1121 bonum,
1287 1094 1384 1124 quam
1409 1085 1448 1115 sit
1471 1085 1536 1115 vita
1560 1085 1618 1115 ista
1634 1085 1829 1124 corporalis:

1054 1145 1133 1176 ergo
1149 1137 1275 1168 videtur
1294 1138 1379 1177 quod
1394 1138 1536 1169 acerbior
1551 1138 1639 1169 dolor
1656 1138 1695 1168 sit
1710 1138 1743 1168 in
1760 1138 1831 1169 viro

1055 1190 1190 1220 contrito
1205 1193 1235 1220 et
1250 1191 1431 1230 poenitente,
1445 1200 1542 1230 qnam
1551 1191 1646 1221 fuerit
1660 1191 1694 1220 in
1710 1190 1832 1222 Christo

1055 1242 1203 1282 patiente.

1096 1298 1123 1326 5.
1142 1296 1219 1326 Item
1235 1296 1294 1327 1100
1315 1296 1419 1336 ipsum
1443 1297 1619 1327 ostenditur
1639 1306 1657 1327 a
1676 1298 1764 1336 parte
1779 1306 1829 1327 re-

1055 1349 1331 1389 compensationis,
1347 1350 1424 1388 quia
1434 1352 1553 1388 quanto
1566 1350 1659 1380 alicui
1674 1350 1714 1380 sit
1729 1351 1830 1389 maj0r

1055 1404 1086 1431 et
1110 1402 1221 1432 melior
1245 1403 1495 1441 recompensatio
1523 1402 1562 1433 de
1585 1403 1669 1433 bono
1696 1403 1828 1441 amisso,

1055 1456 1143 1485 tauto
1158 1455 1266 1485 mitior
1281 1457 1327 1485 est
1341 1455 1430 1485 dolor
1447 1466 1454 1485 z
1480 1455 1533 1486 sed
1553 1456 1675 1487 Christo
1694 1465 1751 1496 pro
1774 1456 1829 1487 do-

1055 1507 1121 1538 lore
1137 1507 1305 1546 passionis,
1323 1510 1353 1538 et
1366 1508 1562 1547 expositione
1576 1509 1650 1539 vitae
1666 1518 1750 1548 suae,
1765 1518 1832 1540 res—

1055 1560 1229 1591 tituebatur
1251 1561 1329 1591 stola
1351 1561 1462 1600 gloriae
1485 1561 1518 1591 in
1539 1571 1582 1599 se,
1608 1562 1687 1593 etin
1710 1562 1831 1593 caeteris

1057 1614 1209 1644 membris
1224 1614 1290 1644 suis
1306 1623 1313 1644 ε
1331 1623 1420 1653 ergo,
1437 1616 1494 1645 etc.

1097 1670 1126 1698 6.
1156 1667 1233 1697 Item
1262 1667 1322 1698 hoc
1349 1668 1455 1706 ipsum
1482 1668 1659 1698 ostenditur
1680 1677 1720 1698 ex
1742 1671 1831 1708 parte

1055 1720 1137 1760 spei,
1166 1720 1240 1759 quia
1265 1722 1383 1759 quanto
1410 1720 1525 1759 aliquis
1550 1721 1664 1751 certius
1688 1723 1832 1760 expectat

1056 1773 1289 1809 liberationem,
1304 1775 1392 1803 tanto
1409 1773 1515 1803 minus
1538 1774 1692 1812 affligitur
1708 1774 1740 1803 in
1756 1783 1827 1813 pas-

1056 1827 1143 1856 sione
1163 1836 1170 1857 :
1190 1826 1243 1856 sed
1266 1826 1408 1856 Christus
1432 1826 1625 1856 certissimus
1643 1828 1710 1856 erat
1733 1827 1771 1857 de
1791 1827 1830 1856 li-

1056 1879 1217 1909 beratione
1249 1879 1395 1919 proxima
1428 1888 1436 1909 :
1473 1888 1551 1918 ergo
1586 1879 1711 1910 videtur
1744 1880 1830 1919 quod

1056 1933 1183 1963 afflictio
1201 1936 1268 1964 erat
1282 1933 1373 1964 valde
1389 1933 1522 1964 modica.

1338 2062 1563 2094 CONCLUSIO.

1057 2143 1158 2171 Christi
1178 2143 1253 2170 dolor
1272 2144 1458 2170 acerbissimus
1475 2145 1530 2176 fait
1552 2147 1607 2170 tum
1624 2151 1656 2171 θα)
1675 2144 1754 2170 modo
1772 2151 1826 2177 pa-

1093 2187 1187 2219 tiendi,
1201 2189 1257 2214 cum
1267 2196 1298 2214 σαὶ
1310 2195 1389 2214 causa
1398 2189 1544 2222 passionis,
1560 2190 1614 2215 tum
1627 2196 1660 2215 ea:
1671 2187 1820 2215 conditione

1091 2233 1232 2266 patieutis.

1097 2310 1188 2350 Resp.
1205 2310 1243 2340 ad
1263 2319 1332 2349 arg.
1351 2310 1525 2341 Dicendum
1542 2311 1626 2350 quod
1649 2309 1737 2340 dolor
1753 2319 1828 2349 pas-

1056 2364 1153 2394 sionis
1175 2362 1287 2394 Christi
1308 2364 1390 2394 inter
1414 2366 1543 2394 eaeteros
1567 2362 1690 2393 dolores
1709 2365 1740 2393 et
1760 2372 1829 2402 pas-

1055 2417 1160 2448 siones
1179 2416 1239 2447 fuit
1260 2416 1481 2446 acerbissimus
1504 2418 1534 2446 et
1555 2415 1766 2446 acutissimus.
1791 2415 1829 2446 Et

1056 2470 1114 2501 hoc
1130 2471 1225 2510 patet,
1241 2470 1265 2500 si
1282 2469 1335 2499 illa
1350 2469 1604 2506 considerentur,
1624 2478 1696 2508 quae
1712 2468 1828 2500 doloris

1056 2524 1234 2564 passionem
1250 2523 1442 2553 acerbiorem
1461 2522 1608 2553 reddunt.
1626 2522 1700 2553 Haec
1721 2524 1827 2553 autem

1056 2579 1130 2608 sunt
1152 2577 1227 2615 tria,
1243 2576 1388 2606 videlicet
1407 2585 1502 2606 causa
1523 2576 1693 2615 passionis,
1711 2577 1742 2606 et
1759 2584 1827 2606 mo-

1055 2630 1114 2661 dus
1130 2629 1283 2669 patiendi,
1299 2630 1330 2660 et
1343 2629 1481 2660 conditio
1503 2629 1659 2668 patientis.
1677 2628 1709 2659 Si
1723 2628 1825 2660 consi-
