2017 2960
695 111 792 143 DIST.
816 110 881 142 XX.
906 109 996 140 ART.
1022 109 1044 139 1.
1070 109 1218 147 QUAEST.
1244 110 1294 141 lv.

195 181 271 212 dicit
292 180 484 220 Apostolus:
508 187 586 218 ergo
609 179 637 209 si
651 179 724 219 quis
740 178 831 209 debet
845 177 967 208 satissa-

195 242 265 266 cere
280 243 338 274 pro
357 231 506 272 originali
530 234 667 272 peccato,
689 233 817 263 tenetur
840 230 970 261 reddere

195 288 336 318 animam
351 295 409 326 pro
423 286 532 316 anima
549 296 555 316 :
573 286 625 317 sed
647 285 781 326 quilibet
795 286 842 315 est
859 283 971 314 mortis

195 341 317 372 debitor
330 349 388 380 pro
408 339 558 379 originali
574 341 701 379 peccato
719 349 726 369 τ
744 346 821 378 ergo
842 346 907 368 nou
921 336 970 367 vi—

193 393 286 424 detur
305 393 391 433 quod
407 393 537 433 aliquis,
553 393 609 433 qui
631 393 796 433 peccatum
816 390 971 430 originale

194 446 364 483 contraxit,
378 446 476 486 possit
488 455 633 486 unquam
648 445 827 476 satisfacere
837 452 895 484 pro
905 443 969 474 1110.

234 499 329 537 Item,
346 500 432 539 quod
451 499 608 539 originale
623 500 787 539 peccatum
803 498 841 528 sit
867 497 970 537 culpa,

192 553 254 584 hoc
267 553 373 591 habet,
390 553 466 593 quia
480 553 633 593 processit
654 561 673 582 a
689 552 852 582 voluntate
867 550 944 580 Adae
963 561 969 580 :

193 606 220 636 si
242 615 321 645 ergo
336 606 510 646 requiritur
527 605 694 636 satisfactio
719 604 756 635 de
771 604 839 644 ipso
863 612 972 634 secun-

192 659 271 690 dum
293 659 378 699 quod
398 659 506 699 culpa,
527 658 638 689 nullus
660 659 762 698 potest
783 657 970 693 satisfacere,

192 712 254 742 nisi
269 711 438 742 satisfaciat
448 720 507 751 pro
522 711 616 751 culpa
630 710 718 741 Adae.
736 710 796 741 Sed
807 719 865 750 pro
881 710 973 750 culpa

192 764 270 795 Adae
304 764 415 795 nullus
446 766 548 804 potest
585 764 763 794 satisfacere
796 763 973 794 secundum

192 817 277 857 quod
292 817 458 857 originalis
473 819 531 854 est,
557 817 618 847 nisi
644 817 814 847 satisfaciat
829 826 886 857 pro
908 818 973 847 toto

192 879 311 909 genere
331 870 475 901 humano
497 881 503 901 :
521 879 617 910 ergo,
633 880 652 901 a
671 870 776 910 primo
798 870 851 909 ((11,
867 870 974 900 nullus

192 925 294 963 potest
308 924 486 954 satisfacere
500 932 559 963 pro
569 925 696 963 peccato
709 923 861 963 originali
874 923 975 954 alicu-

190 977 245 1016 jus
254 976 409 1014 hominis,
422 977 484 1007 nisi
499 977 668 1008 satisfaciat
681 986 740 1016 pro
756 979 821 1008 toto
836 986 974 1016 genere-

193 1029 347 1061 humano.
364 1029 425 1061 Sed
445 1030 506 1061 hoc
529 1039 594 1061 non
613 1032 716 1070 potest
737 1030 853 1070 aliquis
873 1039 974 1070 purus

193 1083 291 1115 homo
317 1094 324 1114 :
353 1092 431 1123 ergo
457 1083 566 1114 nullus
588 1085 691 1124 potest
715 1084 893 1114 satisfacere
917 1092 974 1123 pro

193 1136 342 1176 originali
358 1138 498 1176 peccato.

470 1269 700 1302 CONCLUSIO.

194 1346 291 1373 Nullus
305 1348 487 1380 quamtumvis
495 1348 588 1380 qratia
603 1348 717 1380 fulcitus
728 1349 820 1382 potuit
829 1355 880 1382 pro
894 1348 972 1382 culpa

230 1391 335 1417 actuali
344 1399 396 1425 pro
405 1393 490 1426 seipso
503 1393 662 1425 satisfacere
677 1394 866 1426 satisfactione
878 1394 973 1428 plena,

229 1435 357 1462 damnum
386 1438 409 1462 et
436 1436 567 1470 injuriam
596 1438 782 1472 complectente
790 1447 798 1471 ,·
827 1438 872 1464 sed
893 1446 975 1472 neque

230 1480 377 1515 semiplena
391 1488 441 1515 pro
455 1482 596 1515 orz'yinali.

235 1560 328 1600 Resp.
345 1560 384 1591 ad
405 1569 475 1600 arg.
493 1561 667 1592 Dicendum
682 1562 766 1601 quod
775 1563 820 1593 est
834 1562 975 1593 satisfac-

193 1613 238 1643 tio
252 1613 357 1653 plena,
379 1615 409 1645 et
422 1616 468 1645 est
482 1615 653 1646 satisfactio
667 1615 843 1655 semiplena
859 1626 866 1646 :
883 1616 973 1646 satis-

193 1666 287 1697 factio
302 1667 396 1706 plena
410 1669 468 1705 est,
484 1668 612 1707 quando
628 1669 726 1699 simul
742 1669 778 1699 fit
805 1669 974 1700 satisfactio

194 1719 233 1750 de
245 1720 375 1760 injuria,
390 1724 421 1752 et
435 1720 569 1760 damno;
587 1722 756 1753 satisfactio
780 1731 858 1753 vero
874 1723 974 1753 semi-

194 1773 288 1813 plena
301 1776 358 1813 est,
375 1774 516 1814 quando,
530 1775 666 1806 remissa
681 1775 814 1814 offensa,
830 1776 974 1807 satisfac-

194 1827 239 1858 tio
266 1827 303 1859 fit
319 1837 378 1869 pro
406 1828 536 1860 damno.
562 1828 812 1869 Intelligendum
829 1833 876 1861 est
895 1839 974 1870 ergo

194 1881 279 1920 quod
293 1890 351 1921 pro
366 1882 457 1913 nullo
472 1884 613 1923 peccato,
628 1883 663 1913 in
685 1892 751 1923 quo
766 1884 803 1914 fit
817 1883 940 1915 aversio
955 1894 974 1915 a

194 1932 269 1972 Deo,
297 1937 400 1974 potest
418 1936 598 1967 satisfacere
620 1936 735 1976 aliquis
758 1946 861 1977 purus
874 1937 974 1969 homo

195 1987 405 2019 satisfactione
427 1989 580 2029 plenaria,
609 1998 669 2020 nec
689 1998 748 2029 pro
769 1990 891 2031 seipso,
916 2000 975 2022 nec

195 2050 253 2081 pro
267 2041 347 2081 aliis,
363 2044 492 2083 propter
503 2043 565 2074 hoc
577 2043 664 2083 quod
676 2043 798 2074 offensa
810 2045 841 2075 et
855 2044 975 2084 injuria

195 2094 250 2126 illa
275 2095 407 2127 omnino
431 2096 554 2127 excedit
583 2105 699 2136 puram
720 2099 911 2128 creaturam.
940 2097 975 2128 Si

195 2157 273 2179 vero
297 2148 469 2189 loquamur
485 2149 524 2180 de
548 2149 759 2181 satisfactione
785 2150 972 2190 semiplena,

195 2202 250 2233 illa
263 2203 293 2234 vi
299 2203 410 2234 delicet
432 2203 467 2234 in
481 2213 545 2243 qua
556 2204 689 2234 remissa
703 2204 825 2235 offensa
838 2205 975 2245 requiri-

195 2257 250 2286 tur
263 2257 398 2287 emenda
426 2257 464 2287 de
485 2257 615 2295 damno,
631 2257 676 2288 sic
697 2257 868 2289 dicendum
889 2259 974 2298 quod

196 2309 293 2341 homo
310 2312 412 2350 potest
428 2311 607 2342 satisfacere
622 2321 681 2352 pro
694 2321 752 2343 suo
766 2312 882 2343 actuali
897 2322 974 2352 pec-

197 2365 277 2402 cato,
293 2365 346 2396 sed
358 2374 424 2396 non
437 2375 495 2406 pro
506 2366 656 2405 originali
670 2367 808 2406 peccato.
819 2366 909 2397 Ratio
919 2376 975 2398 au-

197 2417 263 2446 tem
285 2417 385 2458 hujus
399 2421 457 2459 est,
482 2419 560 2459 quia
576 2422 742 2459 peccatum
765 2420 888 2451 actuale
901 2420 977 2452 dicit

198 2468 459 2509 depravationem
473 2473 668 2512 voluntatis;
685 2473 740 2505 sed
754 2473 911 2513 originale
926 2474 974 2505 di-

198 2522 241 2553 cit
269 2523 529 2566 depravationem
553 2529 692 2559 naturae.
712 2526 751 2559 In
777 2527 839 2559 hoc
866 2529 975 2559 autem

230 2586 263 2616 (α)
279 2586 368 2618 ὃκμρῐ.
385 2587 417 2612 ad
430 2588 557 2614 ultimum.

379 2640 455 2664 Tou.
473 2642 518 2666 iv.

1740 116 1799 146 433

1028 177 1132 207 differt
1145 177 1328 217 depravatio
1343 181 1467 210 naturas
1480 189 1498 210 a
1509 181 1732 220 depravatione
1748 194 1801 214 vo-

1027 230 1176 268 luntatis,
1192 230 1269 270 quia
1294 232 1454 272 corruptio
1477 233 1649 265 voluntatis
1676 236 1802 276 respIcit

1027 283 1129 322 ipsam
1153 294 1340 323 personam,
1370 287 1407 315 ut
1427 288 1473 316 est
1499 286 1718 325 individuum,
1749 289 1803 319 sed

1028 337 1188 376 corruptio
1204 340 1339 375 naturae,
1352 341 1387 369 ut
1400 342 1444 370 est
1455 339 1584 371 alterius
1594 341 1800 381 principium.

1029 389 1118 427 Item,
1137 391 1212 429 quia
1225 392 1372 422 voluntas
1388 395 1433 423 est
1443 394 1610 432 vertibilis,
1626 396 1657 424 et
1671 404 1803 435 corrup-

1029 442 1072 472 tio
1092 443 1125 472 iu
1154 453 1191 474 ea
1218 444 1355 475 existens
1380 449 1426 476 cst
1449 446 1537 477 facile
1560 447 1704 485 mobilis;
1729 449 1805 488 quia

1029 505 1106 526 vero
1121 499 1235 527 natura
1259 507 1324 527 uno
1348 499 1442 529 modo
1465 502 1626 538 movetur,
1643 503 1804 542 corruptio

1030 549 1064 579 in
1079 558 1116 580 ea
1130 550 1270 581 existens
1285 554 1329 582 cst
1344 552 1469 583 difficile
1492 554 1628 584 mobilis.
1646 554 1804 590 Quoniam

1029 612 1110 642 ergo
1132 603 1326 634 deordinatio
1350 606 1524 636 voluntatis
1547 607 1726 638 introducta
1748 618 1806 649 pro

1029 656 1145 687 actuali
1161 659 1205 687 est
1219 666 1362 696 personae
1375 658 1549 697 singularis
1563 663 1594 690 et
1606 661 1695 691 facile
1707 663 1807 692 mobi-

1030 710 1079 744 lis,
1108 711 1343 750 recompensari
1370 714 1472 751 potest
1498 722 1555 752 per
1583 723 1677 744 usum
1693 716 1806 753 gratiae

1030 765 1160 801 gratum
1187 764 1329 794 facientis
1342 788 1349 801 ,
1377 774 1450 804 quae
1479 766 1605 806 respicit
1638 776 1806 807 personam

1030 816 1238 855 singularem.
1257 818 1344 856 {Quia
1373 828 1450 849 vero
1474 819 1656 859 depravatio
1684 824 1807 853 naturae

1031 872 1077 901 est.
1092 871 1263 911 respiciens
1290 873 1555 912 propagationem
1572 898 1579 911 ,
1596 877 1626 904 et
1650 875 1694 905 ita
1711 878 1808 907 natu-

1030 933 1100 954 ram
1120 934 1324 956 communem
1337 950 1345 963 ,
1362 928 1393 956 et
1416 927 1550 957 ulterius
1565 928 1716 959 eradicari
1744 939 1808 961 non

1031 979 1131 1017 potest
1146 978 1295 1016 omnino3
1313 979 1383 1010 ideo
1397 989 1455 1019 pro
1471 980 1588 1011 damno
1612 981 1698 1012 illato
1713 991 1809 1013 nemo

1031 1032 1132 1070 potest
1168 1031 1345 1063 satisfacere
1380 1042 1437 1072 per
1470 1035 1608 1073 gratiam
1635 1035 1809 1075 singularis

1032 1093 1188 1124 personae.
1203 1084 1257 1115 llla
1270 1086 1356 1116 enim
1368 1095 1433 1117 non
1448 1087 1529 1118 tollit
1543 1089 1675 1120 omnino
1691 1090 1808 1129 peccati

1031 1138 1198 1176 originalis
1210 1139 1349 1170 radicem
1364 1141 1403 1171 ab
1419 1150 1455 1171 eo
1469 1142 1504 1172 in
1524 1152 1588 1182 quo
1605 1147 1661 1181 est,
1676 1153 1735 1175 nec
1752 1154 1809 1184 per

1031 1200 1075 1228 se,
1092 1200 1151 1221 nec
1176 1201 1232 1231 per
1247 1202 1343 1222 usum
1359 1203 1455 1224 suum
1473 1203 1480 1224 :
1499 1197 1528 1224 et
1542 1195 1612 1226 ideo
1628 1205 1692 1226 non
1707 1199 1810 1236 potest

1031 1245 1163 1275 omnino
1179 1245 1288 1276 tollere
1299 1248 1424 1277 reatum
1437 1250 1467 1278 et
1483 1248 1722 1287 obligationem.
1741 1250 1808 1281 im-

1031 1297 1179 1336 possibile
1194 1299 1354 1337 (ξι-8011111,
1371 1300 1456 1339 quod
1479 1301 1593 1341 aliquis
1607 1311 1664 1342 pro
1680 1307 1808 1343 peccato

1030 1351 1178 1390 originali
1205 1352 1343 1392 alicujus
1368 1353 1508 1384 hominis
1525 1356 1730 1395 satisfaceret,
1747 1358 1809 1388 nisi

1031 1404 1163 1434 omnino
1182 1414 1199 1434 a
1223 1408 1349 1444 peccato
1375 1407 1526 1446 originali
1549 1409 1690 1440 mundus
1711 1414 1806 1450 esset3

1030 1456 1091 1486 nisi
1105 1456 1200 1487 etiam
1216 1457 1348 1489 haberet
1363 1460 1501 1498 gratiam
1514 1470 1732 1501 communem,
1747 1464 1807 1495 hoc

1031 1513 1088 1548 est,
1104 1511 1242 1549 gratiam
1255 1512 1376 1552 capitis,
1389 1515 1482 1553 cujus
1493 1515 1658 1555 plenitudo
1673 1520 1749 1549 nata
1761 1520 1808 1549 est

1030 1564 1065 1594 in
1089 1564 1168 1595 alios
1192 1565 1370 1597 redundare
1387 1577 1394 1598 :
1410 1567 1480 1598 talis
1501 1571 1608 1600 autem
1624 1580 1689 1602 non
1703 1572 1808 1611 potuit

1030 1626 1097 1649 esse
1111 1618 1172 1648 nisi
1186 1618 1284 1650 homo
1298 1622 1328 1650 et
1341 1619 1434 1660 Deus,
1451 1621 1595 1661 quiesset
1609 1623 1746 1655 aliorum
1754 1634 1808 1656 ca-

1030 1674 1100 1711 put,
1124 1672 1207 1703 sicut
1230 1673 1263 1703 in
1280 1674 1535 1713 praecedentibus
1551 1675 1612 1708 fuit
1631 1679 1805 1718 ostensum,

1030 1725 1107 1764 quia
1129 1725 1240 1756 nullus
1255 1726 1318 1757 nisi
1341 1727 1424 1758 Deus
1451 1730 1553 1768 potest
1577 1730 1714 1763 influere
1737 1733 1807 1764 aliis

1029 1779 1156 1809 motum
1179 1781 1209 1810 et
1229 1789 1371 1812 sensum.
1399 1781 1438 1812 Et
1464 1782 1509 1813 sic
1529 1785 1626 1824 patet,
1642 1786 1727 1825 quod
1747 1796 1806 1827 pro

1030 1832 1164 1864 minimo
1185 1835 1313 1873 peccato
1341 1835 1503 1875 originali,
1520 1846 1579 1868 nec
1592 1841 1752 1878 quantum
1766 1842 1807 1873 ad

1030 1885 1276 1918 satisfactionem
1294 1887 1483 1929 plenariam,
1499 1899 1558 1922 nec
1584 1895 1743 1931 quantum
1766 1896 1807 1927 ad

1030 1938 1275 1972 satisfactionem
1289 1942 1509 1983 semiplenam,
1521 1946 1624 1984 potuit
1644 1948 1806 1980 satisface-

1029 2001 1076 2030 re,
1092 1992 1153 2023 nisi
1179 1993 1336 2033 Christus,
1350 1983 1385 2025 id
1408 1998 1464 2035 est,
1486 1997 1584 2029 homo
1609 2001 1640 2030 et
1653 1999 1747 2033 Deus.
1763 2002 1806 2033 De

1030 2046 1148 2076 actuali
1160 2056 1238 2078 vero
1251 2050 1354 2087 potest
1369 2049 1499 2089 quidem
1514 2060 1616 2091 purus
1630 2053 1728 2086 homo
1751 2056 1808 2087 ad-

1030 2100 1120 2139 iutus
1140 2100 1244 2139 gratia
1259 2101 1447 2142 satisfacere,
1467 2105 1521 2135 sed
1534 2106 1744 2140 satisfactione
1759 2118 1808 2141 se-

1031 2153 1180 2193 miplena,
1196 2163 1269 2194 quae
1287 2155 1518 2195 suppletionem
1538 2161 1569 2190 et
1591 2162 1807 2202 complemen-

1030 2208 1101 2237 tum
1114 2207 1225 2247 recipit
1239 2217 1258 2238 a
1272 2209 1418 2248 passione
1431 2210 1554 2244 Christi.
1567 2213 1709 2247 Christus
1720 2217 1808 2248 enim

1032 2260 1226 2292 satisfaciens
1240 2271 1298 2301 pro
1315 2263 1405 2294 omui
1431 2265 1562 2306 offensa,
1579 2269 1729 2300 omnibus
1743 2270 1807 2302 im-

1031 2315 1168 2354 petravit
1182 2316 1320 2354 gratiam
1338 2319 1497 2357 quantum
1514 2319 1554 2351 ad
1567 2321 1805 2363 sufficientiam

1033 2369 1064 2397 et
1076 2367 1192 2398 merito
1201 2368 1287 2400 illius
1301 2371 1521 2403 satisfactionis
1529 2373 1626 2405 homo
1635 2376 1809 2416 suscipiens

1033 2420 1183 2460 gratiam,
1201 2422 1349 2453 satisfacit
1376 2427 1483 2464 postea
1503 2425 1566 2457 Deo
1581 2436 1640 2467 pro
1666 2428 1807 2470 laesione,

1033 2483 1132 2514 quam
1147 2475 1257 2506 intulit
1270 2476 1330 2507 sibi
1345 2478 1478 2509 actualis
1490 2480 1592 2520 culpa.
1620 2481 1669 2513 Ex
1681 2483 1743 2515 hoc
1751 2494 1811 2525 pa-

1033 2528 1078 2559 tet
1092 2528 1252 2568 quomodo
1267 2529 1371 2570 passio
1386 2530 1499 2563 Christi
1522 2533 1629 2566 influit
1650 2536 1685 2566 in
1704 2546 1812 2570 sacra-

1035 2583 1156 2621 menta,
1185 2584 1216 2614 et
1233 2592 1332 2623 quare
1361 2585 1500 2625 amplius
1525 2587 1633 2621 influit
1657 2591 1692 2622 in
1705 2601 1810 2624 sacra-

1654 2647 1694 2677 28
