2017 2960
598 146 696 178 DIST.
719 145 829 177 XXIII.
854 145 1002 177 ART.11.
1027 146 1176 185 QUAEST.
1200 147 1237 178 V.

151 220 179 249 5.
196 218 244 249 Ad
264 217 343 248 illud
358 216 443 256 quod
458 216 624 256 objicitur,
645 214 730 254 quod
744 213 822 244 fides
836 213 886 243 in-

109 271 219 302 formis
244 280 310 302 non
336 271 569 301 transmutatur
597 268 658 299 nisi
691 266 887 298 accidentali-

109 327 172 362 ter,
188 323 357 354 dicendum
376 323 461 363 quod
485 322 726 361 transmutatio,
743 320 886 351 acciden-

109 378 180 408 talis
194 377 226 407 in
241 386 358 416 genere
373 379 515 414 naturae,
532 378 633 416 potest
652 385 719 406 esse
735 374 886 405 essentia-

108 431 146 461 lis
160 430 193 460 in
214 439 332 470 genere
347 439 475 460 morum
494 441 500 460 ;
519 430 600 460 sicut
616 431 700 468 patet
719 428 756 459 de
777 427 884 467 aliquo

107 485 198 520 actu,
219 483 275 523 qui
294 493 350 523 per
365 484 578 524 privationem
598 483 734 523 alicujus
753 482 886 513 circum-

107 536 232 567 stantias
244 537 444 568 accidentalis
454 539 501 568 est
516 537 548 567 in
562 546 682 577 genere
690 537 771 573 vitii,
785 538 815 566 et
830 545 885 576 per

107 590 296 630 positionem
315 591 410 621 estin
427 600 545 630 genere
561 590 700 621 virtutis.
720 590 780 621 Per
798 590 885 621 hunc

107 644 241 675 modum
272 646 317 675 est
342 644 586 684 intelligendum
621 644 653 674 in
686 644 846 684 proposito
876 655 882 674 1

106 697 256 738 quamvis
279 698 365 729 enim
380 698 425 729 1111
441 698 564 729 habitui
586 697 705 728 accidat
719 707 786 728 esse
809 706 883 728 cum

105 752 210 790 gratia
223 775 230 789 ‚
244 752 295 782 vel
312 752 379 783 sine
395 752 510 792 gratia,
527 751 693 782 essentiale
715 753 824 781 tamen
839 752 886 781 est

105 805 133 836 ei
157 814 225 836 esse
248 815 323 837 cum
349 805 474 845 gratia,
498 808 594 846 prout
619 808 665 836 est
689 805 881 846 principium

104 858 222 889 meriti.
235 858 403 897 Praeterea,
413 859 479 899 ipse
494 859 622 890 habitus
634 859 709 890 fidei
722 859 880 895 informis,

105 913 200 944 etiam
224 913 329 953 gratia
343 914 597 954 circumscripta,
616 916 702 945 tenet
725 913 881 945 rationem

105 966 258 998 virtutis:
275 967 346 998 ideo
365 976 407 999 ex
430 967 490 998 hoc
514 977 580 999 non
599 969 701 1007 potest
724 967 882 1004 concludi,

104 1020 185 1060 quin
203 1021 282 1052 fides
306 1021 345 1052 sit
365 1021 424 1052 sub
443 1030 562 1061 genere
581 1021 710 1053 virtutis
729 1025 883 1061 tanquam

103 1074 163 1105 sub
178 1074 307 1115 proprio
322 1084 452 1114 genere.

144 1131 173 1159 6.
197 1129 246 1160 Ad
261 1129 338 1160 illud
354 1130 439 1170 quod
454 1130 621 1170 objicitur,
645 1131 731 1170 quod
747 1131 829 1162 sicut
851 1140 884 1162 se

102 1182 197 1214 habet
211 1183 320 1214 anima
333 1184 373 1214 ad
387 1192 461 1214 suas
475 1184 631 1223 potentias
645 1208 652 1221 ‚
683 1185 727 1214 sic
743 1194 776 1215 se
788 1184 884 1216 habet

102 1237 207 1275 gratia
223 1237 263 1268 ad
286 1237 437 1275 virtutes,
458 1237 630 1268 dicendum
652 1238 738 1277 quod
758 1247 822 1269 non
838 1240 884 1269 est

103 1290 289 1321 omnimoda
315 1290 499 1329 similitudo,
519 1300 577 1331 pro
592 1300 629 1322 eo
649 1291 735 1331 quod
757 1301 822 1322 non
837 1293 884 1323 est

104 1344 191 1374 tanta
213 1344 379 1376 diversitas
404 1345 504 1385 ipsius
527 1345 642 1384 gratiae
668 1345 707 1375 ad
733 1345 880 1383 virtutes,

103 1399 263 1436 quantum
277 1398 316 1429 ad
331 1408 444 1429 earum
460 1399 655 1439 principium
680 1399 824 1437 formale,
839 1400 881 1430 si-

103 1453 156 1481 cut
169 1452 286 1482 animae
300 1452 340 1482 ad
354 1462 428 1483 suas
442 1453 538 1490 vires,
560 1453 832 1493 quemadmodum
848 1454 882 1483 in

102 1505 242 1537 secundo
258 1506 340 1537 libro
360 1508 525 1538 ostensum
543 1507 604 1537 fuit
618 1507 639 1543 ³,
656 1507 712 1538 ubi
728 1508 789 1538 fuit
812 1508 882 1538 haec

102 1560 237 1598 quaestio
260 1562 460 1600 pertractata.
476 1560 617 1592 Virtutes
642 1561 729 1592 enim
753 1571 819 1592 non
834 1562 880 1592 (11-

103 1614 221 1643 cuntur
234 1623 302 1645 esse
322 1614 457 1645 virtutes
471 1615 572 1655 ipsius
586 1615 712 1654 gratiae‚
732 1625 788 1656 per
802 1625 882 1656 quas

103 1665 171 1705 ipsa
186 1667 290 1705 gratia
314 1670 481 1708 operetur,
502 1669 583 1699 sicut
600 1669 709 1700 anima
732 1672 882 1709 operatur

103 1728 160 1759 per
182 1729 256 1751 suas
270 1721 436 1761 potentias.
463 1721 527 1753 Nee
548 1724 595 1752 est
621 1723 880 1763 intelligendum,

102 1773 188 1812 quod
209 1774 313 1812 gratia
329 1775 372 1806 sit
396 1775 431 1805 in
459 1775 593 1806 diversis
621 1776 794 1816 subjectis:
819 1777 880 1808 hoc

101 1827 189 1858 enim
217 1827 305 1859 ducit
331 1828 365 1859 in
387 1829 655 1869 imaginationem
685 1831 815 1869 falsam,
846 1831 880 1861 in

101 1879 184 1910 hanc
203 1880 360 1920 videlicet,
376 1882 463 1922 quod
486 1883 591 1922 gratia
613 1884 744 1914 omnino
761 1885 805 1915 ita
822 1894 880 1916 ve-

101 1933 169 1964 niat
180 1934 213 1964 in
227 1935 370 1966 animam
397 1937 429 1966 et
442 1937 512 1976 ejus
527 1937 693 1976 potentias,
712 1938 793 1969 sicut
807 1938 880 1969 ani-

101 1996 155 2018 ma
181 1988 271 2019 venit
294 1989 327 2019 in
353 1998 469 2029 corpus
493 1992 523 2020 et
544 1991 614 2030 ejus
636 2000 770 2030 organa.
789 1992 880 2023 Tunc

101 2040 188 2072 enim
221 2044 398 2074 necessario
429 2046 611 2084 oporteret,
647 2046 730 2086 quod
776 2047 880 2086 gratia

101 2094 238 2126 abeunte
248 2105 305 2136 per
316 2099 494 2137 peccatum,
510 2098 745 2138 expellerentur
769 2109 880 2132 omnes

100 2148 229 2180 habitus
242 2150 412 2188 virtutum,
433 2160 514 2191 quos
529 2161 638 2183 secum
658 2152 755 2184 defert
766 2164 774 2191 ;
794 2154 880 2194 quod

100 2211 142 2233 ex
156 2203 225 2243 ipsa
239 2204 436 2244 experientia
455 2206 589 2246 planum
604 2209 650 2238 est
666 2216 733 2238 esse
748 2208 877 2239 falsum.

101 2255 139 2287 Et
153 2257 223 2289 ideo
233 2259 315 2289 ratio
330 2259 384 2290 illa
398 2269 464 2291 non
476 2261 647 2301 concludit,
664 2263 741 2302 quia
765 2263 878 2303 accipit

102 2319 160 2349 pro
173 2311 271 2342 simili
292 2313 378 2352 quod
400 2313 492 2345 valde
513 2316 559 2345 est
584 2315 747 2347 dissimile.
773 2315 879 2349 Potest

102 2366 210 2395 autem
229 2367 328 2406 accipi
354 2367 457 2399 simile
476 2368 514 2400 de
537 2369 695 2402 infusione
717 2371 832 2410 gratiae
847 2373 878 2402 et

134 2426 141 2441 ¹
157 2427 219 2450 Dist.
233 2434 313 2459 xxvii,
328 2432 375 2454 art.
396 2434 416 2461 i,
432 2439 456 2463 q.
475 2438 502 2455 11.

1667 158 1721 186 511

941 215 1101 245 virtutum
1119 216 1153 246 in
1178 216 1301 256 pluvia,
1319 219 1349 247 et
1365 219 1449 248 terra
1465 220 1629 259 seminata,
1643 223 1725 254 sicut

941 267 979 298 de
994 268 1217 299 informatione
1233 269 1391 301 virtutum
1413 280 1431 301 a
1446 272 1551 310 gratia
1566 274 1723 314 accipitur

942 320 976 350 iu
993 321 1115 354 lumine
1131 325 1162 354 et
1176 323 1291 354 colore.
1309 323 1343 354 Si
1359 324 1445 354 enim
1463 335 1527 356 una
1542 327 1652 366 pluvi21
1668 329 1725 359 ad-

942 375 1048 405 veniat
1070 376 1104 406 in
1129 379 1258 415 terram,
1276 377 1309 407 in
1332 388 1397 418 qua
1417 382 1491 410 sunt
1506 380 1647 420 plantata
1672 383 1724 413 di-

942 436 1034 458 versa
1051 429 1182 467 semina,
1199 440 1273 470 quae
1301 440 1365 462 non
1381 433 1659 474 germinaverunt,
1677 436 1722 466 fa-

942 480 982 510 cit
995 480 1048 511 illa
1063 483 1258 521 germinare,
1268 487 1298 514 et
1313 486 1489 517 secundum
1505 487 1723 520 diversitatem

942 534 1104 565 seminum
1118 535 1260 567 diversas
1270 538 1393 577 plantas
1409 540 1595 579 producere.
1605 542 1638 573 Si
1648 552 1725 574 vero

937 588 1006 627 Jam
1022 588 1090 619 illas
1120 591 1334 629 germinavit,
1352 593 1405 623 sed
1423 597 1551 634 propter
1565 595 1725 628 defectum

941 650 1033 681 aquae
1048 643 1117 682 jam
1133 643 1278 674 arefactae
1290 648 1365 675 sunt
1382 646 1509 686 plantae,
1528 650 1605 680 tunc
1615 650 1725 690 pluvia

941 695 1046 726 denuo
1066 696 1201 727 veniens
1226 697 1299 728 facit
1320 698 1389 729 illas
1415 700 1537 739 plantas
1553 702 1721 735 virescere.

941 749 991 779 Sic
1003 750 1108 789 gratia
1121 750 1295 782 adveniens
1311 752 1345 782 in
1358 753 1512 793 animam,
1525 755 1559 786 in
1575 766 1639 797 qua
1648 761 1724 789 sunt

941 805 1111 837 seminaria
1138 806 1310 838 habituum
1331 809 1503 847 virtutum,
1519 811 1593 843 tacit
1622 813 1724 853 ipsam

941 859 1135 898 germinare,
1152 861 1195 891 ita
1207 862 1304 901 quod,
1330 862 1398 902 ipsa
1421 864 1543 902 habita,
1564 865 1725 897 habentur

940 921 996 952 per
1020 922 1216 954 consequens
1244 918 1275 945 et
1289 916 1424 947 virtutes
1442 927 1449 948 :
1472 918 1557 958 quod
1573 920 1724 951 continue

941 966 1014 997 facit
1024 967 1093 998 illas
1106 977 1257 1007 crescere,
1272 978 1442 1010 quousque
1457 972 1608 1011 perducat
1621 983 1723 1014 usque

941 1020 980 1051 ad
996 1021 1232 1060 perfectionem.
1249 1022 1288 1053 Et
1303 1023 1329 1054 si
1343 1025 1510 1065 contingat
1519 1027 1634 1058 merito
1649 1037 1724 1068 pec-

943 1074 1001 1105 cati
1029 1074 1200 1106 humorem
1224 1077 1337 1115 gratiae
1366 1079 1497 1116 auferri,
1524 1080 1652 1112 habitus
1678 1082 1723 1112 illi

940 1128 1099 1159 virtutum
1115 1130 1302 1162 efficiuntur
1317 1133 1408 1171 quasi
1422 1133 1502 1164 aridi
1515 1137 1561 1165 :et
1578 1138 1722 1175 postmo-

940 1181 1030 1219 dum,
1052 1182 1079 1212 si
1109 1183 1296 1214 restituatur
1319 1184 1429 1224 pluvia
1448 1189 1479 1217 et
1501 1187 1621 1219 humor
1645 1199 1723 1229 gra-

940 1235 1004 1272 tiae,
1021 1244 1085 1266 non
1101 1239 1225 1276 oportet
1239 1238 1325 1277 quod
1341 1239 1450 1270 anima
1458 1240 1578 1272 iterum
1589 1242 1627 1273 de
1636 1252 1722 1275 novo

939 1289 1111 1328 germinet,
1128 1289 1182 1320 sed
1197 1290 1249 1320 illa
1266 1300 1339 1331 quae
1354 1294 1562 1333 germinavit,
1579 1305 1636 1336 per
1658 1297 1723 1328 hu-

939 1351 1063 1373 morem
1078 1344 1192 1383 gratiae
1207 1344 1444 1385 advenientem,
1459 1347 1578 1379 iterum
1590 1350 1723 1381 revivis-

939 1399 998 1427 cat.
1017 1396 1067 1428 Sic
1081 1398 1157 1428 satis
1173 1401 1281 1438 aperte
1295 1399 1430 1439 intelligi
1445 1403 1558 1440 potest,
1583 1403 1722 1442 qualiter

938 1452 1041 1491 gratia
1056 1461 1130 1483 cum
1160 1453 1334 1485 virtutibus
1357 1454 1454 1485 simul
1482 1455 1673 1488 infundatur
1687 1458 1722 1488 in

938 1505 1092 1544 animam,
1107 1508 1137 1537 et
1147 1507 1285 1546 qualiter
1301 1508 1473 1548 aliquando
1486 1509 1583 1541 simul
1603 1511 1721 1542 dicitur

938 1559 1064 1590 infundi
1079 1569 1154 1590 cum
1170 1560 1335 1591 habitibus
1349 1561 1529 1600 substratis,
1546 1563 1719 1604 aliquando

938 1622 1014 1644 vero
1031 1614 1174 1652 minime,
1203 1624 1277 1645 cum
1299 1617 1407 1646 tamen
1430 1617 1546 1656 gratia,
1561 1621 1720 1658 quantum

938 1669 983 1697 est
1005 1667 1043 1697 de
1067 1677 1111 1706 se,
1137 1668 1326 1699 infundatur
1355 1678 1481 1710 semper
1502 1671 1718 1704 uniformiter.

938 1720 1029 1758 Quod
1054 1724 1162 1753 autem
1186 1723 1359 1754 seminaria
1385 1724 1543 1756 virtutum
1560 1730 1720 1766 quantum

937 1776 976 1807 ad
990 1776 1119 1807 habitus
1134 1777 1307 1809 substratos
1320 1779 1384 1810 sint
1398 1779 1539 1819 plantata
1556 1781 1588 1813 in
1605 1786 1720 1814 natura

937 1831 1053 1862 mentis
1067 1832 1240 1870 rationem,
1258 1842 1406 1873 expresse
1422 1837 1524 1875 potest
1539 1836 1650 1867 haberi
1676 1837 1715 1868 ab

937 1885 1120 1924 Augustino
1136 1886 1169 1916 in
1185 1886 1295 1917 multis
1310 1886 1397 1926 locis,
1414 1891 1445 1919 et
1459 1898 1477 1919 a
1487 1888 1648 1920 Bernardo
1665 1899 1716 1921 ca-

936 1938 1000 1978 pite
1015 1938 1137 1970 deeimo
1152 1939 1190 1971 de
1200 1941 1312 1972 Amore
1324 1941 1395 1978 Dei,
1408 1943 1439 1972 et
1454 1942 1487 1972 in
1502 1942 1583 1974 libro
1597 1943 1635 1975 de
1653 1943 1719 1976 Gol-

936 1992 1111 2025 lationibus
1125 1996 1309 2026 sanctorum
1323 1998 1465 2034 patrum,
1476 1998 1507 2027 et
1521 1996 1554 2027 in
1565 1996 1634 2027 aliis
1642 1997 1719 2028 locis

936 2046 1092 2085 pluribus.
1109 2046 1270 2087 Quidquid
1292 2050 1399 2080 tamen
1429 2050 1468 2080 sit
1498 2050 1536 2081 de
1554 2050 1626 2089 hoc⁷
1643 2051 1719 2090 quia

935 2102 1070 2142 quaestio
1090 2102 1149 2133 ista
1167 2102 1243 2133 alibi
1269 2103 1365 2135 habet
1384 2105 1502 2144 locum⁷
1520 2107 1559 2137 ad
1575 2116 1717 2147 praesens

935 2158 1061 2187 tantum
1075 2156 1212 2187 sufficiat
1224 2156 1340 2188 dixisse
1352 2158 1391 2189 de
1406 2160 1587 2199 quaestione
1603 2170 1717 2201 propo-

935 2211 1004 2250 sita,
1032 2211 1117 2252 quod
1132 2212 1226 2251 juxta
1253 2211 1445 2243 sententiam
1476 2215 1507 2243 et
1531 2214 1717 2254 opinionem

936 2264 1080 2304 Magistri
1092 2265 1145 2296 illa
1155 2265 1268 2305 positio
1282 2265 1410 2297 videtur
1425 2276 1490 2298 esse
1506 2268 1624 2305 verior,
1641 2276 1715 2307 quae

935 2319 1010 2349 dicit
1024 2319 1109 2359 quod
1135 2319 1213 2350 fides
1239 2319 1385 2350 informis
1412 2330 1469 2360 per
1490 2321 1715 2352 advenientem

934 2374 1073 2414 gratiam
1093 2374 1148 2404 fiat
1166 2374 1313 2412 formata,
1330 2375 1397 2406 sive
1418 2376 1575 2407 formetur
1590 2376 1630 2407 ab
1645 2376 1714 2416 ipsa

935 2425 1038 2463 gratia
1052 2425 1200 2464 mediate,
1213 2426 1278 2456 sive
1296 2426 1488 2458 immediate.
