2017 2960
840 194 1029 227 msTINCT.
1054 195 1132 227 XXI.
1724 198 1779 228 sm

174 265 319 297 animam
335 264 444 297 denuo
459 264 587 308 corpori
602 264 821 308 conjunxisse,
839 268 870 296 et
884 263 919 295 in
933 263 1000 296 illis
1014 264 1144 296 duobus
1157 264 1266 297 denuo
1282 265 1465 309 conjunctis
1480 266 1515 298 in
1533 266 1781 307 resurrectione,

174 334 250 355 vere
265 321 446 355 secundum
462 322 631 356 hominem
648 321 769 355 vixisse
784 322 866 354 sicut
881 325 956 354 ante
971 325 1123 355 mortem.
1140 322 1224 355 Nam
1240 322 1274 355 in
1289 326 1393 356 morte
1408 327 1557 367 separata
1573 327 1619 356 est
1635 323 1746 356 anima
1766 336 1784 355 a

174 391 282 414 carne.
300 379 395 413 Unde
410 390 486 412 vere
502 380 623 413 dicitur
638 380 786 413 Christus
802 384 965 421 mortuus,
983 380 1037 412 sed
1054 384 1209 414 neutrum
1226 386 1411 426 separatum
1428 386 1475 415 est
1491 394 1509 415 a
1521 382 1632 415 Verbo
1650 381 1719 414 Dei.

219 435 311 468 Siout
325 436 548 479 Augustinus,
563 447 659 481 super
672 438 835 469 Joannem
852 438 875 477 ¹,
893 435 997 478 docet,
1025 440 1166 468 tractans
1190 436 1274 469 illud
1299 437 1431 470 Domini
1458 438 1597 470 verbum
1620 438 1644 479 ¹,
1672 450 1688 468 «
1712 438 1784 481 qu
1833 448 1910 469 Aucto-

169 506 258 540 pono
273 494 426 527 animam
441 506 564 533 meam,
582 501 618 526 ut
634 495 754 527 iterum
775 505 906 526 sumam
932 505 1006 526 eam
1034 505 1040 525 :
1066 505 1162 526 nemo
1186 495 1272 527 tollit
1297 507 1366 528 eam
1389 508 1408 527 a
1434 508 1486 528 me
1511 509 1520 528 .·
1543 495 1600 528 sed
1619 507 1676 540 eqo
1695 507 1784 540 pono
1801 480 1909 535 1511111111ῗέ

1821 541 1895 562 Verbo

1813 578 1898 592 [ἭΙἬΕΠΙ

175 565 247 587 eam
273 565 294 586 a
313 565 366 586 me
392 553 462 598 ipso
490 566 500 585 .·
520 558 719 598 potestatem
748 551 850 584 habeo
868 551 1020 596 ponendi
1043 563 1136 592 eam,
1158 546 1189 584 ei*
1217 552 1336 585 iterum
1361 553 1515 586 sumendi
1539 566 1612 586 eam
1628 567 1644 585 »
1666 567 1675 585 ;
1692 567 1707 584 α
1726 553 1785 585 Hic

175 612 320 645 animam
335 611 414 644 dicit
429 611 593 644 emissam.
613 611 640 644 A
657 621 723 655 quo
739 610 857 643 emissa
872 612 943 643 est‘?
967 611 997 642 A
1018 609 1123 654 seipsa
1147 621 1213 642 non
1229 614 1277 643 est
1291 611 1409 644 emissa
1421 638 1428 652 ,
1455 612 1534 655 quia
1557 611 1697 656 seipsam
1718 622 1785 644 non
1802 604 1910 656 {21:¹¹2}ss

175 670 301 716 posuit,
332 681 391 703 nec
418 669 568 703 Verbum
592 668 738 702 animam
762 668 883 713 posuit,
913 679 972 701 nec
1000 679 1144 701 carnem.
1175 668 1257 702 Caro
1287 662 1364 711 ergo
1395 670 1541 702 animam
1568 670 1700 714 posuit,
1732 670 1787 702 sed
1803 667 1900 687 ‘¹⁴¹⁸''¹⁵³¹¹¹⁷

176 731 332 774 potestate
348 728 382 761 in
398 739 430 760 se
456 731 608 760 manente
630 726 770 759 deitatis.
789 739 806 758 ))
824 726 976 760 Potentia
990 738 1069 769 ergo
1084 727 1213 760 deitatis
1237 727 1347 760 anima
1371 727 1476 760 divisa
1496 731 1543 760 est
1567 739 1585 760 a
1607 739 1716 768 carne,
1733 728 1788 760 sed

175 791 333 820 neutrum
349 797 367 819 a
382 785 491 819 Verbo
506 785 576 817 Dei.
595 784 690 817 Unde
706 784 916 828 Augustinus
929 787 939 804 ³
959 797 965 817 :
985 798 1001 817 «
1022 785 1168 818 Verbum
1185 796 1224 818 ex
1239 797 1305 830 quo
1321 786 1463 830 suscepit
1477 785 1661 827 homiuem,
1679 785 1710 818 id
1728 790 1787 827 est,

175 856 306 878 carnem
322 847 353 877 et
367 843 525 884 animam,
543 854 717 887 nunquam
732 842 882 888 deposuit
895 843 1054 884 animam,
1072 847 1110 876 ut
1133 847 1216 876 esset
1237 844 1348 876 anima
1372 856 1392 876 a
1411 844 1522 877 Verbo
1542 848 1711 888 separata3
1735 844 1791 877 sed

174 913 249 935 caro
264 901 374 946 posuit
388 901 533 935 animam
550 901 684 946 quando
700 901 874 945 expiravit,
901 913 968 946 qua
989 901 1147 934 redeunte
1171 902 1364 934 resurrexit.
1387 902 1476 934 Mors
1499 913 1577 945 ergo
1597 902 1637 935 ad
1662 906 1792 946 tempus

174 971 306 993 carnem
326 963 357 992 et
379 963 524 993 animam
546 959 732 1003 separavit,
759 959 814 992 sed
840 963 998 993 neutrum
1022 972 1040 992 a
1063 959 1164 992 verbo
1189 959 1260 992 Dei.
1289 960 1372 992 Caro
1397 971 1474 1003 ergo
1505 960 1600 1005 ponit
1627 964 1658 992 et
1693 960 1794 993 sumit

175 1019 334 1059 animam,
351 1028 417 1051 non
433 1021 590 1062 potestate
605 1028 676 1059 sua,
695 1017 750 1050 sed
766 1021 923 1062 potestate
939 1018 1154 1050 inhabitantis
1178 1029 1309 1051 carnem
1332 1018 1473 1052 deitatis,
1499 1032 1515 1050 »
1542 1018 1604 1051 Hic
1626 1018 1794 1051 evidenter

177 1076 337 1117 traditur,
368 1087 427 1108 nec
455 1076 600 1108 animam
630 1087 689 1108 nec
717 1087 848 1108 carnem
876 1087 895 1108 a
923 1075 1034 1109 Verbo
1060 1075 1116 1109 Dei
1143 1076 1177 1109 in
1211 1080 1313 1109 morte
1336 1088 1403 1109 esse
1426 1076 1585 1118 divisam,
1610 1080 1647 1109 ut
1680 1077 1793 1121 aliquo

177 1135 275 1168 modo
290 1133 397 1167 soluta
415 1134 516 1167 fuerit
538 1134 629 1167 unio.
655 1134 750 1167 Unde
773 1134 1000 1177 Augustinus,
1025 1141 1141 1168 contra
1164 1135 1373 1167 Felicimmm
1399 1138 1409 1154 ⁶
1435 1147 1441 1167 :
1466 1135 1562 1167 Absit
1583 1138 1620 1167 ut
1644 1134 1794 1168 Christus

180 1193 225 1226 sic
242 1193 379 1226 senserit
394 1197 546 1233 mortem,
564 1196 613 1234 ut,
629 1196 792 1237 quantum
810 1193 844 1225 in
858 1204 890 1226 se
907 1197 966 1234 est,
983 1193 1052 1225 vita
1069 1193 1169 1225 vitam
1186 1193 1365 1237 perdiderit
1387 1206 1393 1225 :
1411 1193 1437 1225 si
1453 1193 1540 1225 enim
1562 1193 1623 1225 hoc
1638 1193 1683 1225 ita
1697 1197 1792 1234 esset,

177 1251 251 1285 vitae
271 1251 344 1284 fons
359 1251 507 1284 aruisset.
529 1250 639 1284 Sensit
659 1262 737 1294 ergo
760 1255 899 1284 mortem
931 1251 1181 1296 participatione
1206 1251 1345 1283 humani
1376 1251 1529 1292 affectus,
1556 1262 1655 1295 quem
1680 1254 1794 1295 sponte

178 1313 380 1354 susceperat,
407 1320 474 1342 non
498 1313 626 1342 naturae
651 1320 718 1342 suae
743 1309 885 1353 perdidit
911 1309 1112 1353 potentiam,
1137 1320 1195 1353 per
1218 1320 1319 1353 quam
1344 1312 1462 1342 cuneta
1490 1309 1646 1342 vivificat.
1680 1309 1734 1342 Sic
1760 1309 1794 1341 iu

178 1368 328 1413 sepulcro
351 1367 501 1401 Christus
528 1379 660 1401 earnem
683 1379 777 1401 suam
807 1367 1052 1400 commoriendo
1081 1379 1147 1400 non
1177 1367 1333 1410 deseruit,
1358 1367 1443 1399 sicut
1467 1367 1502 1399 in
1530 1372 1624 1400 utero
1645 1367 1795 1411 Virginis

179 1426 404 1460 connascendo
426 1426 592 1459 formavit.
626 1426 778 1459 Mortuus
806 1430 854 1458 est
884 1437 961 1469 ergo
989 1437 1056 1459 uon
1084 1425 1268 1459 discedente
1293 1426 1380 1467 vita,
1407 1425 1490 1458 sicut
1518 1437 1632 1469 passus
1656 1429 1703 1458 est
1727 1437 1793 1458 nou

180 1488 336 1529 pereunte
361 1484 517 1529 potentia.
539 1484 643 1518 Nemo
667 1484 754 1517 tollit
779 1484 924 1516 animam
945 1483 1015 1528 ejus
1040 1483 1080 1516 ab
1106 1495 1160 1524 eo,
1193 1484 1272 1528 quia
1304 1487 1495 1527 potestatem
1522 1483 1621 1516 habet
1648 1483 1793 1528 ponendi

180 1547 212 1577 et
226 1543 391 1576 sumendi.
408 1556 424 1574 »
444 1543 524 1576 Εο00
540 1547 571 1576 et
591 1543 643 1575 hie
664 1542 766 1575 habes
789 1542 957 1576 Christum
982 1553 1050 1575 non
1072 1542 1253 1575 deseruisse
1276 1553 1408 1574 earnem
1434 1542 1468 1573 in
1491 1545 1614 1582 morte,
1637 1545 1668 1574 et
1693 1541 1796 1575 vitam

181 1613 248 1635 non
263 1601 444 1635 discessisse
464 1613 484 1633 a
505 1605 653 1641 mortuo,
678 1605 710 1633 et
729 1601 818 1645 quod
841 1605 955 1645 sponte
974 1601 1109 1634 tradidit
1130 1600 1283 1644 spiritum
1298 1627 1305 1640 ‚
1328 1611 1393 1633 non
1418 1600 1504 1632 alius
1527 1600 1674 1632 extorsit.
1702 1600 1797 1633 Unde

182 1659 426 1693 Ambrosius¹⁵z
449 1659 596 1692 «Emisit
620 1659 770 1692 Christus
793 1659 967 1703 spiritum,
994 1663 1025 1691 et
1049 1663 1159 1691 tamen
1184 1658 1279 1702 quasi
1304 1658 1426 1691 arbiter
1450 1657 1593 1691 exuendi
1618 1658 1798 1702 suscipien-

180 1718 279 1762 dique
295 1717 440 1762 corporis
454 1730 460 1750 :
480 1717 589 1750 emisit
603 1716 769 1761 spiritum,
787 1728 854 1749 non
870 1716 979 1749 amisit
993 1717 1174 1761 :pendebat
1188 1717 1222 1749 in
1236 1728 1344 1758 cruce,
1358 1720 1389 1749 et
1400 1716 1511 1750 omnia
1522 1717 1761 1750 commovebat.
1775 1729 1791 1748 »

181 1776 245 1809 Sed
260 1776 348 1809 unde
365 1775 493 1808 emisit?
511 1775 562 1808 Ex
575 1786 683 1808 carne.
702 1774 775 1814 Quo
790 1774 920 1807 emisit?
938 1774 988 1807 Ad
1003 1775 1147 1807 Patrem.

224 1834 407 1867 Recedente
424 1845 503 1867 vero
519 1833 642 1874 anima,
659 1837 791 1866 mortua
805 1837 852 1865 est
867 1833 989 1866 Christi
1004 1844 1098 1872 caro;
1118 1837 1148 1866 et
1163 1834 1242 1878 quia
1257 1844 1331 1866 caro
1348 1836 1478 1866 mortua
1493 1837 1558 1875 est,
1580 1836 1732 1866 mortuus
1747 1838 1794 1867 est
1832 1847 1917 1882 ouan-

180 1893 341 1927 Christus.
359 1892 452 1925 Sicut
471 1892 559 1925 enim
584 1896 734 1925 mortuus
753 1891 874 1924 dicitur
892 1892 997 1934 Deus,
1023 1892 1156 1937 quando
1182 1896 1334 1925 mortuus
1360 1895 1406 1925 est
1428 1892 1545 1933 h0mo;
1575 1891 1621 1925 ita
1642 1896 1794 1925 mortuus
1814 1880 1910 1932 01:222..

182 1952 280 1985 homo
305 1951 438 1991 dicitur,
462 1950 596 1995 quando
620 1953 751 1982 mortua
775 1954 822 1982 est
842 1961 929 1983 caro.
956 1950 1125 1995 Separatio
1151 1950 1291 1992 animae,
1321 1962 1409 1983 mors
1432 1951 1538 1983 carnis
1562 1950 1637 1983 fuit.
1656 1950 1795 1995 Propter
1816 1941 1912 1993 ,ἓᾏᾚζξ

181 2021 312 2043 carnem
329 2020 406 2052 ergo
422 2009 549 2041 unitam
560 2008 684 2050 Verbo,
700 2019 775 2053 quae
791 2012 923 2041 mortua
937 2012 1001 2050 est,
1018 2009 1139 2042 dicitur
1152 2009 1239 2042 Deus
1255 2013 1418 2051 mortum,
1429 2013 1460 2041 et
1471 2012 1604 2054 propter
1618 2020 1750 2042 carnem
1764 2012 1796 2041 et
1809 2007 1919 2031 ⁰²¹'³⁵⁵¹¹⁵·

181 2069 327 2101 animam
343 2079 419 2112 quae
437 2071 578 2112 utraque
593 2067 740 2100 dolorem
757 2067 869 2109 sensit,
886 2067 1007 2100 dicitur
1022 2067 1110 2100 Deus
1134 2079 1260 2112 passus,
1275 2079 1351 2100 cum
1376 2067 1530 2100 divinitas
1546 2067 1653 2100 omnis
1672 2066 1795 2100 doloris

182 2139 276 2160 exors
291 2127 453 2160 existeret.
475 2126 566 2159 Unde
582 2126 790 2170 Augustinus
805 2128 814 2143 ⁶
833 2139 839 2158 z
857 2126 1033 2159 «Verbum
1049 2137 1122 2159 caro
1138 2126 1260 2159 factum
1276 2130 1336 2167 est,
1353 2129 1390 2159 ut
1407 2136 1464 2170 per
1478 2136 1608 2158 carnem
1624 2125 1717 2170 panis
1732 2136 1795 2158 coe-

182 2186 271 2219 lestis
285 2185 326 2219 ad
340 2185 482 2218 infantes
496 2184 650 2217 transiret
664 2198 672 2226 ;
690 2189 721 2217 et
737 2184 919 2217 secundum
935 2184 995 2218 11οο
1010 2184 1118 2229 ipsum
1134 2185 1284 2218 Verbum
1300 2184 1497 2217 crucifixum
1513 2188 1576 2226 est,
1594 2184 1649 2217 sed
1665 2195 1732 2216 non
1748 2187 1796 2216 est

183 2248 347 2278 mutatum
364 2244 399 2276 in
415 2243 583 2276 hominem
607 2256 613 2276 :
630 2242 729 2276 homo
745 2243 779 2275 in
794 2243 852 2276 illo
868 2246 1014 2276 mutatus
1029 2247 1088 2284 est,
1106 2247 1144 2276 ut
1158 2243 1274 2276 melior
1290 2243 1384 2275 fieret
1399 2254 1500 2287 quam
1523 2247 1603 2275 erat.
1626 2242 1690 2275 Per
1709 2242 1795 2275 illud

183 2314 261 2346 ergo
276 2302 365 2347 quod
382 2302 481 2335 homo
496 2305 577 2342 erat,
595 2305 747 2335 mortuus
764 2305 811 2335 est
833 2301 920 2334 Deus
938 2313 944 2333 :
962 2305 994 2334 et
1008 2312 1066 2346 per
1089 2301 1174 2334 illud
1194 2301 1283 2346 quod
1299 2301 1386 2334 Deus
1405 2305 1491 2343 erat,
1515 2301 1614 2334 homo
1638 2300 1796 2333 excitatus

184 2365 243 2402 est,
258 2365 289 2394 et
303 2360 495 2402 resurrexit,
512 2365 544 2393 et
558 2360 702 2393 ascendit
716 2360 750 2392 in
765 2360 898 2393 coelum.
919 2359 1086 2404 Quidquid
1102 2371 1216 2404 passus
1230 2363 1278 2392 est
1292 2359 1404 2400 homo,
1430 2370 1497 2391 non
1514 2362 1619 2403 potest
1642 2358 1706 2390 dici
1727 2369 1795 2391 non

184 2430 298 2463 passus
311 2419 411 2461 Deus,
428 2418 586 2464 quoniam
613 2418 700 2451 Deus
724 2423 793 2451 erat
817 2418 940 2457 homo;
969 2417 1135 2463 quomodo
1161 2428 1229 2451 non
1255 2422 1345 2462 potes
1373 2417 1480 2450 dicere
1505 2428 1572 2450 non
1604 2420 1633 2449 te
1663 2427 1795 2460 passum

185 2477 355 2521 injuriam,
372 2478 399 2511 si
414 2477 511 2511 vestis
526 2481 584 2510 tua
601 2477 852 2519 conscindatur,
870 2476 1023 2521 quamvis
1038 2476 1137 2509 vestis
1159 2479 1215 2509 tua
1236 2487 1303 2509 non
1318 2476 1360 2508 sit
1382 2480 1418 2509 tu
1438 2489 1445 2509 :
1464 2475 1570 2508 multo
1592 2474 1697 2518 magis
1717 2486 1796 2518 ergo

186 2534 351 2580 quidquid
364 2535 488 2579 patitur
502 2546 576 2569 caro
591 2535 686 2569 unita
700 2535 824 2577 Verbo,
840 2534 1012 2568 debetdici
1036 2534 1123 2567 Deus
1145 2534 1233 2579 pati,
1259 2534 1335 2567 licet
1356 2533 1508 2568 Verbum
1529 2543 1588 2565 nec
1613 2532 1711 2574 mori,
1737 2544 1797 2566 nec

221 2607 229 2623 ¹
244 2608 319 2638 Aug„
336 2606 362 2630 in
371 2607 442 2631 Joan.
453 2607 561 2638 Evanq„
578 2608 652 2632 tract.
667 2613 749 2638 XLvn,
765 2615 791 2631 n.
810 2610 847 2637 10,
869 2609 905 2637 11,
920 2607 1004 2638 quoad
1020 2613 1133 2631 sensum.
1154 2619 1180 2624 -
1195 2607 1206 2624 ²
1218 2607 1301 2637 Joan,
1318 2613 1342 2637 x,
1359 2606 1398 2629 tS.
1421 2618 1451 2622 -
1468 2605 1478 2621 ³
1500 2605 1576 2637 Aug,
1591 2604 1640 2628 loc.
1661 2611 1722 2629 mox
1742 2604 1795 2635 cit„

188 2647 264 2679 paulo
274 2647 388 2672 interius.
403 2659 434 2664 —
444 2646 455 2663 ὅ
470 2646 517 2677 ld„
528 2646 558 2671 de
572 2648 635 2671 unit.
648 2648 748 2677 Trina„
760 2648 794 2672 ad
801 2647 932 2678 Optatam,
946 2654 968 2671 0.
983 2651 1037 2671 Xiv.
1050 2660 1077 2664 —-
1089 2647 1099 2663 ⁵
1110 2647 1208 2676 Amba,
1222 2646 1251 2670 de
1260 2647 1357 2671 Incarn.
1372 2644 1484 2675 Domini,
1496 2652 1520 2669 c.
1534 2650 1558 2675 v,
1574 2651 1600 2668 n.
1613 2644 1707 2669 39.-⁶
1718 2645 1795 2677 Aug„

189 2684 284 2713 Enarr.
298 2683 324 2707 in
338 2684 378 2709 Ps.
394 2688 472 2714 cxxx,
487 2689 513 2707 n.
530 2684 573 2713 103
588 2683 633 2707 sed
644 2683 726 2714 prima
737 2684 816 2708 verba
829 2685 950 2714 excerpta
965 2685 1025 2707 sunt
1041 2690 1054 2707 e
1069 2682 1134 2707 libro
1151 2683 1339 2707 Sententiarum
1352 2680 1483 2712 Prospffl,
1499 2688 1520 2705 c.
1538 2686 1633 2706 chxn.
