2017 2960
75 411 178 433 Fundam.

102 1972 134 1992 Ad
149 1977 201 1998 opp.

704 123 802 157 DIST.
826 123 889 155 XX.
913 122 1003 154 ART.
1030 124 1053 155 Ι.
1076 123 1228 163 QUAEST.
1253 125 1289 156 V.

459 211 638 251 QUAESTIO
660 212 697 244 V.

193 287 240 313 An
250 286 318 314 Deus
326 285 446 314 debuerit
455 285 561 312 modam
569 284 755 319 satisfaciendi
761 291 811 320 per
816 284 969 319 passionem

435 330 538 358 Christi
558 332 696 366 acceptare
712 330 730 356 ¹.

235 409 349 441 Utrum
365 410 446 441 Deus
461 411 605 442 debuerit
621 409 753 441 modum
762 407 972 439 satisfaciendi

195 472 252 503 per
261 464 440 503 passionem
450 464 563 495 Christi
575 465 737 503 acceptare
750 473 757 499 ;
771 464 801 493 et
814 461 899 501 quod
916 461 970 497 sic,

196 517 324 548 videtur
341 528 347 548 τ
364 518 511 549 Debitum
526 518 637 549 mortis
646 517 734 547 nullo
749 515 844 546 modo
859 514 974 544 melius

196 570 343 610 solvitur,
364 580 461 611 quam
477 580 533 611 per
552 572 688 602 mortem
703 568 880 609 gratuitam
896 576 903 597 :
921 567 974 597 sed

197 633 308 655 omnes
322 633 450 655 eramus
465 624 622 655 debitores
636 623 747 654 mortis
771 633 777 653 ε
795 630 875 660 ergo
890 620 975 660 opti-

198 687 250 709 me
271 680 318 709 est
341 678 534 708 satisfactum
563 677 625 707 Deo
647 685 703 716 per
726 678 861 706 mortem
877 674 973 711 illius,

199 731 254 772 qui
267 740 332 762 non
341 733 408 762 erat
420 731 542 762 debitor
557 730 678 761 mortis.

241 785 330 823 item,
348 785 437 816 nullo
452 784 546 815 modo
562 784 677 815 melius
691 782 881 815 emendatur
908 791 978 822 pec-

201 841 308 869 catum
323 838 408 878 quod
423 837 629 869 commissum
645 839 691 868 est
704 846 761 877 per
771 836 976 872 suavitatem,

201 901 300 932 quam
314 901 371 932 per
385 891 533 931 supplicii
543 891 746 921 acerbitatem
766 899 773 920 ε
787 890 811 920 51
824 898 902 928 ergo
911 898 980 929 pec-

201 947 309 976 catum
324 945 459 975 humani
472 944 600 984 generis
621 944 681 975 fuit
696 943 904 974 commissum
925 951 981 982 per

203 1001 335 1037 gustum
353 1000 384 1029 et
407 998 597 1029 suavitatem
623 997 706 1037 ligni
726 997 833 1035 vetiti,
852 996 981 1027 videtur

203 1052 288 1092 quod
305 1051 545 1083 decentissimus
559 1051 673 1082 modus
697 1049 908 1081 satisfaciendi
923 1049 983 1080 fuit

203 1114 260 1145 per
272 1105 465 1145 supplicium
480 1105 594 1136 crucis.

245 1159 324 1190 Item
342 1182 349 1196 ,
377 1159 701 1190 convenientissimus
730 1158 844 1189 modus
867 1158 985 1188 satisfa-

206 1213 309 1244 ciendi
337 1215 385 1243 est
413 1222 469 1252 per
506 1212 725 1243 difficultatem
749 1221 807 1251 pro
836 1214 982 1253 peccato,

204 1266 288 1306 quod
305 1265 378 1305 quis
393 1265 553 1296 commisit
568 1265 670 1296 multa
683 1265 831 1296 facilitate
848 1274 855 1296 ε
873 1265 925 1296 sed
942 1265 984 1295 fa-

205 1319 361 1350 cillimum
378 1319 438 1350 fuit
446 1319 550 1359 primo
566 1319 690 1349 homini
705 1319 863 1350 abstinere
879 1328 897 1349 a
912 1328 983 1359 pec-

206 1374 274 1403 cato
291 1382 298 1402 :
315 1381 393 1411 ergo
414 1371 622 1402 difficillimus
644 1372 759 1403 modus
774 1372 985 1403 satisfaciendi

207 1425 267 1456 fuit
280 1425 326 1456 illi
341 1427 468 1465 peccato
497 1425 828 1456 convenientissimus.
847 1426 907 1456 Sed
927 1426 987 1457 hoc

208 1480 254 1509 est
264 1478 449 1510 sustinendo
465 1478 547 1510 mala
556 1483 658 1518 usque
672 1479 711 1509 ad
727 1481 863 1510 mortem
881 1489 887 1510 τ
905 1481 945 1519 (a)
959 1482 989 1510 et

208 1531 269 1562 hoc
283 1531 378 1562 modo
394 1531 543 1562 satisfecit
558 1531 700 1562 Christus
719 1540 726 1561 :
745 1541 834 1571 ergo,
851 1534 909 1562 etc.

250 1584 329 1615 Item
340 1584 583 1615 decentissimus
597 1585 712 1616 modus
728 1584 940 1616 satisfaciendi
952 1585 990 1616 de

211 1637 346 1669 elatione
367 1639 414 1668 est
440 1647 498 1678 per
526 1638 738 1678 abiectionem
760 1640 791 1669 et
813 1638 992 1670 vilificatio-

201 1701 305 1723 nem:
328 1692 382 1722 sed
404 1692 494 1722 nulla
509 1692 614 1731 major
627 1692 788 1723 vilificatio
802 1692 877 1730 fuit,
895 1701 992 1732 quam

212 1755 286 1786 quae
296 1745 355 1777 fuit
369 1745 404 1776 in
418 1745 608 1777 sustinentia
622 1746 784 1786 opprobrii
797 1746 902 1777 crucis
919 1757 925 1777 :
939 1755 992 1777 er·-

214 1808 257 1839 go
281 1799 352 1831 talis
379 1799 493 1830 modus
523 1799 733 1830 satisfaciendi
749 1800 890 1831 maxime
912 1809 992 1831 con-

214 1853 351 1892 gruebat
362 1854 479 1883 nostrae
494 1852 672 1883 infirmitati
690 1862 697 1884 :
714 1862 795 1893 ergo
812 1853 919 1885 decuit
944 1854 992 1894 ip·

215 1915 288 1937 sum
301 1916 320 1937 a
335 1914 463 1937 summo
482 1904 601 1937 Medico
616 1907 783 1946 acceptari.

257 1959 320 1990 Sed
347 1961 457 1990 contra
480 1970 487 1990 :
507 1962 535 1990 Ι.
560 1958 708 1990 Maximae
730 1960 923 1991 crudelitatis
950 1962 997 1992 est

217 2013 382 2044 hominem
400 2012 618 2052 justissimum
640 2013 736 2044 morti
759 2013 884 2045 tradere
905 2023 913 2045 :
942 2014 997 2045 sed

218 2065 361 2097 Christus
379 2065 438 2097 fuit
463 2066 662 2105 J'ustissimus
687 2075 695 2096 :
716 2075 796 2106 ergo
822 2067 998 2098 crudelissi-

218 2129 310 2151 mum
324 2119 385 2151 fuit
399 2129 440 2151 ex
454 2128 659 2160 quacumque
689 2129 785 2151 causa
804 2121 928 2152 tradere
948 2121 998 2161 ip-

219 2182 292 2205 sum
307 2173 403 2204 morti
427 2182 436 2205 2
459 2182 539 2212 ergo
552 2173 624 2204 talis
646 2173 762 2204 modus
785 2174 997 2206 satisfaciendi

219 2229 403 2261 nullatenus
417 2229 526 2261 debuit
540 2239 558 2260 a
573 2229 636 2260 Deo
653 2231 819 2270 acceptari.
845 2230 878 2262 Si
904 2233 940 2262 tu
955 2231 999 2262 di-

221 2292 283 2322 cas,
300 2282 385 2324 quod
394 2292 460 2315 non
471 2283 600 2314 tradidit
611 2292 686 2314 eum
698 2284 794 2315 morti
807 2295 813 2323 ;
825 2284 877 2315 sed
889 2285 999 2316 contra

221 2336 283 2367 hoc
297 2338 343 2367 est
357 2337 442 2378 quod
457 2337 593 2368 dicitur²
612 2347 619 2368 z
637 2338 758 2370 Factus
784 2340 830 2370 est
853 2338 1000 2371 obediens

222 2399 320 2432 usque
329 2393 373 2425 ad
386 2395 515 2426 mortem
528 2404 535 2432 ;
548 2395 578 2425 et
593 2393 628 2424 in
642 2393 752 2425 multis
768 2394 837 2426 aliis
851 2393 927 2426 locis
952 2394 1001 2426 di-

223 2445 305 2477 citur
319 2446 399 2479 illud
409 2447 506 2479 idem.

255 2509 263 2525 ¹
274 2509 314 2538 Cf.
326 2509 398 2534 Alex.
410 2510 554 2542 Alensis‚p.
570 2511 612 2542 iil,
626 2518 652 2542 q.
666 2517 733 2535 xvm
745 2529 753 2542 ,
763 2511 860 2536 memb.
872 2512 899 2540 5.
913 2514 959 2536 art.
969 2514 999 2543 25

224 2546 251 2569 S.
279 2544 380 2574 Thom.,
406 2552 431 2576 p.
456 2546 505 2577 iil,
529 2554 554 2578 q.
577 2553 638 2571 XLVI
650 2567 656 2577 ,
686 2548 734 2571 art.
758 2548 787 2577 3;
817 2549 843 2571 et.
867 2548 899 2571 ΙΙΙ
921 2547 1001 2579 Sent.,

224 2579 282 2604 dist.
301 2585 347 2610 xx,
364 2587 389 2612 q.
406 2587 439 2610 ιι,
452 2583 499 2605 art.
513 2583 526 2606 4
539 2589 547 2613 ς
561 2584 587 2607 et
601 2583 672 2613 Quol.
687 2583 718 2614 ll,
733 2584 780 2608 art.
802 2584 831 2613 25
846 2583 1000 2614 Richardus,

259 2621 290 2651 (a)
302 2621 363 2645 Caet.
378 2620 439 2644 edit.
451 2620 560 2646 abundat
571 2629 642 2653 ergo.

1740 130 1798 161 [135

1065 195 1093 222 2.
1111 192 1201 230 Item,
1218 192 1368 222 maximae
1395 193 1608 231 perversitatis
1624 197 1653 226 et
1673 196 1800 236 injusti·

1025 245 1078 276 tiae
1095 248 1141 276 est
1159 245 1311 276 damnare
1332 246 1533 276 innocentem
1544 271 1552 285 ,
1572 249 1608 277 ut
1619 248 1802 280 absolvatur

1026 310 1143 331 nocens
1163 312 1168 331 z
1186 301 1259 332 sed³
1274 309 1332 333 nos
1347 309 1451 334 omnes
1474 302 1558 334 sicut
1582 310 1654 335 oves
1676 307 1802 337 erravi-

1028 362 1098 386 mus
1114 365 1124 385 .·
1140 355 1205 395 ipse
1221 365 1297 386 vero
1313 355 1491 395 ⁶1)eccatzmz
1512 365 1575 388 non
1589 358 1668 395 fecit
1692 367 1700 388 :
1725 367 1804 397 ergo

1028 408 1155 439 videtur
1170 409 1255 448 quod
1277 409 1394 449 injuste
1418 410 1525 440 fecerit
1547 410 1713 449 Dominus,
1730 421 1804 443 cum

1029 461 1062 491 in
1073 470 1109 491 eo
1120 462 1261 498 posuerit
1283 463 1430 494 omnium
1444 465 1590 494 nostrum
1606 464 1802 504 iniquitates

1072 516 1099 543 3.
1119 514 1216 545 Item⁵
1236 515 1320 546 Deus
1331 520 1461 548 mortem
1478 525 1541 549 non
1555 518 1643 556 fecit,
1671 527 1727 550 nec
1747 518 1804 550 de-

1031 567 1165 600 lectatur
1176 569 1211 599 in
1224 569 1404 608 perditione
1415 571 1562 603 vivorum
1578 583 1584 603 ι
1598 572 1629 603 Si
1639 582 1716 612 ergo
1725 572 1807 604 Deus

1032 621 1204 652 delectatur
1233 622 1266 652 in
1294 623 1504 655 satisfactione
1516 649 1525 662 ‚
1556 628 1584 655 et
1607 635 1673 656 non
1702 627 1808 658 delec-

1032 677 1118 705 tatur
1146 675 1179 705 in
1205 675 1341 715 aliqu'us
1356 680 1468 715 morte,
1493 687 1557 708 non
1572 679 1699 710 videtur
1723 681 1809 720 quod

1033 727 1178 758 debuerit
1192 732 1352 769 acceptare
1369 732 1505 762 mortem
1521 730 1634 762 Christi
1653 742 1710 773 pro
1726 734 1810 764 satis-

1034 782 1179 813 factione.

1075 837 1104 865 4.
1131 835 1221 874 item,
1248 837 1348 868 multo
1380 838 1492 869 melior
1516 842 1562 870 est
1587 840 1654 871 vita
1683 841 1809 880 Christi,

1036 898 1133 929 quam
1149 892 1230 920 esset
1252 899 1337 921 mors
1355 902 1361 922 :
1379 901 1458 931 ergo
1474 893 1498 923 si
1525 903 1611 924 mors
1632 894 1744 925 Christi
1760 905 1813 936 po-

1036 943 1097 973 tuit
1113 942 1173 973 Deo
1188 943 1365 975 satisfacere
1389 954 1446 985 pro
1471 947 1572 985 1101115,
1590 947 1692 978 multo
1708 949 1814 988 magis

1037 994 1103 1025 vita
1118 997 1187 1035 ejus
1202 996 1311 1028 debuit
1325 998 1500 1029 satisfacere
1519 1009 1525 1029 t
1543 1008 1623 1038 ergo
1641 1000 1744 1039 magis
1765 1000 1815 1030 de-

1038 1048 1108 1078 buit
1136 1053 1297 1090 acceptare
1333 1052 1432 1083 vitam
1467 1053 1505 1084 ad
1540 1053 1794 1084 satisfaciendum
1805 1077 1813 1091 ,

1039 1113 1135 1144 quam
1151 1108 1298 1136 mortem.

1081 1159 1109 1187 5.
1129 1157 1218 1196 Item7
1238 1168 1301 1189 non
1325 1160 1370 1189 est
1385 1159 1499 1190 modus
1513 1161 1677 1192 ordinatus
1701 1162 1818 1193 satissa-

1041 1210 1154 1249 ciendi⁷
1171 1211 1205 1241 in
1220 1220 1284 1251 quo
1312 1212 1441 1243 additur
1455 1217 1620 1252 peccatum
1635 1224 1731 1255 super
1745 1225 1816 1256 pec-

1041 1266 1148 1295 catum
1186 1276 1191 1295 :
1217 1265 1271 1295 sed
1300 1264 1442 1296 Christus
1475 1267 1573 1298 occidi
1604 1277 1669 1299 11011
1698 1271 1821 1308 poterat

1042 1318 1110 1349 51110
1136 1318 1328 1358 gravissimo
1352 1321 1502 1359 peccato:
1521 1330 1598 1359 ergo
1622 1322 1821 1354 inordinatus

1043 1374 1157 1405 modus
1192 1374 1400 1406 satisfaciendi
1434 1375 1560 1407 videtur
1593 1386 1650 1416 per
1683 1381 1820 1410 mortem

1044 1427 1170 1458 Christi.

1085 1484 1115 1512 6.
1142 1481 1219 1513 Item
1235 1483 1368 1522 gravius
1387 1483 1447 1514 fuit
1468 1487 1633 1523 peccatum
1661 1485 1821 1517 Christum

1046 1535 1259 1566 occidentium
1272 1559 1279 1573 ‚
1310 1545 1408 1576 quam
1423 1539 1505 1567 esset
1523 1540 1688 1577 peccatum
1717 1539 1794 1570 Adae
1812 1549 1819 1569 :

1047 1597 1124 1628 ergo
1132 1589 1158 1619 si
1173 1598 1237 1619 non
1251 1590 1354 1629 potuit
1369 1590 1537 1622 satisfactio
1548 1591 1616 1622 ficri
1627 1601 1685 1632 pro
1697 1595 1823 1633 peccato

1047 1642 1136 1680 Adae,
1154 1642 1216 1673 nisi
1236 1643 1378 1675 Christus
1387 1645 1485 1675 semel
1495 1648 1685 1684 moreretur,
1698 1646 1825 1678 videtur

1048 1695 1133 1735 quod
1147 1705 1212 1727 non
1225 1697 1364 1737 potuerit
1373 1698 1540 1729 satisfactIO
1550 1699 1619 1730 fieri
1632 1709 1689 1740 pro
1699 1702 1825 1740 peccato

1049 1750 1261 1782 occidentium
1277 1751 1450 1791 Christum,
1462 1752 1524 1783 nisi
1538 1752 1679 1784 Christus
1687 1754 1826 1786 secundo

1049 1804 1246 1836 occideretur
1269 1806 1363 1846 :pari
1383 1806 1504 1837 ratione
1526 1816 1584 1838 1100
1609 1807 1647 1838 de
1671 1808 1827 1839 occisione

1050 1857 1113 1897 illa,
1133 1858 1194 1889 nisi
1212 1858 1408 1891 occideretur
1423 1860 1526 1899 tertio,
1542 1861 1573 1891 et
1596 1860 1640 1891 510
1661 1860 1696 1891 111
1719 1861 1828 1891 infini-

1050 1915 1121 1943 tum
1138 1922 1235 1952 :ergo
1248 1922 1315 1944 non
1325 1913 1453 1945 videtur
1467 1914 1553 1954 quod
1566 1913 1635 1945 talis
1651 1914 1766 1945 modus
1777 1923 1826 1946 sa-

1051 1967 1227 1998 tisfaciendi
1254 1967 1294 1998 sit
1309 1970 1501 2009 competen5‚
1518 1978 1576 2000 nec
1595 1979 1614 2000 a
1641 1968 1704 2001 Deo
1723 1979 1829 2010 accep-

1052 2020 1176 2052 tandus.

1326 2095 1552 2129 CONCLUSIO.

1053 2164 1146 2192 Modus
1173 2167 1270 2191 nostroe
1298 2165 1494 2198 satisfactionis
1519 2167 1599 2199 sactae
1615 2173 1665 2201 per
1691 2166 1827 2194 Christum

1089 2211 1146 2243 fuit
1158 2210 1325 2242 conveniens,
1340 2212 1367 2236 et
1382 2211 1500 2238 maz-ime
1512 2218 1529 2237 a
1541 2211 1592 2238 Deo
1608 2211 1792 2246 acceptandus.

1096 2289 1187 2331 Resp.
1209 2290 1248 2321 ad
1264 2299 1334 2330 arg.
1352 2290 1528 2322 Dicendum
1544 2291 1630 2331 quod
1645 2291 1778 2322 modum
1792 2291 1832 2322 is-

1055 2345 1125 2375 tum
1139 2344 1223 2375 ultra
1233 2346 1363 2376 caeteros
1381 2345 1492 2376 modos
1507 2345 1615 2377 debuit
1629 2345 1712 2377 Deus
1725 2354 1832 2387 accep-

1056 2400 1133 2436 tare,
1151 2399 1227 2439 quia
1248 2399 1465 2431 nobilissimus
1485 2402 1531 2432 est
1550 2401 1632 2432 inter
1646 2409 1757 2432 omnes
1775 2400 1831 2441 qui

1056 2454 1190 2492 possunt
1204 2461 1270 2485 esse
1296 2453 1347 2486 vel
1370 2454 1546 2494 excogitari
1562 2454 1642 2486 :fuit
1670 2454 1756 2486 enim
1776 2463 1832 2486 ac-

1058 2550 1241 2581 lliSent.‚dist.
1254 2556 1297 2580 xx,
1310 2558 1333 2582 q.
1343 2557 1370 2581 v;
1386 2551 1507 2582 Stephan.
1522 2551 1626 2582 Brutet'„
1638 2552 1670 2576 ΙΙΙ
1684 2552 1764 2582 Seni„
1773 2552 1830 2577 dist.

1057 2593 1101 2618 xx,
1113 2594 1138 2618 q.
1149 2593 1174 2610 v.
1183 2600 1211 2605 —
1224 2587 1345 2619 ²Philip„
1356 2593 1384 2616 11,
1402 2588 1424 2611 8.
1435 2600 1465 2605 —-
1475 2587 1486 2603 ⁸
1499 2587 1558 2616 1521„
1572 2593 1629 2618 mu,
1641 2589 1663 2611 6.
1672 2601 1702 2607 -
1713 2589 1831 2620 ⁸1Petr.,

1059 2628 1087 2652 11,
1099 2624 1137 2646 22.
1152 2635 1182 2641 —
1192 2623 1202 2639 ⁵
1216 2622 1286 2653 Sap„
1297 2628 1315 2653 1,
1328 2624 1365 2647 13.
