2017 2960
670 122 858 153 DlSTlNCT.
882 122 987 155 XXIV.
1010 122 1102 154 ΛΒΤ.
1127 122 1150 153 Ι.
1176 122 1325 159 QUAEST.
1351 123 1374 152 l.

223 199 343 221 causa:
374 192 406 221 et
426 189 497 220 talis
523 191 570 220 est
592 189 731 229 cognitio
754 189 848 227 fidei,
869 191 900 219 et
919 199 996 229 pro-

221 243 338 284 phetiae
351 267 360 281 ‚
382 243 414 273 et
435 242 603 282 cujuslibet
625 242 828 274 revelationis
853 242 971 273 divinae
985 266 992 280 ‚

221 305 294 336 quae
318 304 384 326 11011
408 295 524 335 pendet
546 296 585 327 ab
605 304 643 327 eo
668 295 753 335 quod
768 295 917 334 creditur,
943 296 995 326 vel

220 347 306 387 quod
320 346 490 385 revelatur,
508 346 562 378 sed
574 347 614 377 ab
630 346 684 377 illo
700 346 834 385 lumine,
844 355 900 386 per
910 347 995 386 quod

219 403 259 434 ad
273 403 334 434 hoc
347 403 604 443 cognoscendum
619 403 821 433 illuminatur
836 411 844 433 :
867 404 899 433 et
919 402 995 442 quia

219 456 300 488 illud
312 457 423 488 lumen
434 459 559 488 certum
572 458 620 488 est
633 456 729 487 etiam
754 456 793 487 de
816 465 851 487 re
869 456 995 486 contin-

219 511 327 550 gente,
342 509 418 541 hinc
433 512 480 541 est
498 509 585 550 quod
598 518 672 541 cum
687 509 815 540 habitus
829 509 902 540 fidei
917 518 992 540 con-

218 563 374 594 formetur
386 563 414 594 ei
428 572 447 594 a
461 572 526 603 quo
541 562 716 602 dependet,
731 571 797 593 non
819 563 921 602 potest
934 562 994 593 fal-

218 616 335 647 sificari
348 625 407 648 nec
426 616 574 648 vacillare
594 618 722 656 propter
743 615 993 655 contingentiam

218 669 339 700 crediti.

258 724 288 754 3.
305 723 354 754 Ad
368 722 447 753 illud
460 721 546 762 quod
561 722 725 762 objicitur,
741 722 827 762 quod
846 722 993 762 possibile

217 776 319 816 potest
331 777 414 806 stare
427 783 501 806 cum
514 775 657 815 quolibet
668 775 844 806 necessario
857 800 865 814 ‚
882 775 993 806 dicen-

217 828 296 860 dum
318 828 405 868 quod
430 837 546 860 verum
574 830 636 866 est3
667 829 806 859 attamen
838 828 877 859 ad
914 828 993 859 illud

217 882 303 922 quod
328 881 517 922 subjungit,
542 882 628 922 quod
649 882 832 922 oppositum
856 882 993 922 aliqu‘us

217 933 343 965 articuli
355 935 401 965 est
415 934 604 974 contingens
619 942 627 964 :
653 934 698 964 sic
711 936 784 964 ante
798 933 991 965 iucarnatio-

217 995 293 1017 nem
319 987 509 1026 contingens
530 988 598 1018 erat
617 986 777 1018 Christum
802 995 867 1018 non
887 987 992 1018 incar-

217 1039 288 1071 nari
302 1041 334 1070 et
344 1048 410 1070 non
423 1039 489 1079 pati
512 1051 519 1071 :
542 1040 734 1080 respondent
752 1040 851 1080 aliqui
869 1049 926 1080 per
947 1041 993 1072 in-

217 1092 459 1132 teremptionem
468 1115 479 1131 ,
493 1101 551 1133 pro
569 1102 607 1124 eo
620 1093 705 1133 quod
720 1093 759 1124 de
775 1093 992 1125 incarnatione

217 1147 248 1177 et
269 1146 416 1186 passione
440 1155 507 1176 non
530 1148 577 1177 est
600 1146 752 1178 articulus
775 1147 934 1186 quantum
952 1146 992 1178 ad

217 1200 380 1238 eventum,
393 1199 479 1239 quod
490 1199 534 1230 ita
546 1198 694 1238 eveniat,
708 1199 763 1230 sed
777 1200 937 1238 quantum
951 1199 991 1230 ad

216 1251 372 1291 ordinem,
385 1251 471 1292 quod
481 1251 526 1282 ita
539 1253 708 1291 congruat.
726 1251 814 1283 Unde
828 1251 991 1283 Abraham

216 1314 282 1337 non
296 1305 427 1337 credidit
440 1305 600 1336 Christum
614 1305 791 1344 incarnari,
808 1305 864 1337 sed
887 1305 992 1336 Chris-

215 1360 287 1390 tum
300 1367 367 1390 esse
382 1358 626 1397 incarnandum,
641 1359 678 1389 ut
687 1359 743 1389 fiat
755 1358 806 1390 vis
820 1358 855 1389 in
866 1359 964 1390 verbo
982 1370 988 1390 :

216 1412 293 1452 quia
305 1411 466 1443 incarnari
476 1411 550 1443 dicit
561 1413 725 1450 eventum,
737 1411 791 1442 sed
807 1420 874 1443 esse
888 1412 992 1443 incar-

216 1465 361 1496 nandum
376 1465 450 1496 dicit
460 1465 604 1496 ordinem
615 1473 808 1504 congruum.
825 1465 864 1496 Et
878 1474 990 1505 quam-

216 1518 265 1550 vis
279 1518 439 1549 Christum
453 1518 611 1549 incarnari
630 1519 671 1549 sit
684 1519 873 1558 contingens
887 1528 992 1558 quan-

216 1573 287 1602 tum
301 1572 340 1602 ad
355 1574 519 1610 eventum,
538 1574 643 1603 tamen
670 1575 829 1612 quantum
851 1573 890 1603 ad
913 1582 990 1604 con-

217 1626 400 1664 gruentiam
423 1626 637 1657 necessarium
665 1628 712 1657 est
747 1637 754 1657 2
797 1626 990 1666 impossibile

217 1680 265 1710 est
297 1679 384 1710 enim
413 1680 474 1710 hoc
499 1688 566 1710 non
594 1688 662 1710 esse
700 1680 815 1711 decens
846 1683 877 1711 et
911 1690 990 1712 con-

218 1741 350 1772 gruum.
375 1731 436 1763 Sed
454 1732 507 1763 hic
532 1732 647 1763 modus
672 1733 795 1764 dicendi
816 1735 898 1764 stare
925 1743 989 1766 non

216 1787 328 1827 potest,
343 1785 419 1826 quia
433 1785 477 1816 sic
489 1785 597 1816 fideles
606 1786 818 1824 crediderunt,
832 1787 914 1818 sicut
921 1797 991 1827 pro-

216 1839 321 1879 phetae
336 1839 576 1879 praedixerunt:
598 1840 629 1869 ct
650 1839 814 1879 prophetae
832 1840 990 1880 praedixe-

217 1891 293 1922 runt·
306 1899 373 1921 11011
387 1889 491 1920 solum
511 1898 578 1920 esse
602 1899 785 1929 congruum
808 1890 988 1931 incarnari,

217 1945 272 1977 sed
284 1945 382 1976 etiam
396 1946 547 1976 eventum
571 1945 729 1976 futurum.
743 1945 779 1976 Et
800 1955 931 1986 rursus,
947 1947 990 1977 51-

217 2002 271 2031 cut
285 2008 343 2030 nos
363 1999 521 2030 credimus
545 1999 705 2030 Christum
727 1999 929 2031 incarnatum
953 2001 991 2031 de

217 2053 388 2094 praeterito,
404 2053 448 2084 ita
462 2053 523 2093 ipsi
539 2053 741 2084 crediderunt
758 2052 917 2084 Christum
940 2053 989 2084 in-

218 2104 417 2136 carnandum
434 2104 472 2135 de
485 2105 606 2136 futuro.
622 2104 661 2136 Et
683 2104 754 2136 ideo
775 2104 865 2136 aliter
883 2104 992 2136 dicunt

217 2157 290 2196 alii,
308 2157 484 2197 quodlicet
506 2157 612 2197 ipsum
636 2157 792 2188 creditum
814 2157 912 2197 possit
925 2166 992 2189 esse

217 2211 406 2250 contingens
418 2211 452 2241 in
467 2219 516 2250 se,
532 2212 640 2242 tamen
652 2210 760 2241 habito
784 2213 930 2251 respectu
953 2211 990 2242 ad

218 2264 362 2296 divinam
383 2264 615 2305 praescientiam
630 2287 639 2302 ‚
657 2272 731 2304 quae
753 2264 993 2296 immutabiliter

219 2318 376 2359 praevidit,
390 2327 518 2349 necesse
531 2320 579 2349 est
593 2318 701 2358 ipsum
712 2318 839 2349 evenire
856 2329 863 2350 ε
880 2320 911 2350 et
924 2319 993 2350 ideo

221 2372 401 2412 oppositum
415 2372 485 2412 ejus
504 2381 570 2403 non
592 2373 694 2412 potest
716 2374 820 2411 stare,
836 2381 896 2403 nec
919 2381 994 2403 cum

222 2426 295 2455 actu
306 2424 423 2456 divinae
437 2425 657 2465 praescientiae,
673 2434 732 2456 nec
744 2434 818 2457 cum
831 2427 904 2457 actu
922 2425 995 2456 fidei

222 2479 350 2509 nostrae.
368 2477 430 2509 Sed
454 2487 513 2509 nec
537 2478 618 2510 illud
643 2478 758 2518 solvit,
774 2479 851 2519 quia
871 2488 937 2510 non
951 2480 996 2510 est

222 2530 350 2571 aliquod
367 2531 573 2572 contingens,
589 2531 672 2573 quod
689 2531 773 2563 Deus
790 2540 857 2563 non
876 2532 995 2572 praevi-

225 2584 316 2621 derit,
333 2583 361 2615 si
375 2585 567 2617 eventurum
575 2586 634 2625 est,
644 2593 702 2618 nec
711 2594 768 2626 per
774 2586 999 2626 praevisionem

1769 126 1826 156 519

1051 198 1143 220 suam
1159 189 1302 220 aufertur
1321 189 1381 220 sibi
1403 189 1523 230 aliquid
1547 191 1586 221 de
1609 191 1827 230 contingentia

1050 252 1108 273 sua
1124 251 1132 273 ε
1149 252 1229 282 ergo
1248 244 1544 283 quantumcumque
1565 242 1648 274 Deus
1669 244 1828 283 praevide·

1050 296 1090 325 rit
1104 296 1233 336 aliquid,
1250 305 1377 327 necesse
1396 299 1442 327 est
1457 305 1576 336 ponere
1597 296 1683 336 quod
1704 298 1826 328 conlin-

1050 357 1129 386 gens
1143 358 1217 379 cum
1236 349 1377 389 quolidet
1397 350 1573 380 necessario
1594 350 1693 389 possit
1718 351 1801 381 stare
1818 360 1824 380 :

1050 401 1075 430 si
1103 402 1190 432 enim
1212 411 1277 432 non
1300 405 1405 442 posset
1427 405 1509 433 stare
1530 412 1604 433 cum
1627 403 1802 434 necessario
1817 426 1825 439 ‚

1049 453 1241 493 impossihile
1256 458 1335 486 esset
1351 456 1457 495 ipsum
1471 456 1610 487 evenire.
1628 455 1666 487 Et
1683 458 1827 496 propter-

1052 516 1090 537 ea
1113 509 1160 537 est
1184 507 1288 538 adhuc
1316 509 1429 539 tertius
1455 509 1569 540 modus
1592 509 1736 546 d1cendi,
1770 509 1826 549 qui

1049 560 1191 591 concedit
1214 560 1298 600 quod
1319 561 1506 600 contingens
1525 563 1626 601 potest
1650 563 1733 592 stare
1752 571 1827 592 cum

1050 613 1240 651 necessario,
1259 615 1289 644 et
1306 613 1391 652 quod
1407 615 1587 654 oppositum
1603 615 1739 654 alicujus
1753 615 1827 646 arti-

1049 666 1112 697 culi
1128 669 1174 697 est
1188 667 1239 697 vel
1253 666 1313 697 fuit
1334 667 1535 706 contingens.
1561 668 1622 698 Sed
1642 668 1720 699 illud
1741 668 1826 708 quod

1049 721 1220 760 opponitur
1234 720 1326 751 tertio
1342 720 1410 751 loco
1421 745 1429 760 ‚
1446 722 1563 761 negat,
1579 721 1725 752 videlicet
1742 721 1826 761 quod

1048 773 1262 804 necessarium
1277 773 1336 804 fuit
1349 774 1514 805 Abraham
1529 774 1696 805 credidisse
1720 774 1824 805 Chris-

1048 827 1119 857 tum
1137 835 1204 857 esse
1228 835 1410 866 passurum.
1426 827 1463 859 Et
1484 827 1510 858 si
1532 829 1568 859 tu
1591 827 1720 867 objicias
1740 827 1827 867 quod

1048 889 1143 910 omne
1159 879 1278 910 (lictum
1293 880 1331 911 de
1345 881 1505 920 praeterito
1520 883 1567 912 est
1589 880 1824 919 necessarium,

1048 933 1304 973 respondendum
1318 934 1357 964 ad
1379 933 1440 965 hoc
1452 957 1460 971 ,
1476 934 1561 974 quod
1579 943 1694 965 verum
1718 935 1765 965 est
1786 933 1825 965 de

1047 995 1084 1016 eo
1099 986 1191 1025 dicto,
1202 987 1287 1026 quod
1302 987 1414 1018 transit
1428 988 1601 1019 omninoin
1612 987 1821 1028 praeteritum3

1047 1040 1102 1071 sed
1116 1040 1195 1071 illud
1218 1040 1338 1071 dictum
1363 1042 1513 1072 connotat
1530 1041 1677 1072 futurum
1699 1041 1824 1073 contin-

1047 1101 1127 1132 gens
1144 1102 1152 1123 t
1170 1095 1199 1123 et
1214 1092 1291 1132 quia
1305 1102 1400 1124 omne
1414 1093 1534 1124 dictum
1548 1094 1634 1134 quod
1657 1093 1775 1125 claudit
1790 1094 1824 1125 in

1047 1154 1081 1176 se
1091 1146 1292 1184 contingens,
1309 1147 1497 1185 contingens
1512 1149 1574 1186 est3
1599 1147 1668 1178 ideo
1682 1146 1762 1177 illud
1776 1150 1825 1179 to-

1047 1199 1108 1229 tale
1127 1199 1250 1229 dictum
1262 1222 1270 1237 ,
1287 1199 1450 1230 Abraham
1473 1200 1640 1231 credidisse
1662 1200 1823 1232 Christum

1047 1261 1228 1292 passurum,
1245 1252 1434 1292 contingens
1448 1255 1504 1284 est.
1522 1253 1607 1284 Licet
1622 1254 1708 1284 enim
1731 1253 1822 1293 prin-

1047 1305 1177 1345 cipalior
1192 1306 1379 1346 compositio
1394 1306 1433 1336 sit
1446 1306 1484 1337 de
1498 1307 1660 1347 praeterito
1665 1330 1675 1346 ‚
1703 1316 1823 1338 conno-

1046 1360 1149 1389 tatum
1166 1362 1273 1390 tamen
1286 1362 1332 1390 est
1347 1360 1384 1390 de
1397 1361 1517 1392 futuro.
1535 1360 1573 1391 Et
1588 1361 1648 1392 1100
1665 1363 1750 1401 patet
1766 1361 1821 1398 sic,

1047 1412 1123 1452 quia
1137 1412 1261 1444 credere
1276 1413 1350 1443 dicit
1362 1415 1468 1444 actum
1478 1414 1569 1445 liberi
1577 1414 1698 1444 arbitrii
1710 1423 1823 1445 secun-

1048 1465 1125 1496 dum
1140 1466 1345 1497 directionem
1365 1467 1496 1497 luminis
1521 1467 1748 1498 conformantis
1772 1468 1826 1498 in-

1047 1519 1210 1550 tellectum
1221 1522 1366 1550 nostrum
1382 1520 1498 1551 divinae
1507 1521 1726 1561 praescientiae.
1738 1521 1826 1553 Unde

1046 1579 1158 1601 sensus
1171 1573 1217 1601 est
1234 1580 1241 1601 :
1258 1571 1422 1602 Abraham
1436 1572 1567 1603 credidit
1583 1572 1744 1603 Christum
1759 1582 1825 1604 esse

1047 1632 1238 1663 passurum,
1262 1624 1323 1655 hoc
1341 1626 1387 1655 est
1410 1636 1417 1656 :
1443 1625 1605 1656 Abraham
1626 1625 1824 1657 illuminatus

1046 1677 1106 1708 fuit
1122 1679 1157 1707 ut
1172 1677 1341 1708 assentiret
1356 1702 1364 1716 ‚
1380 1680 1411 1709 et
1425 1678 1547 1710 videret
1566 1679 1627 1710 hoc
1642 1680 1728 1719 quod
1744 1679 1826 1711 Deus

1046 1730 1236 1770 praeviderat
1254 1731 1394 1762 evenire.
1413 1731 1451 1762 Et
1474 1732 1549 1772 quia
1577 1733 1611 1763 in
1634 1733 1826 1773 praevisione

1047 1785 1181 1815 eventus
1196 1784 1412 1823 contingentis
1427 1784 1597 1823 clauditur,
1623 1786 1690 1818 sive
1708 1795 1827 1817 conno-

1046 1837 1132 1867 tatur
1148 1838 1294 1868 futurum
1310 1838 1515 1877 contingens;
1530 1839 1605 1869 hinc
1616 1840 1662 1870 est
1675 1840 1760 1879 quod
1772 1839 1826 1871 illo

1047 1890 1128 1922 dicto
1141 1891 1179 1922 de
1193 1891 1354 1931 praeterito
1365 1915 1374 1930 ,
1389 1891 1547 1923 clauditur
1568 1895 1703 1926 eventus
1727 1893 1829 1924 futuri

1047 1945 1261 1984 contingentis
1281 1955 1287 1975 :
1304 1946 1335 1975 et
1350 1944 1421 1976 ideo
1437 1947 1541 1976 totum
1553 1946 1764 1985 =iudicandum
1780 1948 1828 1978 est

1048 2006 1114 2028 esse
1129 1998 1329 2037 contingens.
1354 1998 1393 2029 Et
1416 1998 1442 2028 si
1462 2001 1500 2029 tu
1516 1999 1647 2039 objicias
1663 2000 1748 2040 quod
1769 2008 1828 2031 ne-

1048 2051 1221 2082 cessarium
1237 2052 1282 2082 est
1301 2051 1484 2091 simpliciter
1509 2052 1675 2083 Abraham
1702 2061 1826 2092 cogno-

1048 2104 1132 2135 visse
1147 2104 1185 2134 de
1199 2103 1276 2142 1100,
1291 2106 1321 2135 et
1332 2104 1501 2136 assensisse
1517 2105 1603 2142 huic,
1622 2115 1702 2146 ergo
1722 2114 1826 2137 neces-

1048 2157 1171 2188 sarium
1190 2160 1236 2188 est
1250 2157 1434 2198 simpliciter
1458 2158 1621 2190 Abraham
1641 2159 1823 2198 credidisse3

1048 2210 1220 2242 dicendum
1236 2212 1322 2251 quod
1330 2220 1444 2243 verum
1455 2214 1511 2251 est,
1523 2213 1608 2253 quod
1614 2213 1826 2244 necessarium

1050 2266 1096 2296 est
1117 2265 1280 2296 Abraham
1302 2265 1490 2305 cognovisse
1509 2266 1548 2297 de
1573 2266 1659 2298 hoc:
1683 2267 1737 2298 sed
1760 2275 1826 2298 non

1049 2321 1096 2351 est
1106 2320 1321 2351 necessarium
1340 2320 1447 2360 ipsum
1468 2321 1637 2352 assensisse
1658 2321 1736 2352 huic
1758 2329 1828 2352 cre-

1051 2373 1114 2405 dito
1127 2373 1345 2413 contingenti,
1366 2374 1397 2404 et
1410 2373 1471 2404 1100
1485 2382 1617 2405 assensu
1629 2374 1714 2406 fidei.
1736 2374 1827 2405 Fides

1053 2427 1139 2458 enim
1153 2427 1243 2458 sicin
1256 2436 1293 2458 eo
1307 2427 1507 2466 assentiebat,
1524 2427 1606 2459 sicut
1620 2428 1702 2459 Deus
1712 2428 1827 2468 praevi-

1054 2481 1147 2512 debat
1172 2491 1179 2512 :
1205 2481 1260 2512 sed
1284 2480 1394 2512 divina
1415 2480 1565 2520 praevisio
1588 2481 1632 2512 sic
1654 2481 1830 2521 praevidet,

1055 2533 1140 2575 quod
1154 2533 1302 2574 quamvis
1323 2535 1412 2564 actus
1434 2532 1551 2564 divinae
1571 2534 1833 2574 praecognitionis

1061 2587 1101 2618 sit
1108 2587 1141 2618 in
1152 2596 1185 2618 se
1196 2586 1405 2624 necessariu5‚
1414 2587 1522 2617 tamen
1532 2587 1726 2628 comparatio
1733 2587 1835 2628 ipsius
