2017 2960
778 124 967 157 DISTINCT.
990 123 1139 155 XXVIIII.
1708 127 1765 156 625

163 203 228 225 non
244 196 351 226 tamen
365 197 412 225 θεῖ
426 194 609 234 simpliciter
626 205 633 225 :
652 196 682 225 et
703 194 773 224 ideo
795 194 934 223 defectus
993 193 1101 223 anima
1123 191 1273 230 diligitur
1296 191 1389 223 Deus.
1406 202 1420 220 n
1440 191 1477 223 Et
1498 191 1558 222 hoc
1576 192 1683 232 ipsum
1698 192 1768 224 vult

164 249 211 278 est
232 258 250 278 a
274 248 410 288 perfecta
436 248 603 285 totalitate,
630 257 702 288 quae
729 249 776 278 est
799 246 937 277 totalitas
995 247 1097 277 dicere
1112 245 1275 285 Magister,
1292 255 1364 276 cum
1381 245 1455 275 dicit
1471 245 1554 284 quod
1569 245 1694 285 impleri
1711 256 1767 285 po-

166 304 312 332 motuum
328 303 360 332 et
374 304 572 341 temporum:
591 304 621 332 et
637 302 706 332 haec
720 302 765 331 est
779 309 851 340 quae
867 300 939 329 sim-
996 302 1052 330 test
1069 299 1121 329 hic
1137 299 1251 329 modus
1270 299 1440 338 praedictus
1455 298 1631 329 secundum
1646 299 1767 338 perfec-

166 356 287 396 pliciter
300 357 438 387 excludit
451 360 575 388 motum
592 360 782 387 extraneum
802 367 807 386 :
826 357 854 385 et
870 354 939 384 ideo
997 353 1116 382 tionem
1139 352 1201 383 viae
1217 376 1227 391 ,
1253 361 1326 392 quae
1350 354 1396 382 est
1419 352 1567 392 perfectio
1593 352 1768 389 currentis,

166 410 315 449 quamvis
330 410 437 450 aliquo
458 411 552 441 modo
568 410 693 450 impleri
715 409 813 449 possit
827 408 941 439 modus
998 415 1062 436 non
1079 406 1253 436 secundum
1268 405 1493 445 perfectionem
1508 405 1629 445 patriae,
1643 413 1715 444 quae
1727 407 1772 434 est

166 462 234 500 ille,
250 472 315 493 non
339 466 448 494 tamen
473 464 605 495 omnino
621 488 628 501 ,
655 464 735 493 sicut
758 462 940 492 insinuatur
998 459 1148 498 perfectio
1163 459 1378 498 pervenientis
1393 470 1399 489 ε
1419 461 1449 490 et
1466 459 1510 489 ita
1525 458 1595 489 vult
1609 458 1694 498 quod
1712 458 1773 488 im-

166 515 199 545 in
214 516 267 546 illo
287 519 455 557 praecepto.
474 517 511 547 Et
526 518 585 548 hoc
600 517 707 547 innuit
719 515 938 555 Augustinus,
1000 513 1077 553 pleri
1104 513 1201 552 possit
1228 522 1268 543 ex
1291 515 1395 553 parte,
1421 522 1486 543 non
1510 515 1616 543 tamen
1642 512 1774 543 omnino

167 579 241 600 cum
258 570 333 601 dicit
347 571 354 587 ¹
373 581 378 601 :
401 582 415 598 «
431 570 508 601 Cum
525 569 645 610 aliquid
659 569 764 600 adhuc
778 570 824 600 est
839 576 945 598 carna-
1002 566 1154 606 perfecte,
1172 568 1202 597 et
1217 567 1353 606 integre.

168 623 206 653 lis
221 624 503 663 concupiscentiae,
527 633 591 654 non
617 622 799 653 omnimode
820 631 860 652 ex
882 623 946 651 tota

637 782 1038 829 DISTINCTIO
1093 782 1331 828 XXVIII

415 925 453 946 DE
469 924 643 946 CHARITATE
658 923 803 950 QUANTL'M
818 923 858 944 AD
872 922 1072 945 DILIGIBILIUM
1085 923 1232 944 NUMERUM
1247 923 1284 944 ET
1299 921 1543 944 DISTINCTIONEM.

220 1033 280 1066 Hic
295 1037 398 1078 potest
412 1033 518 1078 quaeri
538 1038 650 1066 utrum
669 1033 703 1065 in
720 1032 778 1065 illo
794 1032 947 1065 mandato
962 1032 1145 1065 dilectionis
1160 1032 1303 1076 proximi
1323 1035 1426 1065 totum
1443 1031 1651 1076 proximum,
1668 1030 1701 1063 id
1723 1034 1781 1071 est,
1823 1045 1883 1070 offla

175 1092 320 1124 animam
337 1095 368 1124 et
382 1103 511 1136 corpus,
529 1103 655 1136 nosque
677 1091 762 1135 ipsos
787 1094 870 1123 totos
894 1090 1031 1133 diligere
1054 1090 1295 1134 praecipiamur.
1322 1090 1373 1123 Ad
1397 1090 1483 1134 quod
1508 1089 1658 1129 dicimus,
1687 1100 1782 1121 omne
1798 1077 1906 1136 ζ’ὲρμξᾟζ.

176 1160 279 1191 genus
311 1149 556 1193 diligendarum
590 1161 701 1182 rerum
739 1149 771 1181 in
806 1149 871 1181 illis
897 1148 1027 1181 duobus
1061 1148 1223 1181 mandatis
1256 1148 1429 1181 contineri.
1467 1160 1483 1179 α
1509 1147 1658 1187 Quatuor
1695 1146 1782 1179 enim
1813 1141 1888 1160 ‘mu‘

1805 1172 1897 1198 diligere

177 1207 345 1250 diligenda
360 1212 449 1248 sunt,
466 1211 503 1240 ut
518 1207 563 1240 ait
578 1207 786 1249 Augustinus
800 1210 810 1225 2
828 1219 835 1239 z
855 1218 961 1239 unum
977 1206 1064 1250 quod
1080 1218 1180 1250 supra
1194 1218 1253 1239 nos
1268 1210 1331 1247 est,
1349 1206 1471 1239 scilicet
1494 1206 1600 1247 Deus;
1627 1205 1781 1246 alterum,
1822 1206 1889 1255 ‘⁰2¹2‘ss

178 1265 264 1309 quod
296 1276 355 1297 nos
394 1276 526 1305 sumus;
557 1264 711 1305 tertium,
748 1264 837 1308 quod
872 1264 968 1307 juxta
1009 1275 1070 1296 nos
1111 1268 1175 1305 est,
1220 1264 1342 1296 scilicet
1377 1263 1567 1308 proximus;
1607 1266 1782 1307 quartum,
1801 1269 1907 1318 zzz-¹:03¹?

179 1322 266 1367 quod
297 1322 383 1355 infra
410 1334 469 1356 nos
498 1326 558 1363 est,
589 1322 709 1355 scilicet
745 1333 873 1366 corpus.
913 1322 959 1354 De
994 1321 1137 1354 secundo
1168 1325 1200 1354 et
1223 1326 1341 1366 quarto
1371 1322 1465 1355 nulla
1493 1325 1651 1366 praecepta
1679 1320 1786 1353 danda
1803 1333 1823 1350 et
1850 1314 1910 1350 san&1

179 1384 283 1421 erant,
314 1380 434 1413 scilicet
464 1384 501 1412 ut
529 1380 742 1423 diligeremus
771 1391 854 1421 uos,
886 1380 937 1412 vel
965 1390 1083 1423 corpus
1109 1384 1259 1412 nostrum
1289 1392 1295 1412 :
1325 1380 1513 1424 praecipitur
1554 1383 1663 1412 autem
1701 1379 1788 1411 Deus
1815 1362 1900 1387 mm

179 1439 273 1481 diligi
314 1443 345 1471 et
387 1439 573 1482 proximus.
620 1438 664 1471 Ut
707 1442 815 1470 autem
852 1437 992 1482 quisque
1027 1449 1059 1470 se
1101 1437 1236 1480 diligat,
1283 1441 1441 1482 praecepto
1488 1448 1555 1470 non
1604 1441 1651 1470 est
1693 1448 1786 1481 opus,

180 1496 433 1535 Quantumlibet
458 1496 547 1529 enim
574 1496 672 1529 homo
697 1495 822 1528 excidat
852 1508 870 1528 a
894 1496 1051 1536 veritate,
1076 1499 1223 1528 remanet
1254 1495 1304 1527 illi
1339 1495 1469 1528 dilectio
1501 1495 1568 1537 sui,
1600 1499 1631 1528 ct
1660 1495 1790 1528 dilectio

181 1555 325 1599 corporis
350 1554 414 1595 sui,
436 1554 515 1598 quia
538 1554 547 1570 ³
574 1566 670 1587 nemo
694 1565 842 1598 unquam
865 1564 998 1586 carnem
1021 1565 1116 1586 suam
1137 1553 1211 1586 odio
1233 1553 1362 1586 habuit.
1390 1553 1474 1586 Nem
1490 1553 1499 1568 ‘’
1520 1553 1608 1585 «viri
1624 1553 1716 1597 justi,
1733 1553 1792 1597 qui

181 1624 299 1657 corpus
326 1624 424 1645 suum
455 1612 614 1654 cruciant,
646 1624 713 1645 non
737 1623 875 1656 corpus,
901 1612 955 1644 sed
980 1612 1206 1656 corruptiones
1229 1611 1300 1655 ejus
1323 1615 1355 1644 et
1376 1611 1505 1656 pondus
1525 1611 1678 1644 oderunt.
1696 1623 1714 1642 w>
1730 1611 1791 1644 Hic

182 1671 314 1703 videtur
330 1670 540 1713 Augustinus
555 1670 693 1710 tradere,
712 1670 800 1714 quod
815 1682 855 1703 ex
870 1674 1028 1714 praecepto
1048 1682 1115 1703 non
1141 1674 1312 1703 teneamur
1333 1670 1470 1713 diligere
1495 1670 1721 1714 nosmetipsos,
1739 1670 1791 1702 vel

183 1740 302 1772 corpus
324 1732 477 1761 nostrum
506 1741 512 1761 :
542 1729 631 1773 quod
656 1729 682 1761 si
711 1733 773 1770 est,
803 1740 869 1761 non
897 1740 994 1762 omne
1022 1740 1126 1772 genus
1153 1728 1397 1772 diligendarum
1428 1739 1539 1761 rerum
1566 1727 1633 1760 illis
1662 1727 1793 1761 duobus

184 1787 353 1831 praeceptis
366 1787 565 1829 continetur,
583 1787 662 1831 quia
678 1798 752 1819 cum
770 1790 800 1820 et
817 1798 875 1820 nos
890 1787 976 1831 ipsos
988 1813 996 1829 ,
1016 1791 1047 1820 et
1071 1798 1189 1831 corpus
1214 1790 1361 1819 nostrum
1383 1786 1520 1829 diligere
1544 1786 1732 1827 debeamus,
1750 1785 1788 1818 ad

184 1845 218 1878 id
243 1846 460 1878 necessarium
484 1850 531 1878 est
557 1849 777 1889 praeceptum,
803 1857 878 1878 cum
900 1845 1058 1890 scriptum
1081 1846 1123 1878 sit
1148 1851 1158 1867 ⁵
1185 1857 1191 1878 :
1220 1845 1284 1886 Qui
1311 1844 1421 1889 diliqit
1454 1844 1690 1889 iniquitatem,
1722 1843 1792 1877 odic

186 1903 338 1936 animam
354 1915 462 1936 suam.
481 1903 545 1936 Sed
560 1903 697 1948 speciale
713 1904 751 1936 de
767 1903 827 1936 hoc
843 1908 1042 1948 praeceptum
1058 1915 1124 1936 non
1143 1908 1212 1936 erat
1228 1903 1387 1945 dandum,
1403 1914 1463 1936 nec
1477 1902 1609 1946 speciali
1633 1907 1793 1947 praecepto

186 1973 270 2006 opus
284 1966 353 1994 erat
367 1962 399 1994 id
415 1961 513 2003 tradi,
531 1965 569 1994 ut
583 1961 724 2005 quisque
738 1973 784 2003 se,
801 1962 854 1994 vel
869 1973 987 2006 corpus
1001 1973 1100 1994 suum
1115 1962 1283 2005 diligeret,
1307 1962 1387 2006 quia
1410 1961 1471 1994 hoc
1495 1961 1530 1994 in
1555 1961 1613 1994 illo
1636 1966 1794 2005 praecepto

187 2019 374 2052 continetur
398 2032 404 2051 τ
434 2019 558 2063 Diliqes
583 2019 776 2064 proximum
805 2026 897 2052 {imm
926 2020 1011 2052 sieut
1035 2021 1186 2064 teipsum.
1211 2020 1261 2052 Ibi
1285 2020 1374 2052 enim
1395 2019 1583 2064 proximum
1610 2023 1737 2061 totum,
1764 2023 1796 2052 et

188 2081 219 2110 te
234 2081 339 2110 totum
354 2077 539 2121 intelligere
554 2077 662 2110 debes.
681 2077 775 2110 Unde
792 2077 1000 2120 Augustinus
1017 2078 1050 2110 in
1067 2077 1180 2110 eodem
1196 2081 1206 2095 ‘¹
1224 2090 1230 2110 :
1250 2091 1266 2109 «
1281 2077 1315 2111 Si
1329 2081 1360 2110 te
1375 2081 1481 2110 totum
1495 2077 1666 2121 intelligis,
1684 2077 1716 2110 id
1733 2081 1792 2119 est,

189 2135 331 2168 animam
349 2139 380 2167 et
395 2146 525 2180 corpus,
542 2139 573 2168 et
591 2135 779 2180 proximum
795 2140 913 2177 totum,
930 2136 963 2168 id
978 2140 1037 2178 est,
1054 2136 1198 2169 animam
1213 2140 1244 2169 et
1259 2147 1388 2180 corpus,
1405 2136 1503 2169 homo
1518 2136 1605 2169 enim
1628 2147 1667 2169 ex
1683 2136 1794 2169 anima

189 2197 314 2227 constat
341 2198 372 2226 et
398 2205 545 2238 corpore,
575 2194 707 2227 nullum
740 2205 851 2227 rerum
888 2194 1132 2237 diligendarum
1167 2206 1272 2238 genus
1304 2195 1338 2227 in
1373 2194 1423 2227 his
1457 2195 1586 2228 duobus
1627 2193 1796 2239 praeceptis

190 2249 447 2294 praetermissum
462 2253 520 2282 est.
538 2249 620 2282 Cum
646 2250 733 2282 enim
756 2254 935 2294 praecurrat
959 2250 1089 2284 dilectio
1108 2250 1182 2292 Dei,
1205 2251 1340 2295 ejusque
1365 2250 1548 2284 dilectionis
1573 2250 1690 2283 modus
1713 2261 1795 2294 prae-

190 2308 330 2352 scriptus
344 2311 515 2351 appareat,
533 2312 564 2341 et
578 2312 735 2352 sequatur
750 2308 879 2341 dilectio
895 2308 1036 2353 proximi
1051 2336 1058 2350 ‚
1076 2309 1115 2342 de
1138 2313 1196 2342 tua
1213 2309 1386 2342 dilectione
1404 2309 1488 2342 nihil
1508 2309 1632 2342 dictum
1649 2308 1792 2342 videtur.

192 2365 257 2399 Sed
284 2377 360 2398 cum
388 2365 513 2398 dictum
542 2369 589 2398 est
619 2378 625 2399 :
651 2367 776 2411 Diliqes
795 2367 991 2411 prozimum
1018 2374 1111 2400 tuum
1133 2368 1218 2401 sicut
1246 2368 1398 2413 teipsum,
1432 2367 1531 2401 simul
1553 2371 1585 2400 et
1608 2367 1656 2400 tui
1678 2367 1736 2400 abs
1760 2370 1790 2400 te

193 2424 323 2457 dilectio
341 2424 559 2468 praetermissa
573 2435 639 2458 non
655 2429 713 2458 est.
729 2436 747 2456 ))
765 2425 845 2459 Ecce
860 2426 912 2458 hic
927 2430 1037 2470 aperte
1053 2426 1143 2470 dicit,
1161 2427 1195 2459 in
1211 2426 1270 2460 illo
1290 2431 1451 2471 praecepto
1475 2437 1542 2460 non
1566 2425 1796 2459 tantummodo

230 2524 237 2542 ¹
253 2524 327 2553 Aug..
344 2526 407 2547 cont.
425 2522 534 2554 Coelest„
549 2525 607 2554 post
623 2531 689 2555 resp,
708 2531 792 2549 >-v1.—
806 2526 816 2542 ’ἐ
828 2526 874 2556 1d.,
889 2526 918 2549 de
934 2526 1017 2549 Dori-iu
1034 2526 1131 2554 christ..
1153 2526 1195 2550 lib.
1213 2527 1230 2554 1,
1248 2535 1269 2551 c.
1287 2532 1364 2557 xxm,
1381 2534 1405 2551 n.
1420 2528 1458 2550 ΕΞ.
1476 2540 1503 2543 —
1524 2526 1533 2541 ³
1548 2525 1648 2556 Ephes,
1669 2531 1693 2556 V,
1718 2527 1746 2548 ’.9

197 2560 207 2576 ⁴
219 2561 294 2590 Aug„
308 2559 353 2583 lib.
370 2559 423 2589 cit„
438 2566 460 2583 c.
477 2565 550 2590 xx1v,
565 2567 591 2583 n.
603 2561 642 2584 24.
656 2573 686 2577 ——
697 2561 707 2577 ⁸
721 2561 762 2584 Ps.
779 2567 803 2589 x,
820 2562 843 2585 6.
860 2575 885 2578 -
899 2562 907 2575 ‘²
926 2563 999 2592 Aug„
1015 2561 1058 2592 lib,
1074 2562 1126 2594 cit.‚
1143 2569 1164 2586 c.
1182 2564 1221 2593 26,
1237 2570 1265 2587 n.
1280 2564 1318 2587 27.

230 2605 261 2635 (α)
281 2604 340 2628 Caet.
357 2603 419 2627 edit.
429 2603 487 2628 add.
502 2605 527 2628 et
541 2604 656 2636 angelos.

370 2657 445 2680 Tou.
467 2657 514 2680 ιν.
1661 2654 1700 2682 40
