2017 2960
49 2012 114 2038 Opic.
137 2014 155 2031 Ξ.

56 2043 148 2063 cini-oii-

48 2080 130 2095 tom-

683 201 778 233 DlST.
805 200 842 232 ll.
867 198 957 232 ΛΒΤ.
981 198 1020 230 11.
1045 198 1195 236 QUAEST.
1220 198 1241 230 Ι.
1744 203 1782 232 43

169 283 242 307 rum
255 281 371 314 corpus
385 281 451 303 non
463 271 588 307 habuit,
604 270 760 311 perfectus
774 269 872 301 homo
886 277 949 299 non

169 329 238 360 fuit.
254 327 345 364 Item,
358 326 384 357 si
400 334 515 357 verum
531 334 647 365 corpus
661 334 724 355 non
741 323 862 361 habuit,
876 332 950 354 vere

169 390 281 422 passus
300 389 365 411 uon
386 379 445 410 ruit
461 390 468 409 ι
492 387 571 418 ergo
588 379 719 409 cunctos
736 377 899 408 credentes
919 376 949 406 in

75 442 153 473 *mel-¹
169 444 244 467 eum
265 434 396 474 decepit.
419 433 450 464 Si
472 442 551 472 ergo
571 432 629 462 hoc
649 431 764 468 dicere,
786 433 831 461 cst
852 430 950 461 Deum

66 478 137 521 ‹212⁵ss
171 489 267 530 impie
287 487 529 528 blasphemare;
554 488 634 527 patet
659 485 744 525 quod
766 485 952 515 manifestus

69 539 91 553 ΠΙ
95 539 114 552 'n
118 548 121 551 .

170 551 260 574 error
282 545 330 573 est
355 551 473 583 ponere
496 541 580 582 quod
606 549 720 571 vei-nm
743 548 859 579 corpus
885 547 950 568 non

169 596 387 637 assumpserit.
422 594 460 626 Et
489 594 558 625 ideo
593 593 644 624 alii
680 593 832 624 dixerunt
866 592 950 632 quod

170 650 314 682 Christus
339 657 453 680 verum
481 656 596 688 corpus
625 647 756 683 habuit,
783 649 813 677 et
842 655 951 677 veram

170 712 317 741 carnem3
334 702 388 734 sed
402 711 475 733 caro
489 701 542 732 illa
559 710 622 732 non
639 701 697 731 fuit
711 700 880 738 terrestriS,
898 700 951 731 sed

169 757 314 789 ccelestis,
339 756 381 788 De
400 755 478 787 coelo
498 755 585 786 enim
607 764 735 786 carnem
757 755 845 786 illam
867 757 952 785 attu-

169 812 241 844 lisse
262 811 425 844 Christum
445 810 614 846 dixerunt,
637 810 714 850 quia
738 819 803 840 nou
824 809 953 840 decebat

169 867 275 908 ipsum
289 866 406 898 habere
419 874 548 897 carnem
563 865 782 905 peccatricem,
795 867 864 895 tum
878 864 953 904 quia

168 919 363 961 concupiscit
395 919 550 950 adversus
577 918 744 958 spiritum,
776 920 846 948 tum
877 918 953 957 qnia

168 973 263 1005 etiam
289 975 453 1004 auctorem
479 972 574 1003 habet
598 972 775 1003 diabolum.
802 971 839 1002 Et
868 971 954 1002 bunc

169 1036 267 1059 suum
290 1036 433 1058 errorem
461 1025 590 1057 munire
611 1025 725 1056 volunt
747 1034 802 1065 per
826 1025 925 1056 illud¹
945 1036 951 1055 :

174 1081 302 1113 Primus
325 1081 415 1113 homo
437 1080 476 1112 de
501 1084 587 1112 terra
609 1083 772 1115 terren11s;
794 1079 953 1111 secundus

171 1132 262 1165 homo
280 1132 319 1164 cle
334 1132 408 1164 coelo
422 1132 576 1166 coelestefs,·
591 1134 621 1162 et
636 1140 692 1171 per
707 1131 784 1162 illud
799 1131 884 1171 quod
903 1131 952 1161 di-

72 1193 90 1205 w
110 1193 154 1207 w-
171 1185 253 1217 citur
270 1196 276 1216 :
298 1185 359 1221 Qui
374 1184 412 1217 de
428 1185 502 1216 coelo
526 1185 633 1222 venit,
649 1192 745 1224 super
766 1192 872 1216 omnes
894 1187 952 1216 esc.

172 1237 232 1270 Sed
247 1238 299 1269 hic
312 1247 402 1269 error
417 1238 574 1279 pessimus
589 1241 750 1279 repugnat
768 1238 892 1269 veritati
908 1238 954 1268 in-

171 1291 363 1324 carnationis
383 1294 413 1323 et
435 1292 646 1332 reparationis
665 1303 671 1322 :
697 1292 824 1323 veritati
848 1292 954 1323 incar-

167 1346 324 1384 nationis3
342 1345 418 1387 quia
437 1345 592 1384 Christus,
609 1345 788 1376 secundum
803 1346 888 1385 quod
906 1355 952 1375 sa-

166 1409 221 1431 cra
237 1400 364 1441 eloquia
379 1401 556 1438 testantur,
575 1399 635 1430 fuit
652 1408 691 1429 cx
712 1399 835 1430 semine
856 1399 952 1431 David

169 1455 346 1486 secundum
363 1463 510 1492 carnem,
526 1454 581 1495 qui
605 1456 700 1485 natus
721 1454 781 1485 fuit
796 1454 834 1485 de
855 1454 954 1485 Maria

169 1508 314 1550 Virgine,
333 1518 406 1550 quae
421 1509 480 1539 fuit
491 1508 530 1539 de
542 1508 640 1548 stirpe
655 1507 754 1539 David
768 1519 775 1546 ;
792 1510 954 1548 repugnat

167 1566 276 1596 autem
288 1563 414 1594 veritati
430 1562 640 1603 reparationis
650 1586 658 1599 ,
673 1562 750 1602 quia
769 1563 795 1593 si
812 1572 876 1593 non
892 1563 952 1593 ha-

169 1618 239 1649 buit
255 1627 386 1648 carnem
405 1618 599 1654 terrestrem,
618 1616 672 1647 sed
695 1616 863 1653 caelestem,
888 1625 952 1647 non

168 1671 282 1703 habuit
295 1670 490 1711 passibilem.
511 1668 545 1700 Si
561 1669 656 1699 etiam
673 1678 738 1699 non
754 1669 866 1700 babuit
881 1679 953 1700 car-

169 1733 243 1756 nem
261 1726 460 1760 terrestrem,
477 1732 542 1754 non
557 1723 810 1755 habuitcarnem
824 1724 862 1755 de
878 1733 952 1754 nos-

170 1780 219 1809 tro
243 1786 382 1818 genere:
405 1780 436 1808 et
455 1777 482 1808 si
505 1777 575 1808 haec
598 1786 676 1808 vera
698 1780 788 1816 suut,
804 1786 863 1808 nec
879 1786 953 1807 vere

170 1831 363 1873 patiebatur,
380 1840 437 1862 nec
452 1831 550 1862 honio
572 1840 629 1872 per
652 1831 759 1871 ipsum
776 1840 850 1862 vere
867 1830 952 1861 redi-

171 1885 330 1916 mebatur.
353 1884 386 1916 Si
407 1893 489 1924 ergo
514 1884 583 1915 haec
603 1884 666 1915 duo
688 1883 860 1925 impietatis
879 1885 954 1914 sunt.

171 1941 202 1971 et
216 1939 438 1980 blasphemiae.
453 1938 585 1979 planum
602 1941 649 1970 est
664 1938 750 1979 quod
766 1938 823 1969 iste
838 1937 954 1969 modus

172 1993 298 2025 dicendi
314 1993 412 2024 falsus
429 1995 461 2025 et
477 1993 660 2024 haereticus.
684 1992 757 2024 Ideo
773 1995 820 2024 est
839 1993 954 2024 tertius

173 2047 288 2079 modus
311 2047 434 2078 dicendi
464 2056 562 2078 verus
588 2049 620 2078 et
647 2046 838 2085 catholicus,
867 2047 953 2087 quod

172 2100 318 2132 Christus
341 2110 453 2132 veram
475 2110 604 2132 carnem
628 2100 805 2132 humanam
828 2102 952 2141 habuit,

170 2155 215 2186 ita
227 2155 314 2195 quod
331 2155 489 2194 camilla,
507 2157 538 2186 et
557 2164 673 2186 verum
693 2164 809 2196 corpus
831 2156 907 2194 fuit,
924 2159 955 2187 et

171 2218 247 2241 vere
260 2209 349 2240 carni
363 2211 482 2240 nostrae
496 2209 530 2240 in
546 2211 663 2240 natura
680 2209 867 2240 consimilis
885 2209 953 2241 Non

169 2263 256 2294 enim
284 2262 414 2294 decebat
433 2263 467 2294 in
495 2263 561 2304 ipsa
585 2263 719 2295 veritate
735 2263 872 2294 inveniri
898 2263 953 2294 ‹le-

169 2317 359 2358 ceptionem,
372 2319 404 2348 et
412 2317 582 2348 oculorum
598 2317 862 2356 ludificationem,
879 2318 955 2358 quia

168 2369 286 2401 veritas
310 2379 376 2401 non
405 2370 495 2401 novit
524 2369 645 2401 fallere.
676 2369 740 2401 Nec
766 2370 894 2401 decebat
922 2370 953 2401 in

167 2423 396 2463 perfectissimo
423 2423 476 2455 Dei
501 2423 580 2455 Filio
607 2424 754 2455 invenire
785 2424 955 2465 imperfec-

166 2477 298 2516 tionem,
319 2478 396 2519 quia
410 2478 662 2520 perfectissimus
681 2487 747 2509 non
763 2478 853 2509 novit.
873 2478 952 2509 deti-

167 2539 256 2562 cere:
282 2534 313 2562 et
332 2532 413 2571 ideo,
437 2532 521 2563 sicut
547 2531 742 2573 apparebat,
767 2532 811 2563 sic
837 2541 953 2563 verum

169 2595 283 2627 corpus
296 2590 328 2619 et
341 2589 518 2630 perfectum
545 2588 584 2620 de
603 2590 712 2619 nostro
729 2597 850 2629 genere
867 2591 897 2619 et
916 2588 954 2619 ‹le

169 2640 260 2671 utero
280 2641 380 2673 beatae
402 2641 547 2683 Virginis
569 2642 746 2683 assumpsit
770 2642 950 2674 verissime.

204 2702 313 2733 neon,
328 2709 370 2734 xv,
386 2705 422 2729 Π.
437 2705 485 2723 —2
501 2705 562 2730 Dist.
579 2711 651 2736 xxxi,
667 2706 715 2729 art.
733 2708 754 2734 t,
767 2712 792 2736 q.
812 2712 827 2729 ι.

1010 266 1260 299 Etconcedendae
1267 269 1344 298 sunt
1353 267 1492 298 rationes
1500 267 1561 297 hoc
1571 268 1783 299 ostendentes.

1048 324 1061 351 1
1081 324 1112 352 et
1124 323 1154 352 2.
1173 322 1219 352 Ad
1235 321 1312 352 illud
1328 330 1408 361 ergo
1423 321 1508 361 quod
1531 321 1635 360 primo
1649 321 1786 361 opponi-

1008 377 1060 406 tur
1080 375 1111 406 in
1131 375 1350 414 contrarium,
1374 375 1544 405 dicendum
1565 374 1650 414 qnod
1673 383 1785 405 verum

1007 431 1053 460 est
1069 429 1108 459 de
1125 439 1220 460 carne
1232 454 1240 468 ,
1267 430 1298 460 in
1325 439 1388 470 qna
1403 429 1490 468 viget
1507 430 1605 459 fomes
1619 428 1787 468 concupis-

1008 483 1140 521 centia3;
1159 486 1190 514 et
1207 484 1276 514 talis
1293 493 1365 513 caro
1381 485 1424 513 est
1444 482 1601 523 peccatrix
1616 493 1622 512 :
1641 482 1712 512 talis
1727 491 1787 512 au-

1009 539 1072 567 tem
1087 546 1160 567 caro
1178 537 1236 568 fuit
1252 538 1284 568 in
1301 538 1402 568 Adam
1420 539 1487 577 post
1504 539 1669 577 peccatum
1682 560 1690 574 ,
1709 538 1739 567 et
1755 536 1788 567 in

1009 591 1141 630 posteris
1155 591 1486 631 concupiscentialitcr
1500 591 1627 630 genitis.
1646 590 1705 621 Sed
1720 590 1790 621 talis

1009 653 1082 674 caro
1105 653 1170 675 non
1191 645 1250 675 fuit
1265 645 1297 675 in
1314 645 1415 675 Adam
1433 647 1505 675 ante
1527 647 1689 684 peccatum
1703 668 1711 682 ,
1734 653 1791 674 nec

1010 699 1042 729 in
1055 698 1191 737 Christo,
1207 699 1262 739 qui
1273 709 1337 730 non
1350 699 1409 729 suit
1419 700 1592 738 conceptus
1603 698 1635 728 in
1648 697 1790 736 libidine,

1009 753 1062 784 sed
1078 752 1216 793 Spiritus
1237 753 1336 783 sancti
1355 753 1474 784 virtute
1491 763 1497 783 :
1521 755 1551 783 et
1569 761 1626 792 pro
1642 754 1729 783 tanto
1744 752 1792 783 di-

1009 807 1092 837 citnr
1105 807 1176 847 ejus
1187 816 1260 837 caro
1275 806 1421 844 celestis,
1439 808 1470 837 et
1485 806 1595 836 venire
1609 805 1791 842 desursum,

1009 861 1086 901 quia
1100 860 1298 892 assimilatur
1309 861 1470 891 altitudini
1485 860 1637 892 humanae
1656 862 1791 895 natnrae,

1009 924 1082 956 quae
1099 915 1158 945 suit
1176 915 1209 945 in
1226 915 1327 945 Adam
1349 916 1509 955 quantum
1524 914 1562 944 ad
1581 913 1791 953 privationem

1009 969 1116 999 omnis
1131 968 1357 999 immunditiae.
1376 968 1411 999 Et
1427 977 1482 1008 per
1494 968 1553 998 hoc
1568 969 1648 1007 patet
1664 977 1792 1007 respon-

1010 1023 1057 1053 sio
1078 1023 1116 1053 ad
1139 1032 1275 1063 sequens
1290 1023 1465 1062 objectum.
1491 1021 1560 1052 Non
1580 1021 1666 1052 enim
1685 1021 1793 1052 Chris-

1011 1079 1062 1108 tus
1075 1077 1191 1107 dicitur
1209 1077 1318 1107 venire
1342 1077 1380 1107 de
1403 1076 1482 1106 coelo
1496 1099 1503 1112 ,
1529 1076 1604 1115 quia
1627 1076 1697 1115 ejus
1719 1085 1792 1105 caro

1010 1132 1174 1163 descendit
1189 1132 1226 1163 de
1243 1132 1333 1170 coelo,
1350 1132 1404 1162 sed
1419 1131 1493 1171 quia
1509 1131 1625 1162 missus
1637 1134 1683 1161 est
1700 1141 1719 1161 a
1735 1131 1792 1162 Pa-

1010 1187 1076 1216 tre:
1101 1194 1174 1216 caro
1196 1185 1282 1216 enim
1305 1185 1441 1216 formata
1456 1187 1502 1215 est
1517 1184 1693 1215 secundum
1709 1185 1794 1215 divi—

1010 1249 1085 1270 nam
1098 1239 1316 1279 operationem
1328 1248 1440 1270 carens
1452 1238 1541 1269 omni
1557 1238 1708 1277 originali
1721 1248 1793 1279 pec-

1010 1296 1080 1324 cato
1090 1296 1119 1324 et
1130 1293 1219 1324 omni
1233 1293 1417 1324 rebellione.
1435 1293 1473 1324 Et
1484 1293 1517 1324 in
1529 1293 1589 1324 hoc
1603 1295 1795 1324 erraverunt

1009 1347 1099 1388 impii
1118 1346 1299 1386 Manicbaei,
1317 1348 1398 1378 sicut
1409 1347 1556 1388 superius
1570 1349 1735 1378 ostensum
1749 1349 1797 1378 est

1010 1402 1044 1432 in
1062 1401 1203 1432 secundo
1231 1402 1312 1433 libro
1327 1402 1359 1439 ²;
1386 1402 1463 1442 quia
1486 1401 1689 1433 crediderunt
1710 1402 1796 1441 quod

1009 1465 1083 1487 caro
1098 1456 1258 1487 terrestris
1274 1456 1312 1487 de
1330 1456 1378 1486 sui
1390 1458 1506 1487 natura
1523 1458 1721 1496 repugnaret
1732 1455 1795 1496 spi-

1011 1509 1107 1547 ritui,
1129 1511 1283 1550 tanquam
1303 1509 1435 1541 haberet
1449 1512 1556 1540 ortum
1572 1519 1590 1540 a
1606 1509 1669 1540 Deo
1688 1509 1772 1540 malo
1787 1521 1794 1541 :

1009 1566 1040 1594 et
1060 1563 1094 1594 in
1115 1563 1203 1595 hunc
1223 1572 1365 1595 errorem
1392 1564 1595 1601 inciderunt,
1622 1563 1700 1603 quia
1723 1572 1795 1594 nes-

1010 1617 1137 1648 cierunt
1151 1617 1349 1657 distinguere
1359 1617 1443 1648 inter
1455 1617 1571 1648 vitium
1585 1619 1617 1648 et
1632 1619 1794 1648 naturam.

1052 1673 1080 1702 3.
1107 1671 1155 1701 Ad
1178 1671 1256 1702 illud
1281 1670 1367 1711 quod
1397 1670 1582 1710 opponitur,
1607 1669 1692 1710 quod
1719 1670 1797 1702 unio

1009 1725 1229 1765 praesuppon'n
1247 1725 1405 1755 rationem
1431 1724 1585 1763 imaginis
1603 1724 1635 1753 in
1651 1733 1710 1754 suo
1723 1724 1797 1755 uni-

1009 1777 1063 1808 hili
1076 1801 1084 1815 ,
1107 1777 1280 1808 dicendum
1299 1777 1384 1817 quod
1411 1777 1471 1808 hoc
1486 1786 1601 1807 verum
1621 1779 1668 1808 est
1690 1777 1722 1808 in
1742 1787 1774 1809 se
1787 1802 1794 1815 ,

1010 1831 1060 1861 vel
1076 1831 1107 1861 iu
1123 1831 1247 1862 ratione
1267 1830 1385 1861 annexi
1400 1841 1405 1860 :
1430 1833 1458 1861 et
1479 1830 1628 1870 quamvis
1644 1839 1717 1861 caro
1732 1831 1793 1862 hu-

1010 1894 1105 1916 mana
1123 1894 1186 1916 non
1207 1885 1323 1916 habeat
1341 1885 1372 1915 in
1397 1894 1430 1915 se
1455 1885 1611 1916 rationem
1627 1884 1792 1924 imaginis,

1010 1941 1118 1970 tamen
1133 1939 1225 1970 unita
1239 1941 1287 1969 est
1308 1938 1425 1969 animae
1447 1939 1535 1969 sactae
1550 1938 1590 1968 ad
1614 1938 1792 1977 imaginem

1011 1992 1076 2024 Dei.
1712 1998 1716 2002 ⁴

1050 2049 1079 2078 4.
1100 2047 1147 2077 Ad
1169 2046 1246 2077 illud
1268 2047 1353 2087 quod
1376 2047 1565 2087 opponitur,
1589 2046 1675 2087 quod
1692 2046 1794 2077 excel-

1010 2101 1127 2132 lentior
1147 2103 1195 2131 est
1217 2101 1323 2140 gratia
1348 2101 1477 2132 unionis
1499 2110 1597 2141 quam
1621 2100 1792 2138 fruitionis,

1010 2155 1180 2187 dicendum
1211 2155 1295 2195 quod
1324 2164 1438 2186 verum
1468 2157 1515 2185 est
1543 2164 1600 2195 per
1627 2163 1792 2195 compara-

1011 2209 1129 2240 tionem
1156 2208 1195 2240 ad
1216 2208 1318 2246 idem,
1344 2211 1452 2249 utpote
1473 2208 1512 2240 ad
1536 2208 1696 2247 animam,
1721 2217 1793 2248 quae

1011 2263 1075 2294 Deo
1088 2263 1217 2301 fruitur,
1233 2265 1264 2296 et
1280 2262 1344 2297 Deo
1362 2262 1484 2300 unitur,
1501 2262 1577 2303 quia
1591 2261 1794 2293 excellentior

1011 2320 1059 2348 est
1073 2317 1179 2357 gratia
1197 2316 1326 2347 unionis
1333 2340 1342 2355 ‚
1363 2325 1463 2357 quam
1484 2316 1660 2354 fruitionis,
1677 2318 1708 2347 et
1722 2324 1793 2346 eam

1012 2371 1233 2412 praesupponit
1252 2381 1258 2401 z
1279 2373 1386 2401 tamen
1406 2372 1552 2410 respectu
1576 2369 1717 2410 corporis
1741 2378 1793 2401 se-

1011 2435 1068 2457 cus
1085 2428 1144 2464 est,
1161 2425 1238 2466 quia
1260 2425 1366 2464 gratia
1388 2424 1548 2455 fruitionis
1567 2433 1631 2454 non
1653 2426 1701 2454 est
1720 2426 1794 2454 nata

1011 2490 1080 2511 esse
1110 2480 1143 2510 in
1172 2488 1325 2520 corpore,
1351 2478 1419 2509 sive
1449 2478 1532 2508 circa
1558 2486 1692 2517 corpus,
1718 2487 1793 2509 cum

1011 2537 1108 2574 ponat
1131 2533 1236 2565 solum
1263 2533 1409 2564 habitum
1431 2534 1587 2569 creatum,
1616 2531 1671 2572 qui
1698 2531 1794 2563 babet

1012 2588 1180 2620 habilitare
1190 2587 1365 2629 potentiam
1381 2585 1619 2617 intellectivam.
1634 2585 1696 2617 Sed
1713 2595 1790 2627 gra-

1011 2643 1055 2674 tia
1078 2642 1208 2674 unionis
1233 2642 1265 2673 'm
1289 2650 1421 2682 corpore
1451 2648 1515 2671 non
1543 2639 1634 2680 ponit
1656 2639 1792 2682 alicujus

1011 2697 1140 2729 habitus
1155 2697 1368 2735 collationem,
1388 2694 1443 2727 sed
1458 2694 1563 2726 solum
1578 2695 1789 2728 sustentissca-
