2017 2960
616 155 711 188 DIST.
735 155 839 188 XXVI.
865 155 955 187 AR'l'.
981 156 1004 187 Ι.
1025 155 1176 193 QUAEST.
1200 155 1252 187 111.

177 224 205 253 2.
223 222 302 253 ltem
320 222 423 255 virtus
445 231 518 263 quae
537 225 584 254 est
604 223 747 254 medium
770 223 909 254 duarum

137 275 346 314 malitiarum,
363 277 410 306 est
423 276 527 306 virtus
540 276 722 313 cardinalis,
739 285 803 306 non
818 276 908 306 theo-

135 330 239 368 logica
255 340 262 359 :
281 330 335 359 sed
350 339 420 369 spes
435 332 481 360 est
496 330 600 360 media
619 330 702 360 inter
717 330 796 360 duas
817 330 911 360 mali-

136 382 205 418 tias,
222 382 368 413 videlicet
389 383 473 413 inter
497 384 748 423 desperationem
772 386 802 414 et
826 392 910 422 pree-

135 435 350 474 sumptionem
373 446 379 466 z
398 446 475 475 ergo
494 446 581 476 spem
606 446 669 467 nou
692 438 738 467 est
761 435 911 466 reducere

135 488 174 518 ad
189 489 342 520 virtutem
357 489 583 530 theologicam,
600 490 654 521 sed
672 490 776 530 magis
789 489 827 520 ad
842 498 912 519 car-

135 541 284 573 dinalem.

176 596 205 626 3.
230 595 309 626 Item
328 597 491 627 consuevit
512 596 679 636 multiplex
704 605 774 636 spes
796 595 912 626 distin-

136 649 206 687 gui,
233 649 377 680 videlicet
397 659 468 689 spes
496 650 610 688 veniae,
633 659 703 690 spes
732 649 857 689 gratiae,
883 650 913 679 et

136 710 206 741 spes
221 702 335 741 gloriae
353 714 359 733 :
380 703 434 734 sed
450 703 544 734 venia
559 705 591 734 et
611 703 714 742 gratia
733 704 806 733 sunt
829 703 914 732 bona

137 754 281 786 ordinata
298 756 338 786 ad
357 756 474 795 finem,
491 756 592 787 virtus
613 757 720 787 autem
744 755 913 786 cardinalis

137 808 278 838 consistit
302 809 383 839 circa
406 818 443 839 ea
468 817 541 848 quae
570 811 645 840 sunt
665 808 706 840 ad
729 809 826 839 finem
853 817 860 839 ε
887 808 913 838 51

137 870 215 900 ergo
229 871 300 901 spes
314 862 456 893 consistit
471 863 554 893 circa
566 863 652 899 talia,
666 871 737 902 spes
750 864 797 893 est
810 862 913 893 virtus

137 914 316 952 cardinalis,
334 924 400 946 non
414 916 604 955 theologica.

178 970 207 999 4.
226 967 304 998 Item
319 969 522 999 sustinereet
543 971 710 1008 expectare
727 970 803 1000 sunt
826 971 914 999 actus

138 1021 393 1057 longanimitatis
417 1024 447 1052 et
476 1022 636 1062 patientiae
669 1031 676 1052 ε
702 1022 755 1052 sed
787 1021 915 1052 habitus

139 1074 360 1114 distinguntur
376 1084 431 1115 per
446 1077 555 1106 actus:
567 1084 646 1115 ergo
661 1084 734 1105 cum
749 1077 914 1114 expectare

139 1128 179 1158 sit
193 1129 340 1168 proprius
357 1131 446 1159 actus
466 1129 568 1168 ipsius
582 1129 670 1169 spei,
688 1129 915 1168 longanimitas

138 1184 169 1212 et
183 1191 254 1221 spes
269 1184 344 1213 sunt
358 1182 485 1212 habitus
500 1182 614 1221 iidem,
632 1184 663 1212 et
676 1182 709 1212 in
722 1182 833 1212 eodem
857 1191 916 1220 ge-

138 1243 214 1265 nere
237 1235 364 1265 virtutis
387 1235 506 1265 habent
531 1235 641 1275 reponi
665 1246 670 1265 :
696 1235 749 1265 sed
773 1235 916 1273 longani-

139 1287 233 1318 mitas
247 1289 413 1328 reponitur
423 1289 483 1319 sub
497 1297 616 1328 genere
627 1288 754 1319 virtutis
766 1287 917 1318 cardina-

140 1340 188 1378 lis,
202 1343 233 1371 et
246 1342 431 1381 assignatur
446 1351 512 1373 esse
528 1351 598 1382 pars
616 1342 808 1373 fortitudinis
819 1353 825 1372 z
838 1350 916 1380 ergo

140 1395 268 1426 videtur
283 1396 369 1435 quod
384 1397 453 1436 ipsa
471 1406 542 1436 spes
562 1396 601 1427 sit.
614 1397 717 1426 virtus
732 1395 912 1426 cardinalis.

181 1450 210 1479 5.
227 1448 305 1479 Item
325 1449 364 1480 ad
383 1449 601 1480 fortitudinem
618 1449 811 1479 cardinalem
826 1457 918 1488 spec-

142 1502 187 1531 tat
206 1504 289 1532 recte
307 1502 453 1533 ordinare
471 1505 502 1533 et
523 1502 691 1533 fortificare
706 1504 815 1532 contra
830 1501 914 1532 affii-

141 1555 260 1594 gentia,
281 1558 312 1586 et
337 1558 447 1587 contra
467 1556 679 1587 deterrentia:
698 1555 751 1586 sed
774 1564 844 1595 spes
869 1558 915 1586 est

142 1607 347 1648 huiusmodi,
363 1609 439 1649 quia
457 1609 531 1639 facit
552 1609 718 1640 hominem
734 1609 767 1638 in
782 1608 920 1640 tribula-

142 1661 228 1693 tione
242 1663 399 1702 gaudere,
416 1665 447 1694 et
461 1663 605 1693 stabilem
623 1672 689 1693 esse
706 1672 714 1693 :
738 1671 816 1702 ergo
830 1662 920 1693 vide-

142 1716 195 1746 tur
210 1716 295 1756 quod
314 1726 385 1756 spes
408 1717 449 1747 sit
469 1725 541 1756 pars
562 1716 755 1746 fortitudinis
772 1716 920 1747 cardina-

142 1768 180 1799 lis
196 1780 203 1799 z
221 1778 300 1809 ergo
322 1780 387 1802 non
402 1773 449 1801 est
463 1770 496 1801 in
517 1779 635 1809 genere
654 1770 783 1801 virtutis
797 1771 922 1801 theolo-

142 1830 235 1861 gicae.

421 1898 646 1931 CONCLUSIO.

145 1963 210 1998 Spes
224 1963 296 1991 inter
310 1965 468 2000 theoloyicas
481 1967 592 1993 virtutes
607 1968 644 1993 est
654 1966 819 1998 collocanda,
837 1968 861 1992 et
875 1966 920 1993 hoc

263 2013 319 2037 tam
334 2012 440 2038 ratione
454 2011 566 2046 objecti,
583 2020 665 2046 quam
679 2011 802 2046 subjecti.

187 2091 279 2132 Resp.
308 2094 348 2124 ad
383 2102 453 2133 arg.
484 2094 658 2125 Dicendum
688 2093 773 2133 quod
802 2091 922 2132 absque

146 2145 244 2176 dubio
259 2155 330 2186 spes
351 2149 398 2177 est
417 2147 451 2177 in
472 2156 590 2186 genere
611 2147 739 2178 virtutis
759 2144 922 2183 theologi-

147 2207 204 2229 cae.
222 2198 311 2230 Ratio
332 2200 433 2240 hujus
449 2201 588 2231 sumitur
612 2209 652 2231 ex
675 2202 764 2240 parte
785 2198 900 2238 objecti
913 2221 921 2236 ‚

147 2254 178 2282 et
198 2261 239 2283 ex
263 2256 351 2292 parte
372 2254 515 2293 subJecti.
540 2253 587 2284 Ex
606 2255 694 2293 parte
716 2252 845 2292 quidem
869 2252 923 2282 ob-

145 2305 231 2344 jecti,
243 2307 398 2345 quoniam
412 2309 493 2337 sicut
505 2307 583 2337 fides
598 2307 632 2337 in
647 2305 803 2337 credendo
818 2314 924 2335 assen-

149 2357 186 2388 tit
200 2358 259 2398 ipsi
274 2359 338 2390 Deo
353 2362 389 2390 ut
403 2360 534 2391 dictanti
547 2369 636 2398 vera,
652 2360 696 2390 sic
711 2368 781 2398 spes
795 2359 823 2389 ei
838 2358 922 2388 inni-

149 2411 227 2441 titur
240 2415 276 2442 ut
298 2414 494 2453 promittenti
512 2423 642 2453 magna.
660 2412 747 2444 Unde
761 2412 842 2442 sicut
863 2411 924 2442 ob-

145 2464 267 2503 jectum
290 2466 390 2506 ipsius
414 2468 507 2505 fidei,
536 2467 623 2507 quod
645 2467 742 2497 habet
765 2466 923 2496 rationem

148 2518 271 2556 motivi‚
294 2522 342 2550 est
355 2521 430 2560 quid
445 2521 640 2559 increatum,
659 2520 744 2561 quod
760 2519 844 2551 Deus
858 2521 923 2558 est,

147 2571 269 2604 ratione
296 2575 389 2614 cujus
415 2575 510 2607 etiam
532 2575 610 2607 fides
635 2575 764 2614 ponitur
795 2582 862 2604 esse
891 2573 925 2603 in

149 2633 269 2664 genere
298 2627 425 2660 virtutis
451 2629 662 2670 theologicae;
687 2629 732 2660 sic
754 2628 851 2661 etiam
874 2626 924 2658 di-

1679 158 1738 187 573

964 223 1100 253 cendum
1124 224 1171 253 est
1194 224 1225 253 et
1249 222 1494 261 intelligendum
1517 223 1555 252 de
1582 223 1647 262 ipsa
1671 232 1737 262 spe.

966 275 1057 306 Sumi
1077 276 1173 305 etiam
1192 276 1293 315 potest
1313 275 1393 306 ratio
1417 284 1457 306 ex
1482 276 1569 314 parte
1594 275 1737 314 subjecti,

966 328 1041 368 quia
1056 337 1130 358 cum
1146 328 1213 367 ipsa
1228 328 1335 358 anima
1350 327 1525 359 secundum
1542 328 1739 367 superiorem

965 382 1076 411 faciem
1092 382 1256 412 reformari
1272 382 1387 412 habeat
1402 391 1457 421 per
1471 381 1604 411 virtutes
1619 381 1741 411 theolo-

966 435 1067 473 gicas,
1087 437 1118 464 ct
1139 444 1209 473 spes
1229 435 1268 465 sit
1291 444 1356 465 una
1380 435 1417 465 de
1436 434 1610 466 virtutibus
1626 434 1742 464 faciens

966 487 1005 517 ad
1022 487 1281 517 reformationem
1302 488 1453 527 imaginis
1469 490 1499 518 et
1518 487 1741 527 perfectionem

966 540 1083 570 animae
1108 540 1284 570 secundum
1306 544 1428 580 partem
1451 541 1659 580 superiorem,
1683 549 1743 571 ne—

967 602 1051 623 cesse
1075 595 1122 623 est
1143 602 1209 623 esse
1236 602 1325 632 spem
1342 594 1495 624 virtutem
1518 593 1741 632 theologicam.

968 645 1055 677 Unde
1079 645 1350 686 quemadmodum
1375 647 1408 676 in
1435 647 1536 686 patria
1563 650 1624 677 tres
1648 649 1744 678 erunt

967 699 1054 730 dotes
1075 699 1250 730 secundnm
1268 701 1332 729 tres
1352 699 1470 729 animae
1485 699 1588 737 vires,
1606 709 1744 739 quarum

967 763 1033 784 una
1067 753 1252 784 reformabit
1288 756 1318 784 et
1345 753 1580 784 consummabit
1603 753 1744 784 rationa-

968 806 1030 837 lem
1041 830 1049 843 ‚
1065 807 1211 837 videlicet
1225 807 1292 846 ipsa
1314 807 1394 837 visio
1409 817 1417 844 3
1439 807 1500 836 alia
1515 806 1743 845 concupiscibi—

968 859 1043 896 lem,
1069 859 1215 890 videlicet
1247 860 1390 897 dilectio;
1416 859 1507 889 tertia
1531 859 1744 897 irascibilem,

968 913 1114 944 videlicet
1135 913 1201 953 ipsa
1223 914 1358 953 perfecta
1380 913 1478 944 tentio
1495 924 1502 944 ε
1522 913 1565 943 sic
1586 915 1617 943 et
1638 912 1672 943 in
1694 912 1747 943 via

969 975 1094 997 necesse
1116 968 1162 997 est
1184 976 1303 1006 ponere
1324 966 1407 997 circa
1432 967 1565 996 virtutes
1587 965 1746 1005 theologi-

969 1029 1031 1058 cas,
1049 1020 1165 1059 quibus
1192 1020 1279 1050 dotes
1302 1020 1419 1050 habent
1437 1019 1692 1059 correspondere.
1710 1018 1748 1049 Et

969 1073 1012 1104 sic
1026 1076 1091 1104 tam
1107 1083 1147 1104 ex
1163 1076 1251 1113 parte
1267 1073 1413 1112 subjecti,
1427 1082 1524 1113 quam
1537 1082 1577 1103 ex
1593 1075 1680 1112 parte
1695 1073 1749 1103 ob-

966 1127 1056 1166 jecti,
1071 1127 1233 1165 colligitur
1248 1127 1331 1166 quod
1346 1136 1417 1166 spes
1435 1127 1495 1157 sub
1511 1135 1628 1165 genere
1644 1126 1750 1156 virtu-

970 1181 1011 1211 tis
1045 1180 1234 1219 theologicae
1268 1180 1361 1211 debet
1394 1181 1517 1220 reponi.
1546 1179 1749 1218 Theologicae

971 1233 1057 1264 enim
1072 1233 1206 1263 virtutes
1220 1233 1321 1263 Deum
1344 1233 1464 1263 habent
1484 1242 1541 1272 pro
1558 1233 1680 1271 objecto
1691 1256 1700 1270 ,
1717 1235 1748 1263 et

971 1286 1168 1326 superiorem
1204 1287 1327 1325 partem
1361 1286 1479 1316 animae
1510 1294 1568 1325 pro
1594 1286 1746 1325 subjecto.

973 1339 1187 1371 Concedendae
1206 1341 1281 1370 sunt
1302 1348 1382 1378 ergo
1403 1339 1553 1376 rationes,
1579 1347 1653 1379 quae
1676 1342 1750 1370 sunt

973 1393 1011 1423 ad
1027 1393 1117 1423 istam
1134 1395 1267 1432 partem.

1015 1449 1043 1476 1.
1070 1446 1117 1477 Ad
1143 1446 1222 1478 illud
1250 1454 1327 1477 vero
1351 1445 1436 1485 quod
1463 1445 1630 1485 objicitur,
1665 1446 1750 1486 quod

975 1500 1058 1531 circa
1080 1501 1188 1530 actum
1211 1499 1278 1540 spei
1305 1499 1464 1538 contingit
1486 1499 1618 1538 reperiri
1646 1509 1751 1530 exces-

975 1563 1058 1592 sum,
1075 1553 1245 1585 dicendum
1259 1553 1345 1593 quod
1363 1553 1447 1583 circa
1463 1555 1569 1584 actum
1584 1553 1650 1593 spei
1665 1563 1750 1584 nun-

976 1617 1073 1648 quam
1097 1608 1254 1646 contingit
1275 1607 1408 1647 reperiri
1436 1616 1602 1638 excessum
1624 1609 1752 1647 propter

976 1662 1173 1693 nimietatem
1206 1663 1236 1692 et
1268 1660 1479 1691 intensionem
1510 1661 1609 1700 ipsius
1641 1663 1749 1699 aetus,

977 1725 1072 1746 nemo
1093 1716 1179 1746 enim
1206 1717 1307 1754 potest
1333 1715 1430 1745 nimis
1455 1715 1613 1746 confidere
1635 1715 1668 1746 in
1692 1715 1753 1747 Do-

977 1769 1065 1800 mino
1084 1779 1090 1799 :
1107 1769 1160 1799 sed
1176 1769 1202 1798 si
1217 1768 1312 1798 habet
1329 1777 1507 1805 excessum,
1523 1768 1584 1799 hoc
1601 1772 1647 1799 est
1663 1778 1754 1809 prop·

976 1825 1025 1855 ter
1046 1824 1203 1855 detectum
1228 1822 1366 1862 alicuius
1390 1823 1589 1860 conditionis,
1606 1832 1678 1863 quae
1702 1832 1752 1854 re-

978 1878 1118 1917 quiritur
1133 1877 1167 1907 in
1182 1878 1255 1907 actu
1270 1876 1427 1916 sperandi,
1445 1878 1554 1915 utpote
1570 1877 1608 1914 si,
1625 1877 1752 1916 neglec-

977 1931 1017 1961 tis
1035 1930 1171 1968 meritis,
1186 1929 1319 1960 omnino
1339 1929 1506 1969 praesumit
1520 1929 1558 1960 de
1573 1929 1752 1960 misericor-

977 1984 1029 2015 dia
1043 1983 1097 2014 Dei
1114 1992 1122 2014 :
1139 1983 1192 2014 sed
1214 1983 1274 2013 hoc
1291 1992 1357 2013 non
1378 1983 1450 2013 facit
1466 1983 1568 2023 ipsam
1584 1992 1672 2023 spem
1686 1992 1753 2014 esse

978 2036 1011 2067 in
1027 2045 1145 2075 genere
1164 2036 1291 2067 virtutis
1313 2036 1496 2074 cardinalis,
1513 2037 1590 2076 quia
1607 2037 1692 2077 quod
1708 2037 1753 2068 di-

978 2090 1061 2121 citur
1084 2089 1189 2120 virtus
1210 2089 1391 2128 theologica
1411 2089 1538 2121 differre
1557 2099 1575 2120 a
1600 2090 1754 2121 cardinali

979 2144 1013 2174 in
1034 2143 1106 2182 hoc,
1123 2143 1209 2183 quod
1225 2152 1291 2173 non
1306 2145 1355 2173 est
1375 2143 1409 2173 in
1430 2143 1609 2183 theologica
1623 2143 1755 2183 reperiri

979 2205 1159 2234 excessum,
1183 2196 1263 2226 sicut
1277 2196 1310 2226 in
1325 2196 1477 2227 cardinali
1490 2220 1497 2233 ,
1515 2196 1703 2236 intelligitur
1717 2196 1756 2227 de

979 2250 1034 2280 illo
1057 2259 1199 2288 excessu,
1216 2249 1273 2289 qui
1295 2249 1426 2289 quidem
1448 2249 1590 2280 consistit
1613 2250 1645 2280 in
1668 2251 1757 2280 aetus

980 2302 1168 2340 intensione,
1185 2311 1251 2333 non
1265 2302 1303 2333 de
1316 2311 1364 2339 eo,
1381 2303 1436 2342 qui
1449 2303 1540 2333 estin
1555 2302 1669 2333 debitae
1684 2311 1758 2333 con-

980 2356 1108 2387 ditionis
1116 2356 1296 2387 omissione.
1306 2355 1387 2386 Nam
1398 2355 1584 2395 hujusmodi
1595 2364 1754 2393 excessus,

980 2411 1120 2441 secundo
1138 2410 1231 2441 modo
1253 2410 1375 2448 dictus,
1392 2409 1641 2449 repugnantiam
1662 2409 1758 2440 habet

981 2473 1055 2495 cum
1077 2464 1165 2494 omni
1187 2463 1316 2494 virtute.
1343 2463 1470 2494 Primus
1486 2472 1561 2494 vero
1583 2471 1648 2493 non
1663 2462 1758 2493 habet

981 2518 1230 2558 repugnantiam
1250 2527 1324 2548 cum
1338 2517 1456 2548 virtute
1472 2517 1666 2556 theologica,
1683 2525 1757 2556 quae

980 2571 1077 2603 habet
1090 2571 1251 2611 objectum
1270 2570 1451 2607 infinitum,
1467 2570 1511 2601 ita
1525 2569 1610 2610 quod
1625 2578 1682 2600 nec
1698 2578 1759 2609 po-

982 2627 1043 2657 test
1055 2625 1152 2657 nimis
1165 2625 1285 2664 amari,
1302 2634 1361 2656 nec
1376 2624 1472 2656 nimis
1490 2624 1663 2656 desiderari
1679 2634 1686 2656 :
1704 2624 1758 2654 sed
