1997 2986
59 929 163 950 Fundani.

712 149 808 180 ntS‘t‘.
835 150 856 180 Ι.
882 149 960 180 ΑΡιΤ

178 218 222 249 ita
240 217 325 258 quod
346 217 380 247 in
406 216 466 248 illis
488 217 591 248 tribus
614 217 757 257 personis
771 219 852 247 esset
872 225 957 247 com-

179 271 286 303 munis
302 271 406 302 unitas
425 270 600 310 singularis
616 273 742 302 naturae
762 272 937 310 assumptae
950 294 957 307 ,

178 334 242 356 non
259 325 366 356 unitas
381 334 538 365 personae.
556 324 718 365 Quidquid
735 327 843 355 autem
859 324 899 354 sit
921 324 958 354 ‹le

178 378 238 409 hoe
249 403 257 417 ,
275 378 351 410 illud
364 388 420 419 pro
435 379 613 410 indubitato
629 379 669 417 (ιι)
689 378 871 409 habendum
889 381 934 408 est
950 402 957 414 ,

177 431 262 472 quod
279 431 373 463 modo
394 432 577 463 assumendi
595 432 874 473 praedvtermimito
895 432 959 462 im-

178 485 325 526 possibile
346 488 393 516 est
418 495 521 516 unum
550 488 581 517 et
610 486 761 516 eumdem
793 485 958 516 hominem

177 547 352 576 assumere,
369 542 498 580 propter
513 538 767 579 implicationem
781 539 818 576 (h)
836 541 960 569 contra-

177 592 334 631 dictionis,
358 593 435 633 quia
454 594 645 633 sequeretur
659 591 747 632 quod
766 591 865 623 Filius
877 594 959 623 esset

178 645 281 677 Pater.

435 762 642 801 QUAESTto
666 762 722 793 lv,

179 840 224 868 An
234 840 360 875 quaelibet
371 841 454 867 trium
463 847 640 876 personarum
652 839 796 866 incarnari
806 839 927 874 potueri!
939 839 957 864 ¹.

221 920 333 952 Utrum
350 920 502 961 quaelibet
517 919 614 951 trium
632 928 844 960 personarum
863 919 960 959 possit

180 974 338 1005 incarnari
353 983 409 1014 per
423 974 578 1014 seipsam3
596 976 627 1004 et
637 973 722 1013 quod
733 973 788 1010 sic,
805 972 933 1004 videtur
950 983 956 1003 :

179 1027 394 1060 Tantumdem
409 1028 504 1059 distat
520 1030 667 1059 creatura
682 1036 700 1057 a
715 1036 849 1067 persona
866 1025 935 1056 Filii
951 1050 959 1064 ,

181 1084 338 1123 quantum
347 1091 365 1113 a
376 1090 511 1122 persona
522 1081 633 1119 Patris,
650 1083 679 1111 et
692 1080 831 1120 Spiritus
842 1080 958 1110 sancti:

180 1144 260 1175 ergo
273 1145 336 1175 qua
351 1135 472 1166 ratione
486 1144 620 1175 persona
637 1134 708 1164 Filii
724 1133 884 1164 incarnari
901 1143 959 1173 po-

180 1191 256 1226 test.
281 1189 429 1220 distantia
451 1197 515 1219 non
536 1187 747 1228 impediente;
772 1187 884 1218 eadem
907 1196 959 1217 ra-

180 1243 267 1274 tione
282 1242 409 1274 videtur
423 1241 509 1282 quod
528 1241 625 1273 etiam
640 1250 778 1282 persona
794 1240 895 1272 Patris
908 1265 915 1278 ,
930 1243 961 1271 et

181 1296 320 1338 Spiritus
336 1296 448 1328 sancti.

222 1352 301 1384 Item
325 1362 416 1393 posse
435 1351 594 1383 incarnari
617 1353 736 1391 spectat
758 1350 797 1381 ad
819 1350 962 1390 dignita-

181 1409 246 1438 tem
257 1431 265 1443 ,
287 1406 430 1447 alioquin
458 1415 524 1437 non
549 1404 736 1437 conveniret
758 1404 840 1436 Filio
869 1415 876 1435 :
906 1404 961 1435 sed

182 1459 339 1501 quidquid
362 1461 464 1500 potest
484 1458 585 1490 Filius
603 1458 643 1489 ad
658 1458 848 1498 dignitatem
870 1467 961 1499 spec-

181 1515 253 1544 tans
263 1537 272 1552 ,
291 1515 394 1553 potest
408 1515 439 1544 et
461 1512 554 1544 Pater
566 1537 574 1549 ,
590 1521 665 1543 cum
679 1514 783 1543 totum
798 1521 888 1552 posse
902 1512 962 1543 ha-

181 1567 254 1598 beat
268 1566 369 1598 Filius
379 1576 397 1597 a
409 1567 499 1597 Patre
512 1577 518 1597 τ
536 1574 616 1605 ergo
631 1566 656 1596 si
670 1575 806 1606 persona
822 1565 895 1596 Filii
908 1575 962 1606 po-

182 1626 242 1655 test
268 1623 427 1654 incarnari
441 1647 448 1659 ,
475 1625 506 1653 et
534 1631 663 1653 carnem
693 1621 752 1652 sibi
776 1631 940 1653 assumere
953 1647 960 1660 ,

182 1676 310 1708 videtur
332 1676 419 1717 quod
437 1676 499 1707 hoc
520 1676 617 1715 possit
639 1677 670 1706 et
691 1674 785 1706 Pater
804 1675 962 1706 consimili

182 1733 316 1764 ratione.
930 1768 934 1771 ⁶

223 1786 302 1818 Item
328 1786 368 1817 ad
400 1786 654 1817 incarnationem
690 1785 867 1817 faciendam
897 1795 963 1817 non

182 1841 276 1882 plura
290 1841 468 1881 exiguntur
486 1849 585 1881 quam
600 1841 745 1871 extrema
760 1840 896 1871 unibilia
909 1865 916 1879 ,
933 1843 964 1872 et

182 1897 290 1929 unitas
309 1897 342 1928 in
363 1905 499 1937 persona
511 1921 519 1935 ,
537 1898 568 1927 et
583 1895 783 1927 immensitas
802 1896 836 1926 in
852 1898 964 1936 poten-

183 1952 242 1989 tia,
258 1960 332 1992 quae
344 1953 488 1982 extrema
501 1949 556 1980 illa
567 1950 636 1990 conj
643 1951 745 1989 ungat
758 1949 830 1980 :sed
848 1951 964 1981 natura

183 2004 285 2036 Patris
309 2005 353 2036 ita
375 2006 422 2035 est
446 2003 596 2040 unibilis,
622 2003 705 2034 sicut
728 2005 843 2034 natura
869 2002 962 2040 Filii,

183 2067 258 2090 cum
272 2059 311 2090 sit
326 2067 393 2090 una
411 2060 443 2089 et
455 2058 582 2096 eadem;
599 2059 631 2088 et
647 2066 782 2097 persona
799 2056 903 2089 Patris
920 2058 965 2089 ita

182 2115 230 2145 est
243 2122 311 2144 una
322 2137 330 2151 ,
343 2113 426 2143 sicut
444 2120 579 2152 persona
596 2111 682 2151 Filii,
704 2114 735 2143 et
748 2111 889 2152 potentia
903 2112 964 2143 im-

183 2176 293 2199 mensa
310 2176 318 2198 :
332 2175 423 2207 ergo,
439 2168 500 2197 etc.

224 2219 303 2251 Item
316 2219 343 2250 si
356 2227 491 2259 persona
506 2217 579 2248 Filii
594 2219 696 2258 potest
714 2217 893 2255 incarnari,
910 2219 966 2248 aut

183 2282 222 2305 eo
244 2273 314 2314 ipso
337 2281 402 2313 quo
420 2274 467 2304 est
488 2271 606 2311 Filius,
628 2274 684 2303 aut
698 2280 736 2303 eo
755 2271 825 2312 ipso
840 2280 904 2311 quo
919 2273 966 2302 est

184 2335 339 2368 persona:
350 2335 416 2358 non
429 2335 466 2358 eo
481 2326 550 2366 ipso
563 2334 627 2366 quo
639 2327 686 2357 est
705 2324 817 2364 Filius,
829 2325 905 2366 quia
914 2324 965 2356 Fi-

183 2381 247 2412 lius
256 2381 362 2413 solum
371 2381 447 2412 dicit
455 2382 636 2421 respectum
644 2379 684 2411 ad
697 2379 836 2418 Patrem,
848 2388 914 2411 non
926 2379 965 2410 ad

219 2470 227 2486 ¹
242 2470 283 2501 Cf.
298 2469 369 2494 Alex.
386 2468 499 2498 Mensis,
519 2475 543 2499 p.
561 2467 605 2498 ΙΙΙ,
621 2474 646 2498 q.
663 2473 696 2498 u,
712 2466 809 2491 memb.
825 2469 838 2491 5
851 2486 857 2497 ,
873 2468 921 2491 art.
934 2467 964 2497 2;

187 2506 213 2531 S.
222 2505 325 2536 Thom„
339 2513 364 2536 p.
377 2505 454 2536 ltl‚q.
466 2510 514 2534 ιιι,
525 2505 572 2527 art.
585 2504 598 2527 5
608 2511 616 2534 ;
628 2502 694 2527 etlll
706 2502 852 2534 Sent.,dist.
866 2509 884 2532 1,
896 2509 913 2533 q
936 2508 966 2532 u,

186 2542 234 2566 art».
247 2543 275 2573 ³5
286 2541 402 2573 AEgidius
416 2541 503 2571 Rom„
515 2539 546 2564 ΙΙΙ
559 2539 640 2568 Sene..
656 2539 718 2563 dist.
731 2544 750 2569 1,
765 2546 791 2571 q.
803 2544 846 2569 1v;
861 2538 966 2562 uictum

187 2576 247 2608 dus,
265 2578 298 2602 ΙΙΙ
309 2577 389 2609 Sene„
399 2577 456 2602 dist.
468 2582 492 2608 1,
502 2583 528 2608 q.
545 2575 698 2606 1115Marsil.
713 2575 811 2606 luguen
821 2593 829 2606 ‚
843 2574 874 2599 ΙΙΙ
885 2574 966 2606 Sene„

220 2621 255 2652 (ο)
269 2622 330 2647 Coee.
347 2621 408 2646 edu.
423 2620 587 2646 indubitanti.
601 2633 630 2639 —
642 2619 674 2650 (b)
691 2619 753 2645 Coet.
767 2619 830 2644 edit.
843 2618 965 2650 multipli-

189 2657 318 2681 cationem
332 2657 470 2689 implicitae.
479 2657 550 2687 —(c)
562 2656 624 2681 Coee.
636 2655 698 2680 edit.
713 2655 773 2680 add.
788 2657 837 2680 etc.

965 175 972 182 .
998 149 1020 180 1.
1045 150 1197 187 QUAEST.
1224 152 1274 183 tv.

1762 162 1796 190 ¹5

1016 219 1196 248 creaturam
1215 227 1316 259 :ergo
1333 220 1359 250 si
1374 223 1475 260 potest
1489 222 1648 254 incarnari
1667 234 1704 255 eo
1727 226 1795 266 ipso

1016 279 1081 311 quo
1097 274 1143 302 est
1160 281 1295 312 persona
1305 274 1425 311 divina,
1438 275 1539 315 igitur
1557 286 1632 308 cum
1647 277 1749 317 Pater,
1767 284 1796 310 vt

1017 324 1155 365 Spiritus
1170 329 1299 358 sanctus
1312 352 1319 365 ,
1337 328 1377 358 sit
1392 338 1527 368 persona
1543 330 1651 361 divina
1665 356 1672 369 ,
1687 333 1795 372 sequi-

1017 381 1069 409 tur
1085 381 1260 410 necessario
1281 381 1367 421 quod
1386 391 1520 422 persona
1540 382 1658 422 Patris,
1679 388 1709 415 et
1725 385 1795 425 Spi—

1017 432 1098 462 ritus
1111 434 1210 464 sancti
1224 458 1231 471 ,
1249 435 1291 465 ita
1309 435 1404 475 possit
1419 435 1577 467 incarnari
1592 461 1599 475 ,
1626 438 1707 469 sicut
1723 448 1797 479 per-

1016 495 1094 516 sona
1112 486 1194 518 Filii.

1058 539 1118 570 Sed
1133 542 1243 570 contra
1260 550 1267 571 :
1286 543 1314 571 1.
1334 541 1366 572 Si
1383 552 1518 583 persona
1534 543 1646 581 Patris,
1664 545 1714 576 vel
1731 545 1799 586 Spi-

1018 593 1101 624 ritus
1124 596 1237 634 sancti,
1263 596 1496 635 incarnaretur,
1514 601 1591 629 tunc
1613 599 1678 630 duo
1695 604 1799 631 essent

1017 648 1073 679 sslii
1094 648 1128 679 in
1148 648 1301 680 Trinitate
1319 659 1326 680 :
1343 651 1397 682 sed
1412 651 1472 682 hoe
1487 655 1533 683 est
1550 653 1797 685 inconveniens:

1016 703 1181 743 quodlibet
1206 706 1313 734 autem
1338 705 1588 743 inconveniens,
1615 707 1698 738 sicut
1721 707 1798 740 dicit

1017 757 1188 789 Anselmus
1212 758 1246 788 in
1272 758 1353 789 libro
1382 759 1446 790 Cur
1472 760 1555 792 Deus
1577 760 1689 800 homo,
1711 762 1797 802 apud

1018 808 1118 840 Deum
1129 812 1175 840 est
1188 810 1384 850 impossibile
1399 812 1433 851 (c)
1449 823 1455 842 :
1474 821 1554 851 ergo
1565 812 1692 844 videtur
1706 813 1797 844 simi-

1016 862 1087 894 liter
1099 872 1166 894 esse
1181 864 1377 903 impossibile
1391 874 1560 905 personam
1577 865 1680 897 Patris
1695 867 1798 898 incar-

1017 917 1098 954 nari,
1115 917 1165 949 vel
1181 916 1319 958 Spiritus
1333 919 1444 950 sancti.

1058 972 1137 1003 Item
1152 972 1312 1003 incarnari
1327 981 1393 1003 non
1407 975 1453 1003 est
1464 972 1549 1003 aliud
1566 983 1664 1013 quam
1679 974 1713 1005 in
1728 983 1796 1005 car-

1017 1034 1092 1056 nem
1117 1026 1219 1063 mitti,
1252 1026 1333 1057 sicut
1362 1026 1431 1057 vult
1455 1027 1658 1066 Augustinus
1683 1030 1693 1046 ³
1716 1037 1722 1057 :
1742 1028 1795 1059 sed

1017 1079 1213 1120 impossibile
1232 1083 1279 1111 est
1302 1080 1428 1111 Patrem
1445 1081 1540 1117 mitti,
1559 1090 1634 1111 cum
1655 1091 1720 1112 non
1738 1081 1798 1113 ha-

1017 1134 1090 1164 beat
1105 1134 1206 1164 alium
1217 1158 1225 1172 ,
1242 1143 1261 1164 a
1275 1143 1340 1174 quo
1360 1134 1400 1164 sit
1414 1145 1420 1165 ι
1435 1143 1514 1173 ergo
1537 1134 1731 1175 impossibile
1752 1138 1799 1167 est

1018 1186 1144 1218 Patrem
1160 1187 1332 1218 incarnari.

1058 1242 1087 1271 3.
1108 1240 1185 1271 ltem
1207 1241 1294 1281 quod
1309 1243 1356 1272 est
1377 1241 1546 1281 proprium
1568 1242 1667 1273 unius
1685 1251 1798 1282 perso-

1017 1304 1068 1326 nae
1081 1319 1089 1334 ,
1112 1294 1308 1335 impossibile
1325 1296 1372 1326 est
1388 1294 1478 1325 alteri
1494 1295 1666 1326 convenire
1688 1305 1696 1326 ε
1718 1296 1772 1327 sed
1787 1300 1797 1315 ⁴

1016 1348 1177 1380 incarnari
1187 1351 1234 1380 est
1244 1349 1411 1390 proprium
1422 1348 1513 1386 Filii,
1529 1352 1561 1381 et
1576 1350 1636 1380 sibi
1651 1349 1708 1381 soli
1721 1360 1799 1382 con-

1017 1403 1106 1434 venit
1121 1412 1129 1433 :
1146 1412 1226 1442 ergo
1243 1403 1440 1444 impossibile
1454 1406 1501 1435 est
1515 1403 1600 1444 quod
1615 1404 1706 1435 alteri
1721 1414 1798 1445 per-

1017 1465 1104 1488 souae
1120 1457 1302 1488 conveniat.

1058 1514 1088 1542 4.
1118 1511 1198 1543 ltem
1228 1512 1384 1552 maiorem
1415 1512 1672 1543 convenientiam
1701 1512 1797 1544 habet

1017 1568 1134 1596 natura
1145 1567 1310 1606 assumpta
1319 1575 1337 1596 a
1348 1565 1454 1597 Verbo
1464 1575 1539 1597 cum
1555 1566 1626 1597 aliis
1640 1566 1794 1607 personis,

1018 1629 1117 1660 quam
1133 1620 1195 1651 alia
1217 1622 1332 1651 natura
1352 1629 1426 1660 quae
1450 1629 1515 1651 non
1535 1622 1582 1651 est
1604 1622 1768 1660 assumpta
1789 1629 1796 1650 :

1018 1683 1098 1713 ergo
1113 1674 1138 1704 si
1153 1674 1226 1704 aliae
1248 1682 1392 1713 personae
1409 1683 1475 1705 non
1488 1675 1621 1714 possunt
1635 1673 1722 1705 illam
1737 1682 1796 1704 na-

1018 1729 1126 1759 turam
1135 1736 1310 1765 assumere,
1326 1736 1400 1768 quae
1413 1729 1577 1768 assumpta
1591 1729 1638 1758 est
1649 1736 1668 1758 a
1680 1726 1795 1765 Verbo,

1018 1782 1146 1814 videtur
1159 1782 1245 1822 quod
1264 1791 1322 1813 nec
1338 1782 1480 1822 aliquam
1498 1781 1595 1813 aliam
1615 1790 1622 1810 ι
1638 1781 1692 1812 sed
1709 1781 1797 1812 illam

1018 1845 1086 1867 non
1102 1838 1236 1876 possunt
1254 1845 1438 1875 assumere,
1460 1835 1543 1867 sieut
1558 1835 1592 1866 in
1614 1835 1798 1876 praeceden-

1019 1891 1104 1922 tibus
1120 1894 1130 1910 ⁵
1144 1893 1358 1923 monstratum
1378 1893 1447 1923 est:
1464 1900 1544 1931 ergo
1565 1891 1693 1922 videtur
1712 1890 1797 1930 quod

1019 1945 1142 1976 nullam
1157 1945 1256 1977 aliam
1271 1955 1435 1978 assumere
1450 1945 1587 1977 valeant.

1290 2058 1517 2091 CONCLUSIO.

1022 2140 1155 2173 Quoelibec
1168 2140 1326 2167 divinarum
1338 2148 1515 2176 personarum
1531 2142 1624 2176 potuit
1640 2142 1796 2175 incarnari,

1139 2186 1201 2213 licet
1211 2186 1297 2213 solum
1312 2185 1429 2213 Verbum
1442 2187 1480 2213 sit
1494 2187 1682 2213 incarnatum.

1062 2266 1155 2307 Resp.
1173 2266 1212 2298 ad
1227 2275 1299 2306 arg.
1314 2266 1361 2297 Ad
1377 2266 1605 2306 praedictorum
1620 2266 1801 2307 intelligen-

1020 2321 1098 2352 tiam
1118 2322 1165 2352 est
1185 2320 1364 2352 notandum
1387 2320 1473 2361 quod
1497 2320 1596 2361 aliqui
1614 2320 1718 2352 dicere
1739 2329 1799 2352 vo-

1020 2375 1110 2414 lunt,
1132 2374 1219 2415 quod
1238 2374 1327 2406 nulla
1348 2383 1483 2415 persona
1498 2374 1657 2406 incarnari
1676 2376 1798 2414 potest,

1021 2428 1083 2459 nisi
1098 2437 1234 2469 persona
1247 2427 1343 2459 Verbi
1355 2439 1363 2466 3
1385 2430 1416 2459 et
1430 2428 1587 2459 rationem
1601 2428 1705 2467 huJus
1719 2427 1799 2458 assi-

1021 2485 1139 2523 gnant,
1163 2482 1239 2523 quia
1262 2481 1289 2513 si
1315 2491 1452 2522 persona
1474 2482 1537 2513 alia
1558 2482 1799 2519 incarnaretur,

1020 2552 1046 2577 q.
1056 2552 1075 2570 11
1084 2564 1091 2576 ,
1102 2547 1190 2575 art.1;
1207 2544 1354 2576 Stephanus
1365 2544 1470 2575 Brules„
1483 2544 1514 2568 ΙΙΙ
1525 2543 1605 2573 Sene„
1616 2543 1675 2569 dist.
1687 2550 1707 2574 ι,
1720 2551 1746 2575 q.
1759 2549 1798 2568 ιιι.

1020 2595 1052 2601 -—
1064 2583 1076 2599 ¹
1089 2582 1216 2613 Anselm„
1228 2581 1280 2606 Cur
1294 2581 1360 2606 Deus
1370 2581 1441 2605 homo
1452 2599 1459 2612 ,
1470 2580 1514 2604 lib.
1531 2580 1557 2609 Ι,
1570 2588 1594 2605 c.
1610 2586 1646 2606 tx.
1657 2592 1689 2600 —
1702 2579 1712 2596 ³
1722 2582 1800 2611 Aug„

1020 2618 1050 2643 de
1063 2618 1141 2649 Prin„
1157 2617 1200 2642 lib.
1215 2618 1251 2648 ΙΙ,
1263 2625 1286 2642 c.
1303 2623 1316 2641 v
1328 2635 1334 2647 ,
1346 2624 1372 2642 n.
1387 2619 1411 2642 9.
1424 2629 1455 2634 -
1466 2617 1476 2632 ⁵
1492 2615 1565 2646 lbicl„
1581 2616 1627 2641 lib.
1645 2622 1680 2648 tv,
1696 2623 1720 2641 c.
1736 2621 1798 2646 xix,

1023 2661 1048 2679 u.
1065 2655 1103 2679 26.
1115 2667 1146 2672 -
1157 2654 1168 2671 ⁵
1178 2654 1274 2682 Quaest.
1290 2659 1328 2678 ιιι.

1842 2283 1922 2312 Opinlo

1815 2315 1915 2339 aliorum.
