2017 2960
840 174 1030 208 DISTINCT.
1054 175 1133 207 XIV.
1721 179 1781 209 293

181 244 238 283 quz'
252 242 413 282 proeibanc
435 244 465 274 et
483 242 704 282 sequebantur,
729 245 766 274 ut
779 243 890 274 botrus
917 243 951 273 in
1006 245 1037 274 et
1048 251 1112 274 non
1127 243 1294 280 videbant;
1312 244 1478 283 sequentes
1490 252 1567 275 vero
1579 246 1610 274 et
1625 244 1777 283 ferebant,

181 296 308 336 palmite
322 296 373 327 vel
384 295 455 335 palo
470 296 671 335 portabatur¹
687 297 727 327 ab
744 297 952 328 antecedenti-
1007 298 1038 327 et
1063 298 1169 336 aperte
1194 297 1346 328 videbant
1371 308 1378 326 :
1401 296 1445 328 sie
1465 297 1720 329 similitudinarie
1746 298 1779 328 in

180 350 239 381 bus
253 352 283 380 et
297 349 522 389 sequentibus:
537 350 590 380 sed
606 351 785 389 praeeuntes
797 350 950 388 serebant,
1007 354 1167 393 proposito
1180 353 1426 393 intelligendum
1442 355 1498 384 est.

717 525 1061 572 DSTINCTIO
1116 527 1237 572 XIV

178 665 321 693 QUOMODO
351 666 440 688 VERBI
463 666 518 689 SEU
542 666 661 689 CHRISTI
683 666 866 689 lNCARNATIO
890 666 1062 688 ORDINATUR
1086 667 1126 688 AD
1154 667 1293 688 NOSTRAM
1315 667 1551 689 REDEMPTIONEM
1575 667 1720 693 QUANTUM
1740 667 1780 689 AD

666 726 888 748 PLENITUDINEIlI
916 725 1060 747 SCIENTIAE
1083 725 1288 747 SPECIALITER.

222 841 282 873 Hic
308 841 413 885 quaeri
441 852 523 885 opus
551 845 610 882 est,
640 852 715 873 eum
740 841 850 873 anima
877 840 998 873 Christi
1026 845 1107 874 esset
1135 841 1262 885 sapiens
1287 842 1447 886 sapientia
1474 843 1638 885 gratuita,
1664 847 1778 876 utrum
1827 857 1858 875 Au

176 899 328 932 habuerit
343 898 535 943 sapientiam
552 899 711 943 aequalem
735 898 814 939 Deo,
832 898 900 931 sive
919 899 1068 931 omnium
1089 910 1198 931 rerum
1222 899 1389 932 seientiam
1406 900 1559 933 habuerit
1577 901 1629 934 vel
1646 901 1775 943 habeat,
1807 892 1885 938 ‹iliis-Ei.

1801 948 1901 968 habuerit

1803 980 1890 1006 sapien-

177 957 208 989 id
233 960 291 998 est,
318 960 432 989 utrum
457 956 569 988 omnia
590 956 679 997 sciat,
704 968 776 1000 qua}
800 956 887 989 Deus
906 956 975 989 seit.
1001 956 1206 995 Quibusdam
1226 957 1342 1001 placet,
1367 958 1455 1002 quoal
1484 970 1543 991 nec
1567 970 1678 1003 parem
1702 970 1777 991 cum

177 1015 244 1047 Deo
271 1014 389 1047 habeat
411 1014 593 1055 scientiam,
617 1025 675 1046 nee
700 1014 811 1046 omnia
846 1014 925 1046 sciat
957 1025 1028 1058 qua}
1057 1014 1153 1055 Deus,
1180 1015 1259 1058 quia
1280 1014 1313 1046 in
1339 1015 1433 1048 nullo
1457 1021 1605 1049 creatura
1628 1020 1779 1061 aequatur
1803 1011 1903 1037 ‘³⁸⁰¹p3'

1795 1048 1839 1061 l'cm
1853 1049 1901 1062 (¹111ss

177 1072 333 1105 Creatori.
367 1072 449 1104 Cum
479 1082 556 1114 ergo
585 1071 694 1103 anima
723 1072 779 1103 illa
807 1075 956 1104 ereatura
980 1072 1038 1112 sit,
1060 1072 1092 1104 in
1116 1072 1210 1104 nullo
1238 1076 1390 1116 aequatur
1418 1073 1588 1107 Creatori:
1620 1085 1696 1116 ergo
1721 1085 1780 1106 nec
1807 1074 1893 1109 Μ’ἒῑ

1795 1112 1820 1125 ἰΙΙΙ
1831 1113 1902 1126 omnin

176 1130 211 1162 iu
239 1130 407 1174 sapientia.
439 1129 511 1161 Non
539 1139 616 1172 ergo
644 1129 740 1162 habet
770 1129 932 1173 aequalem
959 1141 1034 1161 cum
1064 1130 1130 1162 Deo
1159 1130 1366 1173 sapientiam,
1400 1142 1458 1163 nee
1482 1131 1540 1163 scit
1568 1131 1680 1164 omnia
1704 1143 1778 1176 quae
1795 1138 1902 1188 {eratquae

176 1188 274 1220 Deus.
291 1188 383 1231 Item,
402 1188 429 1220 si
446 1189 556 1221 anima
571 1188 629 1220 illa
643 1187 802 1231 aequalem
817 1187 913 1219 habet
939 1198 1014 1219 cum
1039 1187 1105 1219 Deo
1128 1187 1334 1230 sapientiam,
1358 1199 1425 1220 non
1442 1200 1518 1231 ergo
1535 1189 1622 1222 Deus
1636 1189 1671 1222 in
1688 1190 1779 1222 omni
1809 1172 1860 1189 'Q'

175 1245 262 1278 bono
287 1245 444 1289 majorem
472 1245 569 1278 habet
588 1245 830 1286 sufficientiam,
852 1256 953 1289 quain
973 1245 1044 1289 ejus
1067 1249 1227 1278 creatura.
1256 1246 1421 1278 inducunt
1448 1247 1545 1279 etiam
1574 1247 1783 1280 auctoritates

175 1303 215 1336 ad
239 1303 325 1335 idem
356 1303 574 1347 probandum.
605 1303 661 1335 Ait
682 1303 770 1335 enim
798 1303 962 1347 Propheta
989 1314 1029 1336 ex
1056 1315 1194 1348 persona
1221 1304 1366 1337 hominis
1391 1306 1575 1349 assumpti²
1593 1319 1599 1338 :
1618 1305 1784 1339 Mirabilis

172 1362 270 1404 facta
288 1366 333 1393 est
347 1361 486 1393 scientia
503 1368 560 1394 tica
575 1373 614 1394 ez
629 1373 692 1399 me,
713 1367 743 1393 et
765 1372 832 1393 non
851 1368 966 1405 potet-0
987 1361 1033 1393 ad
1061 1373 1146 1394 eam.
1178 1362 1272 1401 Quod
1293 1374 1460 1407 exponens
1483 1363 1694 1396 Cassiodorus
1709 1363 1777 1396 ait:

178 1432 194 1450 «
220 1418 351 1452 Veritas
371 1418 524 1451 humanae
548 1418 744 1451 conditionis
767 1419 970 1459 ostenditur,
996 1419 1075 1463 quia
1102 1424 1291 1464 assumptus
1317 1421 1415 1454 homo
1439 1421 1560 1455 divina}
1590 1421 1778 1455 substantia}

178 1488 243 1510 non
268 1480 372 1520 potest
396 1476 521 1520 aequari
544 1476 596 1508 vel
619 1476 653 1508 in
680 1476 826 1517 scientia,
848 1477 899 1509 vel
927 1476 961 1508 in
988 1476 1064 1509 alio.
1090 1490 1106 1508 »
1125 1478 1303 1521 Apostolus
1327 1479 1424 1511 etiam
1448 1479 1517 1511 ait³
1536 1491 1542 1512 :
1564 1481 1669 1513 Nemo
1694 1480 1786 1512 novit

177 1547 248 1580 qnce
263 1540 340 1567 sunt
354 1534 426 1573 Dei,
444 1534 510 1566 nisi
530 1534 673 1578 Spiritus
692 1534 764 1573 Dei,
791 1534 846 1578 qni
869 1535 954 1567 solus
976 1541 1145 1567 scrutatur
1167 1536 1294 1578 omnia,
1321 1537 1422 1569 etiam
1440 1537 1611 1581 profunda
1630 1537 1702 1570 Dei.
1720 1538 1779 1570 His

178 1593 316 1638 aliisque
332 1593 484 1637 pluribus
508 1592 691 1625 rationibus
715 1596 746 1625 et
769 1592 1018 1625 auctoritatibus
1046 1593 1211 1633 nituntur,
1240 1594 1297 1637 qui
1322 1594 1467 1627 animam
1487 1594 1608 1627 Christi
1633 1600 1782 1628 asserunt

177 1662 236 1684 nec
265 1662 376 1695 parem
404 1662 479 1683 eum
508 1651 573 1683 Deo
602 1650 721 1682 habere
750 1650 932 1691 seientiam,
963 1662 1023 1683 nee
1057 1650 1169 1683 omnia
1202 1651 1282 1683 scire
1309 1663 1385 1695 quae
1414 1652 1500 1685 Deus
1532 1653 1617 1686 seit:
1649 1653 1728 1698 quia
1755 1653 1781 1686 si

177 1710 288 1742 omnia
302 1709 361 1741 seit
375 1720 449 1753 quae
465 1709 564 1750 Deus,
580 1708 640 1740 seit
655 1719 732 1751 ergo
747 1719 855 1741 creare
874 1709 1037 1741 mundum
1056 1721 1063 1749 ;
1080 1709 1139 1741 seit
1155 1708 1255 1741 etiam
1278 1720 1386 1742 creare
1401 1710 1553 1754 seipsam.

221 1768 348 1808 Quibus
368 1767 611 1811 respondentes,
638 1767 777 1800 dicimus
798 1767 942 1799 animam
963 1767 1084 1800 Christi
1109 1778 1166 1811 per
1188 1767 1380 1812 sapientiam
1405 1768 1467 1800 sibi
1493 1769 1594 1811 gratis
1608 1769 1717 1801 datam
1744 1770 1778 1802 in
1808 1769 1903 1802 ΜΡΝ·

1795 1806 1825 1819 szo
1837 1807 1903 1826 quies-

176 1826 285 1860 Verbo
312 1826 392 1867 Dei,
424 1826 478 1858 cui
506 1825 599 1858 unita
627 1830 694 1867 est,
724 1825 811 1858 unde
839 1825 938 1858 etiam
967 1825 1106 1869 perfecte
1135 1825 1311 1868 intelligit,
1341 1826 1453 1858 omnia
1480 1826 1561 1859 seire
1590 1838 1662 1871 quae
1690 1827 1903 1860 Deustnnusde-

1793 1863 1893 1885 linuiwun

176 1885 247 1926 scit,
262 1884 317 1917 sed
337 1895 403 1917 non
428 1884 539 1916 onmia
562 1895 654 1928 posse
677 1895 750 1928 ‹111ae
780 1887 885 1928 potest
908 1883 995 1916 Deus
1014 1896 1020 1915 :
1049 1894 1108 1916 nec
1132 1883 1178 1915 ita
1200 1883 1286 1916 clare
1311 1887 1342 1916 et
1366 1884 1535 1928 perspicue
1560 1885 1671 1918 omnia
1692 1885 1777 1929 capit
1793 1896 1903 1929 continens

177 1946 214 1975 ut
229 1942 339 1974 Deus:
370 1945 401 1973 et
427 1941 499 1974 ideo
527 1953 594 1974 non
622 1946 773 1986 aequatur
801 1941 947 1974 Creatori
976 1953 1035 1974 suo
1065 1942 1100 1974 in
1128 1942 1274 1984 seientia,
1307 1942 1366 1974 etsi
1394 1943 1506 1975 onmia
1533 1943 1611 1975 sciat
1644 1954 1717 1988 quae
1746 1948 1776 1976 et
1814 1933 1880 1978 liliis

178 1999 245 2044 ipse
274 2011 280 2031 :
310 2010 369 2032 nec
397 2003 444 2031 est
473 1999 544 2043 ejus
572 1999 731 2044 sapientia
761 2000 896 2044 {equalis
925 2000 1092 2044 sapientiae
1121 2000 1197 2042 Dei,
1225 2001 1304 2045 quia
1338 2000 1395 2033 illa
1424 2001 1529 2034 multo
1559 2006 1605 2034 est
1632 2001 1775 2045 dignior,

177 2057 376 2102 digniusque
403 2061 433 2090 et
461 2058 634 2102 perfectius
665 2058 777 2091 onmia
810 2058 908 2102 capit,
948 2069 1049 2102 quam
1087 2057 1178 2090 illius
1210 2058 1329 2090 animae
1364 2058 1535 2102 sapientia.
1570 2059 1657 2102 Ergo
1686 2064 1717 2092 et
1746 2059 1781 2091 in

177 2116 310 2148 seientia
331 2115 488 2159 majorem
518 2115 615 2148 habet
636 2115 869 2148 sufficientiam
895 2115 993 2155 Deus,
1019 2127 1119 2160 quam
1145 2115 1202 2148 illa
1226 2116 1337 2148 anima
1365 2127 1441 2160 quae
1465 2116 1596 2159 dignior
1620 2122 1667 2149 est
1691 2118 1783 2150 omni

177 2177 336 2206 creatura.
354 2173 441 2205 Illud
466 2184 543 2206 vero
565 2174 714 2217 Apostoli
734 2173 822 2218 quod
845 2173 1009 2206 inducunt
1026 2186 1032 2205 :
1053 2175 1159 2207 Nemo
1178 2174 1270 2206 novit
1291 2185 1362 2219 quae
1383 2174 1444 2206 Dei
1463 2180 1552 2216 sunt,
1566 2175 1632 2207 nisi
1646 2175 1781 2220 spiritus

178 2232 250 2273 Dei,
267 2232 325 2276 qui
341 2231 430 2264 solus
444 2237 613 2264 scrutatur
641 2232 768 2273 omnia,
798 2243 857 2275 pro
887 2231 981 2264 nobis
998 2231 1074 2264 facit
1093 2244 1101 2272 3
1132 2243 1208 2264 mox
1233 2231 1322 2264 enim
1351 2232 1440 2264 addit
1468 2232 1646 2276 Apostolus
1660 2232 1669 2247 '⁴
1689 2245 1695 2264 ε
1714 2234 1782 2266 Nos

181 2296 292 2323 autem
321 2289 475 2334 spiritum
505 2289 565 2322 Dei
593 2289 748 2322 habemus
776 2301 787 2328 ,·
815 2293 852 2321 ut
879 2300 937 2333 per
963 2289 1130 2332 spiritum,
1160 2301 1259 2333 quem
1289 2289 1441 2330 habebat,
1471 2289 1529 2322 Dei
1559 2290 1722 2334 profunda
1748 2301 1781 2322 se

182 2347 261 2381 seire
274 2348 468 2381 ostenderet.
486 2347 550 2380 Sed
572 2347 682 2380 anima
704 2347 761 2380 illa
789 2358 856 2392 prae
882 2346 1037 2379 omnibus
1058 2347 1211 2392 spiritum
1238 2347 1297 2380 Dei
1325 2347 1452 2387 habuit,
1485 2348 1539 2380 cui
1566 2348 1700 2392 spiritus
1715 2359 1782 2380 non

184 2409 229 2437 est
253 2405 347 2438 datus
370 2406 410 2439 ad
437 2417 637 2448 mensuram,
664 2409 700 2437 ut
723 2405 767 2438 ait
789 2405 931 2438 Joannes
956 2405 1177 2448 Evangelista.
1204 2405 1298 2438 Dona
1320 2416 1396 2448 ergo
1426 2405 1569 2449 Spiritus
1592 2406 1693 2438 saneti
1713 2406 1782 2438 sine

185 2474 338 2496 mensura
347 2464 478 2497 habuit:
496 2475 573 2507 ergo
585 2467 616 2497 et
628 2464 833 2509 sapientiam.
850 2463 968 2496 Omnia
980 2475 1056 2505 ergo
1065 2463 1159 2497 seivit
1169 2463 1279 2496 anima
1291 2463 1359 2495 illa.
1374 2463 1408 2495 Si
1420 2463 1507 2495 enim
1518 2463 1666 2507 quaedam
1676 2463 1782 2507 seivit,

186 2521 335 2565 quaedam
355 2533 435 2564 non,
452 2526 530 2555 tunc
548 2533 615 2555 non
636 2522 705 2555 sine
725 2533 880 2555 mensura
911 2521 1078 2554 seientiam
1106 2521 1234 2554 habuit.
1268 2521 1331 2554 Sed
1350 2521 1420 2553 sine
1442 2531 1595 2552 mensura
1619 2521 1785 2554 scientiam

187 2579 317 2612 habuit:
337 2579 394 2611 scit
410 2590 486 2623 ergo
495 2580 615 2613 omnia.
633 2580 830 2624 Fulgentius
847 2580 946 2613 etiam
965 2580 999 2613 in
1019 2590 1168 2613 sermone
1181 2579 1325 2624 quodam
1340 2579 1444 2612 multa
1455 2578 1593 2621 inducit,
1609 2579 1790 2623 quibusas-

221 2665 228 2680 ¹
244 2663 329 2694 Num,
346 2669 404 2693 5111,
418 2664 490 2687 24.—
505 2664 515 2680 ¹
528 2664 567 2687 Ps.
578 2670 703 2692 cxxxviii,
718 2665 822 2690 6.-51
839 2665 908 2695 Cor..
925 2671 952 2695 ιι,
970 2666 1008 2689 10.
1024 2678 1054 2683 -
1069 2665 1079 2682 ὁ
1093 2664 1219 2689 1b1⁴d..12‚
