2017 2960
643 204 738 243 DIST.
762 204 843 237 VllI.
868 203 957 235 ART.
982 203 1006 235 Ι.
1030 202 1179 241 QUAEST.
1203 203 1241 234 ll.

201 279 230 307 3.
245 275 323 306 Item
343 275 432 304 actus
445 275 476 304 et
499 273 641 313 operatio
664 282 729 304 non
744 272 937 303 terminatur

161 329 222 360 nisi
237 328 276 359 ad
288 328 348 359 hoc
368 327 487 367 aliquid
502 338 508 358 ε
527 336 605 366 ergo
621 327 645 356 si
662 327 721 357 hoc
735 326 854 366 aliquid
870 334 936 356 non

161 382 233 413 dicit
248 383 407 418 naturam,
425 380 478 411 sed
497 381 602 420 potius
619 380 829 421 hypostasim,
846 380 935 410 vide-

162 438 214 466 tur
224 435 308 475 quod
323 435 466 465 humana
481 436 596 465 natura
610 435 643 464 in
663 434 785 465 Christo
799 443 862 464 non
879 434 935 464 de—

161 490 232 520 beat
246 489 307 520 dici
319 491 404 527 nata,
418 498 475 519 nec
492 490 653 528 concepta.

202 545 230 573 4.
255 541 332 573 Item
354 542 497 573 humana
520 544 634 572 natura
649 541 722 571 dicit
743 541 839 571 simul
866 550 930 571 car-

161 605 235 626 nem
250 598 281 627 et
294 596 437 626 animam
454 605 462 626 τ
479 596 533 626 sed
548 595 629 626 sicut
644 603 717 625 caro
735 596 781 624 est
796 603 851 633 per
863 603 934 633 pro-

161 649 384 689 pagationem,
398 649 442 680 ita
467 651 498 680 et
511 649 618 679 anima
638 657 694 688 per
720 647 933 678 creationem:

161 712 239 743 ergo
253 704 333 734 sicut
348 703 416 734 haec
427 712 491 734 non
508 703 675 742 recipitur,
693 702 779 742 quod
793 702 937 732 humana

161 759 276 788 natura
288 757 322 786 111
338 757 460 788 Christo
476 758 568 787 exeat
582 756 617 786 in
638 765 704 786 esse
722 765 777 796 per
802 756 936 786 creatio-

161 819 247 848 nem,
264 811 308 841 ita
322 819 386 840 non
402 810 493 840 debet
505 809 645 847 concedi,
665 810 750 849 quod
766 812 856 841 exeat
880 820 936 850 per

161 863 401 903 generationem
418 874 425 893 ε
442 871 520 902 ergo
548 872 613 894 non
637 863 764 894 videtur
787 864 857 894 haec
883 864 935 894 ad-

161 917 313 948 mittenda
329 928 335 947 :
359 929 373 946 «
386 916 535 947 Humana
550 919 664 948 natura
674 920 721 948 est
736 920 819 949 nata.
840 930 853 946 »

434 1010 661 1042 CONCLUSIO.

161 1085 313 1111 Humanam
331 1085 458 1109 tzalmam
470 1090 521 1110 esse
542 1086 636 1110 natam
651 1083 681 1110 de
702 1085 817 1118 Virgine
832 1085 934 1112 admit-

198 1129 287 1158 timus,
304 1131 359 1154 tum
373 1129 480 1155 ratione
490 1130 582 1163 partis
603 1130 792 1161 constitutt‘voe‚
818 1133 873 1157 tum
887 1138 935 1157 ra-

198 1174 269 1199 tione
277 1173 368 1207 partis
380 1172 544 1208 subjectivae.

201 1237 292 1277 Resp.
309 1237 348 1268 ad
363 1246 432 1277 arg.
452 1237 499 1267 Ad
516 1237 741 1277 praedictorum
756 1238 936 1279 intelligen-

159 1292 237 1322 tiam
256 1292 302 1322 est
326 1291 520 1329 notandum,
544 1292 629 1330 quod
656 1291 801 1322 humana
824 1295 938 1324 natura

161 1345 327 1385 dupliciter
342 1347 444 1386 potest
471 1345 569 1385 accipi
587 1355 595 1376 z
618 1355 684 1376 uno
706 1347 800 1377 modo
815 1347 937 1379 ratione

161 1399 300 1438 partium
324 1399 602 1437 constituentium3
619 1400 680 1429 alio
706 1400 800 1430 modo
815 1401 937 1431 ratione

162 1452 272 1483 formae
287 1453 466 1483 communis
486 1453 708 1493 consequentis
730 1456 832 1484 totum
849 1464 936 1485 com-

163 1505 301 1545 positum
320 1515 327 1536 2
345 1508 375 1536 et
398 1507 532 1546 utroque
556 1506 651 1536 modo
677 1509 723 1537 est
749 1516 863 1537 verum
890 1508 938 1538 di-

162 1568 243 1596 cere,
261 1560 345 1599 quod
367 1560 510 1590 humana
536 1562 652 1590 natura
674 1562 721 1590 est
743 1564 905 1600 assumpta
920 1572 939 1592 a

163 1612 275 1644 Verbo.
292 1613 411 1645 Verum
421 1617 466 1645 est
482 1614 569 1645 enim
584 1615 670 1654 quod
685 1615 856 1654 assumpsit
873 1625 939 1646 car-

161 1676 235 1698 nem
247 1670 276 1698 et
291 1668 431 1698 animam
449 1679 455 1699 z
483 1678 594 1699 verum
611 1671 658 1699 est
671 1669 767 1700 etiam
791 1670 875 1709 quod
891 1679 939 1700 as-

162 1722 297 1762 sumpsit
308 1722 445 1753 formam
461 1726 709 1763 consequentem
735 1724 939 1763 compositio-

162 1784 247 1814 nem,
265 1775 409 1806 videlicet
423 1776 665 1807 humanitatem.
679 1776 818 1816 Utroque
844 1777 939 1807 etiam

163 1830 387 1869 praedictorum
404 1830 574 1861 modorum
586 1831 741 1870 contingit
756 1831 860 1861 dicere
877 1832 940 1862 hu-

163 1891 291 1913 manam
307 1885 455 1914 naturam
465 1884 502 1915 de
515 1883 646 1924 Virgine
658 1894 665 1915 2
675 1894 748 1915 nam
759 1886 788 1915 si.
798 1885 941 1916 humana

163 1939 280 1968 natura
302 1937 424 1968 dicatur
446 1938 657 1978 compositum
674 1963 681 1977 ,
700 1939 759 1969 hoc
775 1939 869 1970 modo
884 1949 941 1979 po-

164 1992 224 2020 test
237 1990 365 2021 concedi
386 1991 471 2030 quod
488 1991 527 2021 sit
550 1993 624 2022 nata
639 1992 676 2022 de
700 1991 852 2031 Virgine,
874 2002 941 2024 non

165 2043 286 2074 ratione
301 2044 408 2082 totius,
419 2044 471 2074 sed
483 2045 591 2084 partis,
607 2045 724 2076 scilicet
737 2047 851 2084 carnis,
868 2056 940 2086 quaa

165 2097 199 2127 in
215 2099 305 2128 utero
321 2097 463 2137 Virginis
479 2100 629 2138 concepta
656 2099 727 2136 fuit,
744 2102 775 2130 et
792 2109 832 2130 ex
852 2103 942 2131 utero

168 2152 306 2191 Virginis
322 2152 488 2192 pi·0ducta;
519 2152 544 2182 si
561 2162 638 2183 vero
662 2155 776 2184 natura
798 2154 942 2185 humana

165 2205 288 2236 dicatur
303 2206 406 2236 forma
420 2206 600 2237 communis
626 2215 823 2247 consequens
838 2210 941 2238 totum

165 2260 387 2300 compositum,
404 2260 448 2290 sic
462 2260 590 2291 concedi
606 2263 706 2300 potest
722 2262 808 2301 quod
836 2262 942 2293 adhuc

165 2314 224 2345 fuit
238 2316 313 2345 nata
326 2314 360 2345 in
375 2314 508 2352 Christo,
525 2323 590 2345 non
607 2315 728 2346 ratione
742 2315 803 2354 sui,
821 2316 874 2346 sed
889 2325 940 2347 ra-

165 2368 250 2399 tione
279 2369 431 2409 suppositi
458 2369 492 2400 in
514 2378 578 2410 quo
612 2369 709 2400 habet
736 2369 885 2408 existere,
912 2373 943 2401 et

166 2422 262 2454 etiam
290 2422 323 2452 in
344 2432 409 2463 quo
433 2423 527 2454 habet
564 2423 780 2463 multiplicari.
811 2423 943 2464 Propter

166 2476 251 2515 quod
267 2477 360 2507 etiam
377 2476 451 2508 dicit
466 2476 678 2517 Philosophus
690 2476 710 2516 ¹,
728 2478 813 2517 quod
828 2480 944 2509 natura

167 2530 200 2561 in
227 2532 434 2571 productione
461 2532 531 2563 talis
557 2532 669 2563 formae
699 2532 820 2563 occulte
849 2533 944 2564 habet

168 2585 292 2624 operari
312 2596 318 2616 z
336 2585 520 2625 generando
544 2585 631 2617 enim
652 2586 741 2618 hunc
764 2586 941 2626 hominem,

203 2663 306 2695 ¹Arist„
319 2663 426 2696 physic„
439 2665 483 2689 lib.
495 2666 513 2697 1,
524 2667 592 2697 cont.
606 2667 652 2697 86;
668 2666 817 2698 metaphys„
832 2667 875 2692 lib.
888 2668 943 2698 ΧΗ,

170 2702 237 2724 cont.
255 2701 282 2724 ¹8
293 2702 317 2724 et
333 2702 369 2724 19.

1711 201 1768 230 187

992 273 1125 311 generat
1151 271 1328 302 hominem.
1359 270 1410 301 Sic
1437 278 1515 309 ergo
1530 269 1768 299 concedendum

992 328 1038 356 est
1055 325 1230 355 humanam
1245 326 1394 355 naturam
1405 324 1439 354 in
1450 323 1571 355 Christo
1580 324 1687 353 natam
1702 332 1769 352 esse

992 380 1030 411 de
1049 380 1177 420 Virgine
1193 380 1341 410 utrolibet
1350 379 1573 419 praedictorum
1585 377 1766 407 modorum.

993 434 1052 464 Sed
1068 443 1133 464 uno
1151 434 1244 464 modo
1259 433 1375 464 dicitur
1387 442 1453 463 esse
1468 434 1541 462 nata
1556 431 1679 462 ratione
1693 440 1770 471 par-

997 487 1036 517 tis
1045 487 1260 518 constitutivae
1271 496 1326 527 per
1339 486 1575 527 synecdochem
1586 485 1647 515 alio
1664 484 1768 522 modo,

1000 540 1122 570 ratione
1154 540 1252 580 partis
1274 540 1474 580 subjectivae‚
1507 541 1537 569 ct
1565 539 1607 569 510
1631 538 1770 578 quodam

1000 593 1095 623 modo
1110 603 1167 633 per
1182 594 1337 624 accidens.
1369 593 1580 625 Concedendae
1604 595 1679 623 sunt
1693 601 1770 631 ergo

992 647 1129 678 rationes
1154 647 1193 678 ad
1208 648 1291 678 hanc
1307 649 1429 687 partem
1446 647 1599 683 iuductae,
1620 646 1691 677 licet
1712 646 1771 676 ali-

992 710 1063 739 quae
1076 710 1188 732 earum
1203 701 1375 741 procedant
1389 700 1566 740 sophistice.

1034 758 1061 784 1.
1079 754 1125 784 Ad
1141 754 1219 785 illud
1230 754 1316 795 quod
1329 755 1486 793 objicitur,
1501 754 1584 794 quod
1598 754 1706 784 divina
1714 763 1771 784 na-

992 810 1063 838 tura
1085 808 1119 838 111
1146 809 1268 839 Christo
1284 818 1347 839 non
1375 811 1421 839 est
1436 809 1527 845 nata,
1545 817 1623 847 ergo
1638 817 1695 838 nen:
1712 808 1771 838 hu-

993 872 1104 900 mana,
1122 863 1293 893 dicendum
1318 862 1401 902 quod
1424 871 1489 892 non
1504 864 1549 892 est
1566 861 1681 899 simile,
1696 862 1772 902 quia

991 917 1099 948 divina
1114 921 1230 948 natura
1245 926 1308 948 11011
1323 916 1553 955 multiplicatur
1571 916 1614 950 vin
1629 916 1771 956 supposi-

991 971 1043 1009 tis,
1070 971 1124 1002 sed
1140 973 1187 1002 est
1211 980 1276 1001 una
1291 971 1324 1001 111
1339 972 1524 1009 generante,
1544 971 1575 1000 et
1590 970 1698 1009 genito
1717 979 1723 999 z
1741 972 1772 1001 et

992 1024 1062 1055 ideo
1085 1034 1151 1055 non
1185 1024 1297 1064 recipit
1324 1023 1519 1054 vocabulum
1538 1023 1768 1054 distinctivum.

992 1078 1111 1109 Natura
1126 1088 1201 1109 vero
1230 1078 1373 1109 humana
1399 1078 1600 1118 multiplicari
1624 1078 1720 1109 habet
1741 1081 1772 1108 et

992 1133 1165 1173 pluriticari
1192 1133 1227 1162 in
1256 1134 1403 1172 parente,
1431 1135 1461 1162 ct
1488 1132 1575 1172 prole
1601 1141 1608 1162 :
1624 1132 1700 1162 hinc
1725 1134 1772 1163 est

992 1186 1077 1225 quod
1108 1186 1272 1224 generatio
1301 1186 1334 1216 in
1360 1186 1478 1216 divinis
1509 1186 1700 1216 terminatur
1732 1185 1771 1216 ad

992 1248 1160 1279 personam
1171 1250 1177 1276 ;
1190 1239 1221 1269 in
1239 1239 1391 1269 creaturis
1404 1248 1467 1269 nou
1482 1239 1586 1269 50111111
1601 1239 1639 1269 ad
1661 1248 1770 1279 perso-

992 1302 1079 1330 nam,
1094 1302 1207 1323 verum
1230 1293 1325 1323 etiam
1344 1293 1382 1323 ad
1399 1294 1559 1323 naturam,

1033 1348 1051 1376 ἰ)
1066 1349 1096 1377 et
1107 1349 1135 1377 3.
1154 1347 1200 1376 Aa
1217 1347 1295 1377 illud
1320 1356 1396 1377 vero
1411 1346 1496 1386 quod
1512 1346 1670 1385 objicitur,
1687 1346 1771 1385 quod

993 1401 1157 1440 generatio
1172 1401 1362 1431 terminatur
1377 1401 1413 1431 ad
1430 1410 1486 1430 ens
1502 1400 1706 1440 completum,
1724 1400 1772 1430 di-

994 1454 1132 1484 cendum
1148 1455 1234 1494 quod
1244 1463 1358 1485 verum
1374 1456 1420 1484 est
1435 1464 1489 1494 per
1504 1464 1536 1484 se
1555 1457 1586 1484 et
1611 1454 1770 1494 primum3

994 1517 1033 1538 ex
1045 1508 1104 1538 hoc
1118 1511 1226 1538 tamen
1239 1518 1305 1539 non
1315 1508 1460 1548 sequitur
1473 1507 1558 1547 quod
1571 1507 1608 1537 ad
1625 1510 1772 1537 naturam

994 1571 1059 1592 non
1071 1562 1169 1601 possit
1182 1562 1360 1599 terminari,
1379 1562 1431 1592 sed
1447 1562 1532 1601 quod
1544 1571 1608 1592 non
1620 1562 1772 1592 termina-

994 1617 1046 1645 tur
1064 1616 1304 1655 circumscripta
1332 1616 1494 1655 hypostasi
1525 1627 1531 1646 z
1561 1617 1591 1646 et
1608 1615 1668 1646 hoc
1696 1615 1772 1655 qui-

994 1669 1066 1699 dem
1082 1678 1196 1699 verum
1216 1672 1262 1699 est
1279 1680 1285 1700 :
1301 1671 1331 1699 et
1357 1678 1410 1709 per
1433 1669 1493 1699 hoc
1512 1671 1596 1709 patet
1612 1669 1772 1709 responsio

995 1723 1034 1753 ad
1050 1732 1197 1762 sequens.

1036 1779 1064 1806 Ji.
1086 1777 1133 1807 Ad
1158 1778 1234 1807 illud
1261 1778 1345 1817 quod
1366 1777 1479 1808 ultimo
1499 1777 1659 1816 objicitur,
1689 1778 1775 1817 quod

996 1831 1103 1861 anima
1119 1832 1184 1861 exit
1203 1832 1236 1861 in
1255 1841 1322 1862 esse
1350 1841 1405 1871 per
1430 1832 1634 1867 creationem,
1665 1831 1774 1862 dicen-

997 1885 1075 1916 dum
1090 1886 1177 1926 quod
1190 1886 1246 1916 etsi
1261 1887 1327 1916 sola
1341 1895 1414 1926 pars
1425 1886 1565 1916 hominis
1576 1886 1771 1923 traducatur,

997 1940 1142 1970 videlicet
1157 1949 1241 1976 caro,
1256 1940 1467 1970 nihilominus
1489 1942 1597 1970 tamen
1616 1942 1701 1970 totus
1716 1940 1776 1971 ho—

998 2003 1051 2024 mo
1073 1994 1187 2024 dicitur
1212 1994 1299 2024 nasci
1315 1997 1345 2024 et
1369 1994 1527 2033 generari,
1550 2003 1604 2033 pro
1631 2003 1668 2024 eo
1690 1995 1775 2034 quod

998 2047 1131 2077 intentio
1147 2049 1271 2078 naturae
1301 2057 1365 2078 non
1383 2048 1572 2078 terminatur
1587 2048 1626 2078 ad
1642 2048 1774 2079 alteram

998 2103 1119 2140 partem
1137 2110 1191 2140 per
1207 2111 1250 2139 se,
1268 2102 1322 2132 sed
1345 2104 1439 2141 prout
1456 2102 1551 2132 habet
1569 2102 1724 2141 conjungi
1746 2104 1777 2132 et

999 2154 1105 2193 pertici
1126 2164 1167 2184 ex
1190 2154 1298 2185 altera.
1314 2154 1351 2185 Et
1364 2155 1435 2185 ideo
1451 2157 1533 2185 totus
1549 2156 1644 2185 1101110
1659 2155 1776 2186 dicitur

999 2210 1103 2246 natus,
1116 2209 1264 2248 quamvis
1279 2210 1405 2239 tantum
1423 2219 1463 2239 ex
1482 2209 1581 2239 altera
1603 2212 1691 2249 parte
1709 2211 1777 2240 tra-

998 2261 1152 2293 ducatur:
1170 2272 1233 2293 non
1248 2262 1335 2293 enim
1351 2262 1485 2293 intendit
1500 2263 1597 2293 homo
1621 2271 1776 2302 generare

999 2325 1141 2355 carnem,
1161 2317 1214 2347 sed
1239 2316 1413 2347 hominem.
1445 2316 1478 2347 Si
1504 2326 1581 2348 vero
1605 2316 1774 2357 quaeritur,

999 2379 1098 2410 quare
1114 2379 1177 2400 non
1192 2370 1308 2400 dicitur
1323 2371 1410 2401 exire
1427 2371 1459 2401 in
1475 2379 1541 2401 esse
1565 2379 1621 2411 per
1643 2369 1774 2401 creatio-

1000 2433 1086 2461 nem,
1124 2423 1205 2454 sicut
1234 2433 1291 2464 per
1325 2424 1576 2463 generationem,
1606 2423 1776 2454 dicendum

1000 2477 1085 2517 quod
1118 2477 1283 2516 generatio
1310 2487 1374 2508 non
1408 2477 1548 2508 excludit
1584 2477 1776 2507 creationem

1001 2531 1253 2571 p1·aeambulam;
1277 2531 1394 2562 creatio
1417 2540 1504 2569 verO,
1522 2539 1597 2561 cum
1612 2530 1652 2560 sit
1674 2539 1715 2561 ex
1730 2530 1777 2561 ni·

999 2584 1077 2622 hilo,
1100 2584 1196 2615 aliam
1218 2585 1359 2616 excludit
1381 2585 1634 2624 productionem,
1659 2593 1775 2615 secun·

1000 2639 1078 2671 dum
1094 2640 1180 2680 quod
1203 2639 1277 2672 dicit
1303 2639 1483 2680 proximam
1506 2640 1537 2669 et
1557 2638 1775 2670 immediatam

1001 2693 1200 2725 eductionem
1217 2695 1383 2725 creaturae.
