2017 2960
86 2087 192 2108 Fundam.

617 188 714 218 Disr.
738 187 816 218 xvi.
841 187 931 218 Arri:
956 170 980 217 ¹1

204 255 347 286 sionibus
361 254 511 294 eorporis,
527 254 697 285 dicendum
711 254 796 294 quod
811 253 900 293 {nihil
914 254 978 284 im-

205 309 290 349 pedit
303 308 387 348 quod
396 307 475 338 ratio
490 307 528 338 de
543 308 650 347 aliquo
666 308 825 347 gaudebat
840 309 876 338 ut
888 307 977 345 ratio,

205 366 235 393 et
261 361 464 392 contristetur
484 364 520 392 ut
534 364 658 400 natura,
674 371 732 402 pro
757 371 794 392 eo
820 361 906 401 qnod
922 360 980 391 ali-

205 416 282 456 quid
296 417 397 455 potest
414 424 596 455 repugnare
617 415 776 447 voluntati
804 414 980 446 secundum

204 470 379 510 appetitum
407 470 598 508 naturalem,
627 473 658 501 et
672 479 846 501 consonare
865 469 980 500 volun-

204 523 260 554 tati
271 523 446 554 secundum
459 524 632 563 appetitum
644 523 896 554 deliberativum.
910 522 981 553 Fre·

205 579 339 617 quenter
357 577 442 607 enim
459 576 621 607 voluntate
634 577 674 615 (a)
689 576 781 606 liberi
795 575 917 606 arbitrii
930 583 982 605 re-

205 630 349 670 fugimus
368 638 440 669 quae
469 632 585 659 natura
600 630 737 669 appetit,
755 632 785 659 et
803 629 982 668 appetimus

206 690 279 722 quae
294 684 408 712 natura
422 680 541 719 refugit
559 691 566 710 ε
582 681 627 710 sic
642 683 671 711 et
687 680 719 710 in
734 680 893 720 proposito
919 679 981 710 ha-

206 736 258 767 bet
267 735 414 774 intelligi.

247 791 275 820 5.
295 789 341 819 Ad
355 788 433 819 illud
446 787 532 828 quod
543 787 703 827 objicitur,
721 786 806 826 quod
823 795 896 816 cum
911 794 984 825 pas-

205 843 253 873 sio
268 842 396 881 attingit
423 841 591 878 rationem,
610 849 675 871 non
701 839 783 870 cadit
798 839 831 869 in
855 839 982 879 sapien-

205 898 281 934 tem,
307 895 478 926 dicendum
507 894 592 934 quod
622 894 776 924 rationem
799 893 912 932 attingi
927 901 983 932 per

206 949 338 979 modum
366 948 497 979 rationis
526 949 686 987 repugnat
723 946 905 986 perfectioni
933 955 982 976 sa-

207 1002 348 1042 pientiae3
370 1011 435 1032 non
449 1003 557 1032 autem
571 1000 685 1040 attingi
701 1009 757 1040 per
773 1000 904 1030 modum
919 1008 979 1030 na-

208 1057 288 1086 turae
306 1064 313 1086 :
330 1055 390 1086 hoc
405 1055 492 1086 enim
507 1057 551 1085 est
568 1054 654 1094 quod
665 1053 738 1084 facit
752 1053 919 1084 hominem
935 1062 984 1084 ca-

207 1108 280 1140 dere
295 1118 314 1139 a
328 1110 413 1139 statu
426 1110 457 1139 et
471 1107 661 1148 perfectione
687 1107 863 1146 sapientiae,
876 1107 986 1138 videli-

207 1165 256 1194 cet
270 1162 356 1202 quod
380 1163 450 1201 eJ'us
465 1161 545 1191 ratio
558 1160 646 1191 cedat
661 1163 691 1190 et
707 1160 891 1190 succ-unibat
913 1169 983 1199 pas-

206 1216 359 1254 sionibus,
378 1224 442 1245 non
458 1216 566 1245 autem
581 1213 667 1254 quod
683 1213 797 1243 sentiat
806 1213 984 1252 passiones;

206 1272 237 1301 et
249 1270 293 1299 ita
310 1269 374 1308 pati
391 1277 447 1308 per
461 1268 594 1299 modum
610 1269 733 1297 naturae
742 1276 807 1297 non
825 1267 928 1297 aufert
938 1276 986 1297 ra-

205 1323 325 1354 tionem
350 1321 574 1362 propassionis.
591 1320 685 1351 Aliud
703 1320 789 1350 enim
805 1323 851 1350 est
868 1320 986 1359 passio-

206 1386 281 1407 nem
308 1376 457 1416 experiri,
486 1375 570 1406 aliud
598 1385 616 1405 a
636 1375 838 1414 passionibus
860 1376 986 1414 pertur-

207 1430 275 1461 bari
290 1441 297 1461 z
314 1428 493 1470 perturbari
512 1428 610 1466 enim,
627 1430 673 1458 est
697 1428 821 1467 subjici.
841 1428 985 1467 Experiri

207 1485 315 1514 autem
326 1484 427 1523 potest
442 1481 558 1521 aliquis
571 1481 731 1521 passiones
742 1505 749 1517 ,
765 1484 796 1512 et
809 1482 854 1512 eis
871 1490 986 1521 super-

206 1536 282 1568 ferri
297 1547 304 1567 :
321 1538 351 1567 et
373 1536 417 1566 sic
441 1535 501 1572 suit
520 1535 552 1565 in
578 1535 685 1565 anima
701 1535 827 1572 Christi,
849 1544 923 1575 quae
936 1544 987 1566 se-

206 1591 349 1622 cundum
363 1590 519 1621 rationem
535 1597 601 1619 non
611 1590 737 1619 tantum
746 1588 909 1628 passiones
919 1598 987 1620 cor-

207 1644 292 1685 poris
320 1643 543 1684 experiebatur
568 1642 675 1673 dolore
703 1643 899 1680 acutissimo,
931 1643 985 1674 sed

207 1698 382 1730 seeundum
408 1697 565 1728 rationem
594 1696 834 1726 deliberativam
862 1696 986 1735 passio-

206 1751 301 1783 nibus
320 1750 461 1791 corporis
485 1749 743 1789 superferebatur
773 1749 892 1788 gaudio
916 1751 986 1780 vir-

207 1809 308 1837 tuoso.

457 1873 664 1912 QUAESTIO
684 1872 727 1903 11.

211 1950 255 1977 An
267 1951 361 1976 anima
375 1949 476 1976 Christi
480 1955 564 1983 passa
579 1947 664 1981 fuerit
674 1947 816 1974 secundum
825 1948 987 1982 superiorem

499 1993 650 2028 portionem
666 1991 685 2018 ¹.

249 2074 364 2106 Utrum
380 2073 487 2104 anima
510 2072 625 2104 Christi
641 2081 733 2112 passa
756 2071 851 2102 fuerit
867 2080 984 2102 secun-

207 2130 285 2161 dum
295 2127 491 2168 superiorem
506 2126 686 2167 p01tionem
696 2125 827 2156 rationis
839 2136 846 2163 3
859 2127 889 2156 et
899 2125 985 2165 quod

206 2183 260 2221 sic,
276 2181 413 2213 vide-tur.
426 2180 568 2211 Christus
579 2179 749 2220 assumpsit
762 2181 864 2210 totum
876 2179 986 2210 homi-

206 2245 293 2274 nem,
308 2237 345 2266 ut
359 2236 463 2265 totum
477 2236 604 2265 curaret
619 2245 625 2264 :
646 2233 701 2264 sed
713 2235 800 2264 *totos
817 2242 875 2264 nos
889 2242 981 2263 cura-

208 2290 264 2328 vit,
281 2291 311 2320 et
339 2290 498 2328 quantum
521 2287 562 2318 ad
587 2287 789 2327 superiorem
806 2286 985 2326 portionem

207 2342 350 2381 rationis,
368 2344 398 2373 et
423 2343 583 2382 quantum
604 2341 643 2372 ad
662 2340 857 2378 inferiorem,
874 2343 905 2371 et
926 2340 987 2372 hoc

208 2396 338 2436 quidem
364 2404 421 2436 per
448 2394 628 2435 passionem
656 2403 664 2424 z
693 2403 773 2433 ergo
803 2403 914 2434 passus
938 2396 986 2425 est

209 2451 366 2489 quantum
379 2447 418 2480 ad
432 2457 561 2479 omnem
576 2449 700 2488 partem
711 2447 853 2478 rationis

250 2500 340 2540 Item,
354 2501 411 2533 ubi
424 2503 472 2532 est
485 2501 589 2542 eulpa,
607 2501 652 2532 ibi
666 2501 758 2532 dehet
773 2509 841 2532 esse
865 2509 959 2540 poena
977 2511 984 2532 ε

242 2599 301 2630 'Cfi
318 2600 344 2624 S.
360 2599 461 2628 Thom.‚
474 2606 500 2630 p.
517 2599 560 2627 111,
572 2606 596 2629 q.
616 2605 686 2630 vat,
702 2602 750 2623 art.
766 2601 796 2629 Ἲς
820 2601 844 2623 et
861 2600 891 2622 111
906 2600 985 2627 szt„

212 2636 269 2660 dist.
282 2642 324 2666 xv,
339 2643 363 2666 q.
381 2641 408 2665 ιι,
421 2637 468 2659 art.
482 2637 509 2665 ⁴5
530 2635 598 2659 etde
618 2636 704 2664 rvr-it„
721 2643 746 2667 q.
767 2639 899 2666 xxvi,:1r1.
919 2638 948 2665 3;
961 2636 985 2659 et

219 2671 288 2701 Quol.
311 2677 355 2701 vn,
381 2672 428 2695 art.
447 2671 473 2701 ¹3
489 2671 593 2699 Scotus,
611 2671 641 2695 111
663 2671 741 2699 8ειιί.,
759 2672 817 2695 disi.
833 2677 874 2695 xxi
888 2690 894 2701 ‚
917 2678 941 2702 ¹1-
958 2677 983 2701 1;

988 211 994 217 .
1019 186 1170 224 QUAEST.
1196 187 1234 218 11.

1752 188 1810 217 359

1036 253 1089 284 sed
1102 253 1194 294 culpa
1210 254 1288 285 Adae
1301 253 1361 285 fuit
1375 253 1408 284 in
1423 252 1582 293 superiori
1605 255 1693 292 parte
1717 253 1812 283 ratio-

1035 307 1084 337 nis
1099 309 1228 347 propter
1242 307 1434 347 completam
1447 306 1649 337 aversionem
1668 317 1675 336 :
1692 306 1719 336 si
1733 315 1812 346 ergo

1035 360 1178 392 Christus
1205 370 1333 401 poenam
1358 360 1509 391 sustinuit
1533 369 1591 399 pro
1615 359 1708 400 culpa
1722 359 1811 396 Adae,

1035 423 1114 453 ergo
1132 423 1258 454 poenam
1274 414 1372 446 sensit
1386 414 1421 445 in
1433 413 1589 454 superiori
1604 416 1693 454 parte
1714 413 1813 444 ratio-

1037 467 1098 498 nis.

1077 520 1155 550 Item
1178 520 1250 559 plus
1270 520 1420 559 jungitur
1451 520 1531 551 ratio
1560 520 1706 559 superior
1732 520 1813 550 inse-

1036 573 1131 608 riori,
1153 581 1251 612 quam
1276 573 1433 612 jungatur
1450 573 1580 604 inferior
1594 573 1787 604 sensualitati
1805 584 1812 603 z

1037 626 1091 657 sed
1110 626 1190 657 ratio
1209 626 1340 657 inferior
1360 626 1493 666 patitur,
1521 626 1658 666 patiente
1684 635 1815 657 sensua-

1036 679 1123 710 litate
1141 690 1147 711 :
1165 688 1243 720 ergo
1260 680 1342 710 ratio
1357 679 1503 719 superior
1525 679 1662 720 patitur,
1678 679 1816 719 patiente

1038 733 1193 765 inferiori.

1078 787 1177 824 Item,
1204 787 1286 818 ratio
1312 787 1456 827 superior
1479 786 1633 818 unionem
1660 787 1756 818 habet
1778 788 1815 817 ad

1038 841 1198 879 deitatem,
1213 843 1244 872 et
1258 841 1411 872 unionem
1426 841 1522 871 habet
1532 841 1571 871 ad
1588 849 1718 871 earnem
1738 852 1744 871 :
1762 841 1815 871 secl

1039 897 1167 935 propter
1191 895 1344 926 unionem
1367 894 1417 926 sui
1441 894 1478 924 ad
1505 894 1653 925 deitatem
1667 918 1675 932 ,
1696 894 1728 924 in
1755 904 1818 934 qua

1039 951 1084 979 est
1101 949 1360 989 promptuarium
1376 948 1606 985 delectationis,
1622 956 1747 978 necesse
1773 951 1818 977 ost

1040 1011 1111 1033 eam
1142 1002 1289 1033 delectari
1314 1012 1320 1033 ε
1344 1010 1444 1041 ergo,
1470 1001 1538 1041 pari
1571 1001 1692 1031 ratione
1709 1025 1717 1040 ,
1744 1011 1817 1041 pro-

1040 1059 1109 1096 pter
1132 1056 1284 1087 unionem
1305 1056 1409 1087 suiad
1425 1065 1554 1086 earnem
1573 1055 1744 1095 patientem
1761 1065 1818 1085 nt·-

1040 1119 1124 1141 cesse
1138 1110 1198 1141 fuit
1212 1119 1282 1141 eam
1298 1110 1374 1150 pati.

1081 1163 1140 1194 Sed
1161 1165 1270 1193 contra
1287 1173 1294 1194 :
1315 1166 1341 1193 1.
1366 1161 1485 1193 Paulus
1508 1163 1541 1193 in
1561 1165 1671 1203 raptu,
1689 1165 1817 1203 propter

1040 1216 1168 1257 plenam
1197 1216 1439 1246 conversionem
1465 1216 1600 1246 rationis
1627 1216 1667 1246 ad
1694 1216 1814 1253 Deum,

1041 1270 1218 1300 abstractus
1240 1269 1299 1299 fuit
1314 1269 1445 1300 omnino
1466 1278 1485 1299 a
1500 1269 1700 1309 passionibus
1716 1272 1745 1300 et
1761 1270 1817 1300 de-

1041 1323 1264 1354 lectationibus
1281 1322 1403 1362 carnis,
1427 1323 1507 1354 sieut
1522 1323 1589 1362 ipse
1604 1323 1678 1353 dicit
1691 1322 1701 1337 ²
1718 1332 1725 1352 ι
1742 1323 1820 1355 Nes-

1041 1378 1089 1409 cio
1108 1380 1215 1409 utrum
1233 1377 1269 1408 τη
1284 1384 1423 1416 corpore,
1441 1385 1484 1408 αη
1503 1380 1601 1408 extra
1615 1384 1750 1417 corpus:
1765 1377 1819 1408 sed

1042 1431 1187 1471 superior
1208 1430 1310 1470 portio
1331 1429 1461 1460 rationis
1479 1430 1514 1461 in
1541 1430 1663 1461 Christo
1687 1431 1818 1462 omnino

1041 1486 1101 1517 fuit
1124 1485 1164 1516 ad
1185 1485 1286 1516 Deum
1303 1493 1456 1515 conversa
1475 1494 1481 1514 :
1499 1492 1577 1523 ergo
1591 1483 1719 1514 videtur
1733 1483 1819 1523 quod

1040 1540 1123 1572 nihil
1138 1540 1176 1570 de
1191 1538 1362 1570 afflictione
1373 1538 1476 1569 carnis
1490 1537 1655 1568 sentiebat.

1082 1596 1111 1624 9..
1129 1593 1220 1631 Item,
1239 1591 1396 1624 contraria
1410 1600 1476 1622 non
1491 1592 1626 1632 possunt
1639 1591 1736 1621 simul
1751 1599 1820 1622 esse

1041 1648 1074 1677 in
1088 1647 1211 1685 eodem,
1228 1648 1258 1677 et
1271 1645 1450 1676 secundum
1466 1645 1550 1676 idem
1564 1644 1636 1676 :sed
1648 1644 1816 1684 gaudium,

1041 1703 1071 1732 et
1086 1700 1188 1738 dolor,
1204 1701 1278 1730 sunt
1295 1699 1478 1730 affectiones
1492 1698 1659 1729 contrariae
1674 1709 1681 1729 ε
1699 1707 1778 1738 ergo
1793 1699 1819 1728 si

1042 1754 1185 1787 Christus
1205 1753 1381 1784 seeundum
1403 1752 1582 1792 portionem
1606 1751 1738 1782 rationis
1763 1761 1819 1782 su-

1040 1808 1198 1849 periorem
1222 1806 1372 1837 continue
1394 1806 1564 1845 gaudebat,
1591 1814 1669 1845 ergo
1693 1805 1820 1836 videtur

1017 1893 1021 1896 ,
1041 1862 1127 1902 quod
1140 1861 1317 1892 secundum
1330 1860 1418 1890 illam
1431 1859 1571 1890 dolorem
1586 1868 1652 1890 non
1668 1859 1818 1899 experie-

1041 1917 1148 1953 batur,
1164 1924 1222 1946 nec
1235 1914 1401 1945 sentiebat.

1082 1972 1111 2001 3.
1129 1969 1207 2000 Item
1220 1993 1228 2008 ,
1247 1968 1350 1999 albius
1365 1969 1411 1999 est
1425 1967 1510 2008 quod
1527 1968 1574 1998 est
1588 1966 1682 2005 nigro
1698 1966 1819 2006 imper-

1042 2023 1196 2055 mixtius³
1211 2033 1218 2054 ε
1236 2031 1314 2062 ergo
1328 2021 1385 2053 ubi
1404 2022 1451 2052 est
1464 2029 1630 2051 summum
1646 2019 1816 2059 gaudium,

1040 2078 1084 2109 ibi
1106 2077 1215 2108 nullus
1237 2078 1284 2107 est
1302 2075 1392 2107 dolor
1408 2086 1415 2105 :
1433 2074 1488 2105 sed
1505 2074 1539 2104 in
1557 2073 1714 2114 superiori
1731 2075 1819 2112 parte

1041 2131 1174 2163 rationis
1201 2128 1316 2160 Christi
1342 2136 1509 2159 summum
1540 2126 1699 2167 gaudium
1727 2127 1793 2156 erat
1809 2150 1818 2163 ‚

1041 2185 1117 2226 quia
1140 2182 1366 2225 perfectissime
1388 2181 1490 2212 Deum
1505 2179 1791 2221 comprehendebat
1810 2189 1816 2209 :

1041 2247 1119 2278 ergo
1133 2237 1262 2269 videtur
1275 2235 1362 2279 quod
1376 2234 1457 2266 nihil
1472 2233 1511 2265 de
1525 2233 1632 2265 dolore
1642 2232 1818 2264 seeundum

1040 2292 1129 2323 illam
1143 2293 1268 2331 partem
1281 2288 1445 2321 sentiebat.

1081 2348 1111 2377 4.
1129 2345 1207 2377 item
1220 2368 1229 2384 ,
1246 2344 1328 2375 sicut
1340 2343 1433 2383 culpa
1446 2341 1618 2382 opponitur
1634 2339 1759 2380 gratiae,
1775 2339 1819 2371 ita

1041 2399 1204 2431 beatitudo
1218 2397 1391 2438 opponitur
1407 2395 1546 2427 miseriae
1562 2405 1568 2426 :
1586 2394 1640 2425 sed
1650 2393 1743 2434 culpa
1753 2402 1820 2424 non

1042 2454 1144 2494 potest
1169 2454 1251 2483 stare
1273 2451 1308 2482 in
1329 2450 1439 2482 eodem
1452 2473 1460 2488 ‚
1476 2450 1507 2480 et
1522 2447 1697 2479 secundum
1722 2447 1818 2485 idem,

1041 2507 1138 2537 simul
1166 2515 1240 2537 eum
1263 2504 1368 2544 gratia
1391 2514 1398 2534 :
1423 2511 1502 2542 ergo
1525 2510 1584 2532 nec
1605 2499 1768 2531 beatitudo
1791 2501 1822 2531 et

1042 2592 1301 2622 litchard.‚1nSent.‚
1313 2591 1370 2614 dist.
1382 2592 1479 2620 xv‚art.
1492 2589 1514 2618 4,
1527 2595 1551 2618 «Ι.
1567 2594 1589 2617 ῐ;
1608 2587 1696 2617 Stepli.
1716 2587 1821 2617 liruler„

1043 2633 1161 2660 lllSe11!.‚
1174 2631 1231 2654 dist.
1243 2635 1307 2659 xxm,
1319 2635 1344 2659 q.
1357 2634 1382 2650 v,
1396 2639 1425 2644 -
1436 2627 1447 2642 ²
1461 2627 1478 2649 11
1497 2625 1566 2653 σωκ,
1582 2631 1629 2653 xii,
1646 2624 1723 2648 2.-³
1735 2624 1821 2654 Arist„

1044 2669 1109 2700 Top„
1123 2668 1165 2692 lili.
1183 2667 1224 2693 111,
1239 2673 1261 2689 c.
1275 2671 1310 2694 ιν,
1324 2663 1373 2687 loc,
1390 2665 1411 2686 ¹¹1.
1426 2676 1449 2678 -
1464 2662 1495 2690 (τι)
1508 2661 1549 2685 ΑΙ.
1564 2660 1697 2685 voluntati.

1837 1166 1870 1186 Ad
1883 1172 1937 1193 opp.
