2017 2960
854 136 1045 169 DISTINCT.
1068 138 1119 169 Vl.

157 207 243 237 nitus
260 207 372 245 Patris,
389 215 484 246 quem
501 205 575 236 dicit
590 205 730 237 Hilarius
743 214 810 236 esse
830 204 934 235 filium

157 261 292 300 origine,
309 261 419 291 contra
432 259 455 290 F
458 260 580 290 otinum
595 260 633 299 (al
646 271 653 297 3
667 260 809 295 veritate,
826 260 935 289 contra

158 313 344 350 Sabellium3
363 313 539 350 nativitate,
555 315 663 343 contra
679 313 809 343 Arrium
828 312 861 351 kb]
883 323 888 342 :
905 313 935 342 et

157 367 217 397 hoc
233 367 264 396 in
280 366 382 406 primo
396 366 478 397 libro
498 367 559 397 fuit
582 367 774 407 expositum.
792 366 855 397 Aut
877 375 934 405 po-

157 422 216 451 test
230 429 295 450 esse
313 420 353 450 ab
368 420 429 451 alio
444 420 477 450 in
495 420 676 452 diversitate
694 420 890 458 substantiae,
905 422 936 450 et

157 474 217 504 1100
232 475 332 513 potest
343 483 409 504 esse
420 474 584 514 tripliciter
594 474 770 505 secundum
780 474 935 513 triplicem

157 526 289 557 modum
309 526 548 557 conformitatis·
566 528 630 557 Aut
647 527 733 557 enini
756 527 935 556 conforma-

157 582 210 610 tur
221 582 379 620 quantum
388 580 426 610 ad
438 581 594 611 rationem
604 580 754 619 imaginis
767 579 934 618 naturalis,

158 633 244 664 etsie
260 636 306 664 est
325 633 412 664 filius
435 634 613 672 creatione,
639 636 694 664 aut
717 635 875 673 quantum
897 633 936 663 ad

158 687 314 718 rationem
330 687 481 726 imaginis
504 689 534 718 et
553 687 782 726 similitudinis,
799 696 873 727 quae
889 690 937 718 at·-

159 741 298 772 tenditur
314 741 346 771 in
361 741 466 780 gratia
490 743 520 771 et
539 741 630 771 donis
651 741 812 780 gratuitis,
839 743 870 772 et
894 742 937 771 510

159 797 205 825 051
223 795 306 825 tilius
321 804 376 835 per
399 794 619 835 ailoptioneun
646 797 701 825 aut
721 795 938 826 conformatur

159 848 194 878 in
206 850 321 878 natura
334 848 501 887 imaginis,
528 848 580 878 sed
602 848 759 879 discordat
775 858 830 888 per
846 849 936 879 deor-

160 901 354 932 dinationem
371 901 558 939 voluntatis,
575 902 656 932 51(·111
671 902 769 932 1101110
782 904 937 942 peccator,

161 956 191 985 et
204 955 247 985 510
263 957 309 986 051
326 955 412 985 filius
426 956 676 995 nuncupatione.
694 955 741 985 Ex
763 955 812 985 his
832 958 939 995 patent

163 1008 349 1039 differentiae
376 1008 538 1039 filiationis
566 1020 572 1039 z
596 1011 702 1049 patent
732 1009 941 1040 nihilominus

162 1063 260 1093 verba
274 1062 434 1102 praedictae
449 1063 668 1101 distinctionis,
695 1063 777 1103 quod
802 1072 867 1093 non
891 1064 940 1094 in-

163 1115 338 1153 culcantur,
357 1115 409 1145 sed
426 1115 516 1145 valde
532 1115 762 1146 rationabiliter
777 1116 938 1146 dicuntur.

164 1169 253 1200 Patet
265 1169 359 1200 etiam
377 1169 539 1209 responsio
553 1170 590 1199 ad
608 1170 730 1209 objecta
751 1181 757 1200 z
776 1179 839 1200 non
855 1171 942 1200 enim

162 1222 229 1253 sine
248 1232 343 1253 causa
366 1223 516 1254 dicuntur
540 1223 592 1253 illa
618 1223 679 1253 tria
708 1223 873 1253 vocabula.
904 1223 942 1254 Et

163 1276 312 1315 quamvis
326 1286 384 1316 pro
408 1277 520 1307 eodem
543 1277 642 1317 accipi
668 1276 766 1317 possit
785 1277 887 1316 origo,
912 1280 942 1308 et

163 1329 332 1368 nativitas3
350 1339 416 1361 non
432 1333 541 1361 tamen
556 1331 675 1361 frustra
694 1330 824 1370 ponitur
838 1340 941 1361 unum

164 1392 237 1413 cum
259 1383 369 1422 altero,
396 1384 457 1415 hoc
482 1384 566 1415 enin]
591 1387 636 1415 est
662 1387 791 1425 propter
805 1385 943 1416 haereses

164 1437 335 1468 elidendae.

205 1490 253 1521 Ad
269 1490 348 1521 illud
363 1491 449 1530 quod
463 1491 626 1531 objicitur,
643 1492 728 1532 quod
742 1492 847 1523 omnis
859 1492 944 1522 filius

165 1547 220 1576 aut
233 1547 279 1575 est
289 1545 374 1576 filius
389 1555 445 1585 per
458 1548 641 1585 unaturam,
655 1549 710 1577 aut
726 1556 781 1586 per
792 1547 941 1586 gratiam,

165 1598 335 1629 (licendum
351 1599 436 1639 quod
460 1600 577 1631 falsum
601 1603 658 1638 est,
676 1600 739 1630 nisi
755 1601 944 1631 extendatur

165 1662 285 1683 nomen
307 1655 443 1691 naturae,
461 1656 491 1684 et
506 1654 631 1693 gratIae,
649 1654 687 1684 ad
704 1654 782 1684 illud
798 1654 883 1694 quod
898 1656 945 1685 est

165 1717 205 1739 ex
231 1718 319 1739 mera
342 1708 396 1739 Dei
417 1709 649 1748 benevolentia,
667 1712 697 1740 et
712 1710 751 1740 ad
766 1709 844 1740 illud
858 1710 943 1749 quod

165 1761 260 1793 habet
274 1763 346 1803 quis
364 1763 404 1793 ab
419 1763 555 1803 origine.
575 1763 613 1794 Et
627 1763 687 1794 1100
703 1764 834 1803 quidem
849 1764 944 1795 modo

165 1815 276 1847 filiatio
301 1826 357 1857 per
382 1817 575 1848 creationem
596 1819 700 1857 potest
725 1817 785 1848 dici
804 1818 944 1858 quodam

166 1870 261 1901 modo
282 1879 348 1901 esse
365 1879 422 1910 per
442 1873 606 1908 naturam,
624 1870 763 1910 quodam
780 1871 873 1902 modo
889 1881 945 1912 per

167 1923 321 1963 gratiam3
339 1924 391 1954 sed
405 1933 469 1954 non
480 1924 623 1964 sequitur
637 1927 766 1964 propter
776 1924 847 1962 hoc,
860 1925 944 1965 quod

167 1977 237 2007 talis
258 1977 298 2007 sit
312 1977 398 2008 filius
412 1977 592 2017 adoptivus,
611 1977 661 2008 vel
677 1978 843 2010 naturalis.

207 2030 256 2061 Ad
270 2029 348 2061 illud
362 2031 453 2071 >quod
471 2031 628 2071 quaeritur
657 2031 695 2061 de
716 2031 867 2063 filiatione
890 2042 946 2072 per

167 2084 440 2123 nuncupationem
451 2109 459 2122 ,
482 2084 654 2115 dicendum
670 2085 755 2124 quod
769 2085 821 2116 ille
835 2085 880 2116 510
895 2086 946 2116 (11-

167 2137 251 2168 citur
271 2138 357 2168 filius
370 2161 377 2175 ,
394 2137 451 2178 qui
473 2138 569 2169 habet
584 2147 640 2178 per
655 2140 806 2169 naturam
821 2140 945 2171 confor-

169 2191 313 2222 mitatem
328 2191 364 2231 (cl
381 2191 550 2231 imaginis,
567 2191 620 2222 sed
636 2191 875 2224 difformitatem
890 2202 947 2234 per

169 2244 296 2285 cuipam
314 2256 321 2276 :
338 2247 368 2276 et
382 2245 463 2283 hoc,
480 2245 624 2285 inquam,
642 2246 736 2277 modo
751 2248 947 2287 nuncupatio

169 2297 228 2329 ista
241 2298 380 2338 quodam
394 2298 488 2329 modo
503 2299 598 2329 habet
610 2299 790 2337 veritatem,
807 2301 947 2340 quodam

170 2352 264 2382 modo
275 2361 339 2383 non
350 2363 356 2383 :
369 2352 444 2392 quia
456 2352 596 2392 quodam
606 2352 701 2384 modo
711 2355 758 2383 est
768 2353 864 2392 1111115,
873 2364 948 2395 quo-

171 2402 244 2433 dam
258 2403 350 2435 modo
361 2406 407 2434 est
423 2403 635 2435 adversarius.
649 2403 688 2434 Et
702 2404 773 2435 ideo
783 2405 848 2436 sola
862 2415 947 2437 nun-

173 2456 339 2496 cupatione
354 2456 470 2488 dieitur
480 2456 578 2494 filius,
595 2457 676 2487 510111
691 2457 855 2489 Abraham
870 2460 949 2491 dixit

172 2507 212 2538 ad
225 2508 355 2539 divitem
369 2509 592 2541 damnatum¹:
609 2510 796 2550 Recordare,
810 2512 871 2551 fili,
888 2515 947 2544 etc.

206 2587 238 2616 (a)
253 2584 294 2609 Δί.
307 2586 453 2611 Photinum.
463 2587 535 2618 —(b)
548 2587 646 2612 Arium.
655 2588 724 2619 —(c)
737 2588 949 2615 Conformitatem

173 2623 301 2646 naturam.

340 2675 415 2698 Tou.
436 2676 482 2699 lv.

1710 147 1769 176 225

1032 206 1079 236 Ad
1105 205 1185 236 illud
1208 206 1293 246 quod
1318 206 1431 238 ultimo
1459 207 1624 248 objicitur,
1642 213 1728 251 quod
1743 213 1769 243 51

990 261 1079 298 pater
1100 262 1146 290 est
1168 269 1223 299 per
1248 260 1461 299 creationem,
1479 261 1570 293 debet
1593 263 1654 294 dici
1681 268 1769 304 pater

991 312 1185 351 bestiarum,
1210 313 1381 344 dicendum
1404 315 1489 354 quod
1511 325 1575 346 non
1598 317 1768 356 sequitur:

991 365 1067 404 quia
1089 375 1153 396 non
1179 376 1394 407 quaecumque
1410 369 1526 399 creatio
1541 369 1614 400 facit
1628 371 1769 411 aliquem

991 419 1050 449 dici
1066 419 1186 457 filiuni,
1205 421 1258 451 sed
1272 421 1387 452 creatio
1400 421 1464 460 illa,
1481 422 1515 453 in
1532 432 1595 463 qua
1610 424 1771 455 confertur

991 472 1117 511 insigne
1132 473 1249 504 divinae
1266 474 1430 513 imaginis,
1442 485 1605 516 perquam
1620 477 1770 517 contigu-

991 528 1081 556 ratur
1096 526 1193 556 homo
1213 526 1288 565 Deo,
1306 530 1336 558 et
1351 528 1483 560 idoneus
1501 530 1638 561 efficitur
1652 531 1691 561 ad
1710 531 1771 562 hoc

992 579 1076 618 quod
1091 579 1130 610 sit
1146 579 1232 610 filius
1247 580 1426 621 adoptivus.

1313 681 1381 703 DUB.
1405 682 1437 704 V.

1010 736 1057 760 Per
1067 736 1232 767 adoptionem
1245 744 1293 761 1105
1304 737 1347 761 filii
1363 738 1480 770 dicimur,
1497 738 1537 763 ille
1555 746 1601 770 per
1623 740 1756 765 veritatem

1301 775 1400 798 naturae
1413 776 1460 798 051.

1036 842 1150 873 Contra
1178 854 1184 873 z
1214 843 1294 874 Cum
1320 844 1439 875 factum
1462 853 1518 884 per
1538 845 1716 885 veritatem,
1742 849 1773 877 et

995 896 1116 927 dictum
1130 906 1186 937 per
1203 897 1446 929 similitudinem
1461 908 1526 929 non
1543 899 1771 940 univocentur,

995 950 1049 981 sed
1065 951 1317 990 aequivocentur,
1335 952 1416 983 sicut
1428 952 1526 984 1101110
1541 953 1654 994 pictus,
1671 956 1702 985 et
1717 955 1772 985 ho-

995 1013 1049 1034 mo
1064 1013 1161 1035 verus
1177 1004 1210 1034 in
1224 1005 1356 1036 homine
1369 1030 1376 1044 ,
1394 1008 1471 1037 tune
1489 1007 1598 1038 filiatio
1617 1008 1708 1038 nohis
1719 1032 1726 1045 ,
1743 1010 1774 1039 et

996 1057 1119 1088 Christo
1144 1059 1293 1099 competit
1317 1060 1492 1100 aequivoce.
1518 1061 1555 1092 Et
1577 1062 1637 1093 11οο
1666 1062 1774 1102 ipsum

996 1111 1123 1142 videtur
1136 1113 1319 1143 confirmari
1335 1123 1391 1153 per
1405 1114 1495 1153 illud,
1511 1115 1597 1154 quod
1614 1115 1730 1146 dicitur
1746 1117 1771 1146 ²:

997 1164 1177 1196 Ascendam
1193 1166 1236 1197 acl
1251 1168 1377 1198 Patrem
1389 1175 1501 1205 meum,
1518 1171 1547 1200 ec
1563 1168 1691 1200 Patrem
1705 1177 1773 1201 ves-

998 1222 1093 1250 trum.
1111 1218 1284 1259 Gregorius
1299 1220 1343 1250 ibi
1354 1221 1364 1237 ³
1382 1229 1389 1251 :
1409 1232 1422 1250 ε(
1439 1221 1538 1252 Aliter
1550 1230 1665 1260 mewa,
1682 1222 1777 1253 01311-

997 1276 1045 1304 ter
1070 1277 1223 1306 vestrum.
1252 1286 1266 1303 »
1294 1275 1355 1306 Sed
1379 1278 1488 1307 contra
1514 1276 1574 1307 1100
1601 1279 1668 1315 est,
1691 1278 1777 1318 quod

998 1329 1140 1361 Christus
1155 1330 1270 1361 dicitur
1286 1331 1383 1362 frater
1398 1334 1506 1362 noster
1523 1343 1529 1363 ;
1546 1332 1600 1363 sed
1613 1342 1678 1364 non
1693 1333 1779 1364 dice-

998 1385 1088 1414 retur
1113 1393 1154 1414 ex
1178 1383 1239 1414 1100
1265 1384 1381 1422 frater,
1398 1385 1424 1414 si
1446 1385 1611 1425 aequivoce
1635 1395 1778 1417 essemus

998 1437 1056 1467 filii
1073 1446 1080 1468 :
1098 1446 1187 1477 ergo,
1205 1439 1264 1468 etc.
1289 1437 1369 1468 Item
1383 1462 1390 1476 ,
1405 1447 1480 1469 cum
1501 1438 1617 1470 dicitur
1635 1450 1641 1470 :
1664 1451 1677 1468 α
1694 1439 1778 1470 Deus

999 1493 1044 1521 est
1062 1490 1152 1521 Pater
1168 1490 1294 1529 Christi,
1313 1502 1327 1519 n
1345 1492 1398 1523 vel
1417 1504 1431 1521 «
1447 1491 1540 1523 Pater
1554 1494 1673 1531 noster,
1690 1503 1704 1520 »
1723 1495 1778 1524 aut

998 1545 1109 1576 eadem
1124 1545 1322 1585 paternitate,
1339 1548 1394 1576 aut
1404 1546 1466 1576 alia
1481 1557 1488 1576 :
1507 1546 1532 1576 51
1546 1546 1668 1585 eadem,
1685 1555 1777 1586 ergo,

999 1598 1025 1629 51
1038 1599 1210 1638 paternitas
1226 1598 1341 1629 dicitur
1351 1598 1565 1637 uniformiter,
1576 1599 1645 1639 pari
1655 1599 1778 1630 ratione

999 1656 1029 1683 et
1053 1652 1182 1691 filiati03
1209 1653 1236 1683 si
1259 1653 1340 1692 alia,
1357 1662 1436 1693 ergo
1459 1653 1493 1683 in
1517 1662 1652 1693 persona
1676 1653 1778 1684 Patris

999 1708 1074 1736 sunt
1088 1705 1160 1736 duae
1174 1706 1378 1746 paternitates
1390 1731 1398 1745 ,
1415 1706 1501 1746 quod
1521 1706 1706 1746 simpliciter
1720 1706 1778 1737 ah-

999 1760 1134 1791 surdum
1150 1762 1207 1791 051.

1039 1813 1134 1853 Resp.
1151 1813 1327 1844 Dicendum
1340 1824 1347 1845 ε
1360 1813 1423 1845 Nos
1433 1817 1464 1844 et
1480 1813 1623 1844 Christus
1639 1813 1778 1844 dicimur

999 1867 1058 1897 filii
1081 1867 1156 1904 Dei,
1173 1876 1231 1898 nec
1254 1867 1385 1898 0111111110
1407 1867 1554 1905 univoce,
1571 1875 1631 1897 nec
1645 1866 1779 1897 omnino

1000 1921 1165 1961 aequivoce
1178 1930 1261 1952 :non
1272 1921 1421 1960 univoce,
1436 1920 1512 1961 quia
1528 1929 1595 1951 una
1610 1922 1657 1951 est
1669 1920 1779 1951 filiatio

999 1974 1184 2014 temporalis
1217 1976 1247 2005 et
1281 1973 1422 2013 gratuita
1438 1997 1446 2012 ,
1471 1973 1533 2004 alia
1559 1973 1714 2004 naturalis
1750 1976 1781 2004 01

1001 2030 1140 2065 aeterna3
1165 2037 1231 2058 non
1254 2027 1421 2067 aequivoce
1436 2051 1444 2065 ,
1461 2026 1538 2067 quja
1551 2027 1710 2058 mediante
1726 2026 1781 2058 illa

1000 2081 1164 2118 filiatione,
1181 2090 1238 2121 per
1247 2080 1533 2112 conformationem
1543 2080 1583 2112 ad
1595 2080 1683 2111 illam
1694 2080 1778 2120 Filii,

1001 2135 1159 2166 efficimur
1172 2134 1324 2175 adoptivi.
1342 2133 1431 2165 Sicut
1444 2133 1531 2165 enim
1541 2143 1560 2165 a
1571 2133 1663 2165 Patre
1675 2134 1780 2165 omnis

1002 2189 1173 2229 paternitas
1187 2189 1221 2219 in
1236 2188 1314 2219 coelo
1330 2190 1360 2219 et
1374 2188 1408 2218 in
1421 2190 1507 2219 terra
1520 2187 1718 2226 nominatur,
1737 2188 1780 2219 sic

1003 2252 1022 2273 a
1036 2242 1115 2273 Filio
1130 2242 1236 2273 omnis
1258 2241 1380 2273 filiatio.
1399 2240 1552 2273 Similiter
1571 2241 1598 2272 si
1616 2243 1781 2282 quaeratur

1002 2298 1114 2327 utrum
1128 2295 1332 2327 uniformiter
1352 2295 1476 2326 dicatur
1498 2295 1580 2326 Deus
1597 2295 1693 2328 Pater
1707 2303 1781 2327 nos-

1004 2354 1061 2388 ter,
1090 2352 1121 2380 01
1140 2349 1237 2389 Filii,
1264 2348 1435 2380 dicendum
1458 2348 1546 2389 quod
1567 2358 1626 2380 nec
1648 2349 1781 2380 omnino

1004 2403 1207 2434 uniformiter
1219 2427 1227 2441 ,
1252 2412 1312 2434 nec
1329 2402 1462 2434 omnino
1484 2402 1691 2440 difformiter;
1706 2402 1782 2442 quia

1004 2455 1098 2487 Pater
1112 2456 1231 2487 dicitur
1240 2455 1313 2487 Filii
1322 2456 1511 2497 paternitate
1522 2455 1664 2487 aeternali
1672 2457 1704 2487 et
1712 2464 1783 2496 per-

1005 2510 1124 2549 sonali3
1150 2512 1239 2550 pater
1260 2519 1337 2542 vero
1351 2512 1460 2542 noster
1474 2518 1515 2541 ex
1529 2512 1672 2550 tempore
1685 2510 1717 2540 et
1731 2517 1783 2540 es-

1040 2592 1119 2620 mue„
1129 2597 1183 2623 ΧΠ,
1193 2592 1375 2622 25.—¹.loan.,
1383 2597 1426 2621 xit,
1439 2591 1475 2616 17.
1484 2591 1533 2609 —⁸
1542 2592 1627 2622 Greg..
1640 2591 1665 2614 in
1673 2591 1782 2622 Evanq„

1006 2628 1077 2652 hom.
1089 2633 1149 2652 xxv.

1664 2673 1705 2705 15
