<?xml version="1.0" encoding="UTF-8"?>
<!DOCTYPE html PUBLIC "-//W3C//DTD XHTML 1.0 Transitional//EN"
    "http://www.w3.org/TR/xhtml1/DTD/xhtml1-transitional.dtd">
<html xmlns="http://www.w3.org/1999/xhtml" xml:lang="en" lang="en">
 <head>
  <title>
</title>
<meta http-equiv="Content-Type" content="text/html;charset=utf-8" />
  <meta name='ocr-system' content='tesseract 3.04.00' />
  <meta name='ocr-capabilities' content='ocr_page ocr_carea ocr_par ocr_line ocrx_word'/>
</head>
<body>
  <div class='ocr_page' id='page_1' title='image "./operaomniasixtiv04bonauoft/operaomniasixtiv04bonauoft_0607.png"; bbox 0 0 2017 2960; ppageno 0'>
   <div class='ocr_carea' id='block_1_1' title="bbox 37 831 123 858">
    <p class='ocr_par' dir='ltr' id='par_1_1' title="bbox 37 831 123 858">
     <span class='ocr_line' id='line_1_1' title="bbox 37 831 123 858; baseline -0.012 -8"><span class='ocrx_word' id='word_1_1' title='bbox 37 831 70 850; x_wconf 83' lang='lat' dir='ltr'>Ad</span> <span class='ocrx_word' id='word_1_2' title='bbox 80 839 123 858; x_wconf 68' lang='lat' dir='ltr'>upln</span> 
     </span>
    </p>
   </div>
   <div class='ocr_carea' id='block_1_2' title="bbox 613 165 1266 203">
    <p class='ocr_par' dir='ltr' id='par_1_2' title="bbox 613 165 1266 203">
     <span class='ocr_line' id='line_1_2' title="bbox 613 165 1266 203; baseline -0.003 -5"><span class='ocrx_word' id='word_1_3' title='bbox 613 167 707 198; x_wconf 86' lang='lat' dir='ltr'>DIST.</span> <span class='ocrx_word' id='word_1_4' title='bbox 731 165 836 198; x_wconf 83' lang='lat' dir='ltr'>XXVI.</span> <span class='ocrx_word' id='word_1_5' title='bbox 861 165 952 197; x_wconf 78' lang='lat' dir='ltr'><strong>ART.</strong></span> <span class='ocrx_word' id='word_1_6' title='bbox 978 165 1016 196; x_wconf 91' lang='lat' dir='ltr'>Il.</span> <span class='ocrx_word' id='word_1_7' title='bbox 1040 165 1188 203; x_wconf 72' lang='lat' dir='ltr'>QUAES&#39;I‘.</span> <span class='ocrx_word' id='word_1_8' title='bbox 1215 166 1266 197; x_wconf 88' lang='grc' dir='ltr'>ΙΙΙ.</span> 
     </span>
    </p>
   </div>
   <div class='ocr_carea' id='block_1_3' title="bbox 142 236 927 2643">
    <p class='ocr_par' dir='ltr' id='par_1_3' title="bbox 150 236 927 488">
     <span class='ocr_line' id='line_1_3' title="bbox 154 236 924 276; baseline -0.004 -9"><span class='ocrx_word' id='word_1_9' title='bbox 154 237 329 276; x_wconf 86' lang='lat' dir='ltr'>perfectum</span> <span class='ocrx_word' id='word_1_10' title='bbox 349 236 501 267; x_wconf 74' lang='lat' dir='ltr'>antecedit</span> <span class='ocrx_word' id='word_1_11' title='bbox 521 236 692 276; x_wconf 82' lang='lat' dir='ltr'>perfectum</span> <span class='ocrx_word' id='word_1_12' title='bbox 704 259 711 272; x_wconf 83' lang='lat'>‚</span> <span class='ocrx_word' id='word_1_13' title='bbox 728 244 794 265; x_wconf 92' lang='lat' dir='ltr'>non</span> <span class='ocrx_word' id='word_1_14' title='bbox 809 244 826 265; x_wconf 89' lang='grc' dir='ltr'><strong>θ</strong></span> <span class='ocrx_word' id='word_1_15' title='bbox 850 243 924 265; x_wconf 91' lang='lat' dir='ltr'>con-</span> 
     </span>
     <span class='ocr_line' id='line_1_4' title="bbox 154 288 927 329; baseline -0.005 -8"><span class='ocrx_word' id='word_1_16' title='bbox 154 299 270 321; x_wconf 85' lang='lat' dir='ltr'>verso:</span> <span class='ocrx_word' id='word_1_17' title='bbox 290 290 343 321; x_wconf 89' lang='lat' dir='ltr'>sed</span> <span class='ocrx_word' id='word_1_18' title='bbox 363 290 498 320; x_wconf 76' lang='lat' dir='ltr'>charitas</span> <span class='ocrx_word' id='word_1_19' title='bbox 521 291 623 329; x_wconf 84' lang='lat' dir='ltr'>major</span> <span class='ocrx_word' id='word_1_20' title='bbox 642 291 687 320; x_wconf 88' lang='lat' dir='ltr'>est</span> <span class='ocrx_word' id='word_1_21' title='bbox 709 291 739 319; x_wconf 88' lang='lat' dir='ltr'>et</span> <span class='ocrx_word' id='word_1_22' title='bbox 763 288 927 328; x_wconf 78' lang='lat' dir='ltr'>perfectior</span> 
     </span>
     <span class='ocr_line' id='line_1_5' title="bbox 153 341 927 383; baseline -0.004 -9"><span class='ocrx_word' id='word_1_23' title='bbox 153 353 251 383; x_wconf 84' lang='lat' dir='ltr'>quam</span> <span class='ocrx_word' id='word_1_24' title='bbox 277 343 354 374; x_wconf 82' lang='lat' dir='ltr'>fides</span> <span class='ocrx_word' id='word_1_25' title='bbox 377 345 407 373; x_wconf 87' lang='lat' dir='ltr'>et</span> <span class='ocrx_word' id='word_1_26' title='bbox 430 353 519 382; x_wconf 80' lang='lat' dir='ltr'>spes,</span> <span class='ocrx_word' id='word_1_27' title='bbox 545 343 721 373; x_wconf 81' lang='lat' dir='ltr'>secuudum</span> <span class='ocrx_word' id='word_1_28' title='bbox 746 341 832 382; x_wconf 90' lang='lat' dir='ltr'>quod</span> <span class='ocrx_word' id='word_1_29' title='bbox 855 341 927 371; x_wconf 83' lang='lat' dir='ltr'>dici-</span> 
     </span>
     <span class='ocr_line' id='line_1_6' title="bbox 152 395 926 437; baseline -0.001 -10"><span class='ocrx_word' id='word_1_30' title='bbox 152 397 230 427; x_wconf 83' lang='lat' dir='ltr'>tur¹</span> <span class='ocrx_word' id='word_1_31' title='bbox 255 408 261 427; x_wconf 90' lang='lat'>:</span> <span class='ocrx_word' id='word_1_32' title='bbox 288 396 393 437; x_wconf 70' lang='lat' dir='ltr'>MaJ&#39;or</span> <span class='ocrx_word' id='word_1_33' title='bbox 417 400 524 428; x_wconf 78' lang='lat' dir='ltr'>autem</span> <span class='ocrx_word' id='word_1_34' title='bbox 547 396 660 428; x_wconf 75' lang='lat' dir='ltr'>horum</span> <span class='ocrx_word' id='word_1_35' title='bbox 683 398 728 428; x_wconf 78' lang='lat' dir='ltr'>est</span> <span class='ocrx_word' id='word_1_36' title='bbox 748 395 893 427; x_wconf 75' lang='lat' dir='ltr'>charitas</span> <span class='ocrx_word' id='word_1_37' title='bbox 916 404 926 425; x_wconf 83' lang='grc'>.-</span> 
     </span>
     <span class='ocr_line' id='line_1_7' title="bbox 150 452 317 488; baseline 0 -8"><span class='ocrx_word' id='word_1_38' title='bbox 150 459 241 488; x_wconf 84' lang='lat' dir='ltr'>ergo,</span> <span class='ocrx_word' id='word_1_39' title='bbox 259 452 317 481; x_wconf 91' lang='lat' dir='ltr'>etc.</span> 
     </span>
    </p>

    <p class='ocr_par' dir='ltr' id='par_1_4' title="bbox 148 504 927 814">
     <span class='ocr_line' id='line_1_8' title="bbox 191 504 927 544; baseline -0.001 -10"><span class='ocrx_word' id='word_1_40' title='bbox 191 504 269 534; x_wconf 83' lang='lat' dir='ltr'><strong>Item</strong></span> <span class='ocrx_word' id='word_1_41' title='bbox 291 504 399 535; x_wconf 89' lang='lat' dir='ltr'>nullus</span> <span class='ocrx_word' id='word_1_42' title='bbox 426 507 525 544; x_wconf 82' lang='lat' dir='ltr'>potest</span> <span class='ocrx_word' id='word_1_43' title='bbox 549 513 657 535; x_wconf 83' lang='lat' dir='ltr'>amare</span> <span class='ocrx_word' id='word_1_44' title='bbox 679 506 807 544; x_wconf 83' lang='lat' dir='ltr'>propter</span> <span class='ocrx_word' id='word_1_45' title='bbox 830 512 873 541; x_wconf 76' lang='lat' dir='ltr'>se,</span> <span class='ocrx_word' id='word_1_46' title='bbox 897 505 927 533; x_wconf 91' lang='lat' dir='ltr'>et</span> 
     </span>
     <span class='ocr_line' id='line_1_9' title="bbox 150 558 926 598; baseline -0.003 -10"><span class='ocrx_word' id='word_1_47' title='bbox 150 559 378 598; x_wconf 86' lang='lat' dir='ltr'>superomnia,</span> <span class='ocrx_word' id='word_1_48' title='bbox 394 559 516 589; x_wconf 86' lang='lat' dir='ltr'>bonum</span> <span class='ocrx_word' id='word_1_49' title='bbox 534 559 572 588; x_wconf 85' lang='lat' dir='ltr'>ad</span> <span class='ocrx_word' id='word_1_50' title='bbox 592 558 678 598; x_wconf 91' lang='lat' dir='ltr'>quod</span> <span class='ocrx_word' id='word_1_51' title='bbox 693 567 758 588; x_wconf 91' lang='lat' dir='ltr'>non</span> <span class='ocrx_word' id='word_1_52' title='bbox 775 559 879 597; x_wconf 78' lang='lat' dir='ltr'><strong>sperat</strong></span> <span class='ocrx_word' id='word_1_53' title='bbox 893 566 926 587; x_wconf 91' lang='lat' dir='ltr'>se</span> 
     </span>
     <span class='ocr_line' id='line_1_10' title="bbox 151 611 926 652; baseline -0.003 -11"><span class='ocrx_word' id='word_1_54' title='bbox 151 621 240 651; x_wconf 84' lang='lat' dir='ltr'>posse</span> <span class='ocrx_word' id='word_1_55' title='bbox 261 622 405 652; x_wconf 83' lang='lat' dir='ltr'>unquam</span> <span class='ocrx_word' id='word_1_56' title='bbox 430 611 596 652; x_wconf 78' lang='lat' dir='ltr'>pervenire</span> <span class='ocrx_word' id='word_1_57' title='bbox 616 622 622 642; x_wconf 94' lang='lat'>:</span> <span class='ocrx_word' id='word_1_58' title='bbox 641 612 666 642; x_wconf 89' lang='lat' dir='ltr'>si</span> <span class='ocrx_word' id='word_1_59' title='bbox 689 621 767 650; x_wconf 74' lang='lat' dir='ltr'>ergo</span> <span class='ocrx_word' id='word_1_60' title='bbox 789 611 926 641; x_wconf 74' lang='lat' dir='ltr'>charitas</span> 
     </span>
     <span class='ocr_line' id='line_1_11' title="bbox 149 664 925 706; baseline -0.001 -11"><span class='ocrx_word' id='word_1_61' title='bbox 149 665 254 705; x_wconf 80' lang='lat' dir='ltr'>diligit</span> <span class='ocrx_word' id='word_1_62' title='bbox 271 669 398 706; x_wconf 90' lang='lat' dir='ltr'>propter</span> <span class='ocrx_word' id='word_1_63' title='bbox 412 676 455 704; x_wconf 82' lang='lat' dir='ltr'>se,</span> <span class='ocrx_word' id='word_1_64' title='bbox 468 668 497 696; x_wconf 85' lang='lat' dir='ltr'>et</span> <span class='ocrx_word' id='word_1_65' title='bbox 510 675 606 706; x_wconf 87' lang='lat' dir='ltr'>super</span> <span class='ocrx_word' id='word_1_66' title='bbox 619 665 738 702; x_wconf 85' lang='lat' dir='ltr'>omnia,</span> <span class='ocrx_word' id='word_1_67' title='bbox 750 667 839 695; x_wconf 83' lang='lat' dir='ltr'>actus</span> <span class='ocrx_word' id='word_1_68' title='bbox 853 664 925 694; x_wconf 86' lang='lat' dir='ltr'>cha-</span> 
     </span>
     <span class='ocr_line' id='line_1_12' title="bbox 149 718 924 760; baseline -0.003 -11"><span class='ocrx_word' id='word_1_69' title='bbox 149 718 250 750; x_wconf 88' lang='lat' dir='ltr'>ritatis</span> <span class='ocrx_word' id='word_1_70' title='bbox 264 720 468 760; x_wconf 81' lang='lat' dir='ltr'>consequitur</span> <span class='ocrx_word' id='word_1_71' title='bbox 490 722 598 750; x_wconf 86' lang='lat' dir='ltr'>actum</span> <span class='ocrx_word' id='word_1_72' title='bbox 614 719 679 759; x_wconf 87' lang='lat' dir='ltr'>spei</span> <span class='ocrx_word' id='word_1_73' title='bbox 696 728 704 749; x_wconf 90' lang='lat'>:</span> <span class='ocrx_word' id='word_1_74' title='bbox 721 728 799 757; x_wconf 81' lang='lat' dir='ltr'>ergo</span> <span class='ocrx_word' id='word_1_75' title='bbox 818 718 924 748; x_wconf 83' lang='lat' dir='ltr'>chari-</span> 
     </span>
     <span class='ocr_line' id='line_1_13' title="bbox 148 773 427 814; baseline 0.007 -12"><span class='ocrx_word' id='word_1_76' title='bbox 148 775 196 803; x_wconf 85' lang='lat' dir='ltr'>tas</span> <span class='ocrx_word' id='word_1_77' title='bbox 212 773 313 812; x_wconf 86' lang='lat' dir='ltr'>ipsam</span> <span class='ocrx_word' id='word_1_78' title='bbox 329 783 427 814; x_wconf 87' lang='lat' dir='ltr'>spem.</span> 
     </span>
    </p>

    <p class='ocr_par' dir='ltr' id='par_1_5' title="bbox 147 826 927 1134">
     <span class='ocr_line' id='line_1_14' title="bbox 189 826 925 867; baseline -0.003 -10"><span class='ocrx_word' id='word_1_79' title='bbox 189 826 249 857; x_wconf 87' lang='lat' dir='ltr'>Sed</span> <span class='ocrx_word' id='word_1_80' title='bbox 273 830 383 858; x_wconf 88' lang='lat' dir='ltr'>contra</span> <span class='ocrx_word' id='word_1_81' title='bbox 405 828 475 858; x_wconf 79' lang='lat' dir='ltr'>haec</span> <span class='ocrx_word' id='word_1_82' title='bbox 499 827 649 867; x_wconf 86' lang='lat' dir='ltr'>objicitur</span> <span class='ocrx_word' id='word_1_83' title='bbox 683 829 712 857; x_wconf 79' lang='lat' dir='ltr'>I.</span> <span class='ocrx_word' id='word_1_84' title='bbox 739 826 925 857; x_wconf 76' lang='lat' dir='ltr'>auctoriiate</span> 
     </span>
     <span class='ocr_line' id='line_1_15' title="bbox 149 879 927 921; baseline 0.001 -12"><span class='ocrx_word' id='word_1_85' title='bbox 149 879 292 919; x_wconf 80' lang='lat' dir='ltr'>Magistri</span> <span class='ocrx_word' id='word_1_86' title='bbox 309 881 343 911; x_wconf 88' lang='lat' dir='ltr'>in</span> <span class='ocrx_word' id='word_1_87' title='bbox 362 881 467 912; x_wconf 88' lang='lat' dir='ltr'>littera</span> <span class='ocrx_word' id='word_1_88' title='bbox 484 890 491 912; x_wconf 90' lang='lat'>:</span> <span class='ocrx_word' id='word_1_89' title='bbox 512 893 526 911; x_wconf 77' lang='grc' dir='ltr'>α</span> <span class='ocrx_word' id='word_1_90' title='bbox 544 881 620 921; x_wconf 77' lang='lat' dir='ltr'>Spes</span> <span class='ocrx_word' id='word_1_91' title='bbox 642 883 690 911; x_wconf 88' lang='lat' dir='ltr'>est</span> <span class='ocrx_word' id='word_1_92' title='bbox 711 882 795 910; x_wconf 86' lang='lat' dir='ltr'>certa</span> <span class='ocrx_word' id='word_1_93' title='bbox 811 889 927 919; x_wconf 80' lang='lat' dir='ltr'>expec-</span> 
     </span>
     <span class='ocr_line' id='line_1_16' title="bbox 149 933 926 972; baseline -0.001 -9"><span class='ocrx_word' id='word_1_94' title='bbox 149 933 225 964; x_wconf 87' lang='lat' dir='ltr'>tatio</span> <span class='ocrx_word' id='word_1_95' title='bbox 239 934 359 964; x_wconf 82' lang='lat' dir='ltr'>futurae</span> <span class='ocrx_word' id='word_1_96' title='bbox 375 934 589 972; x_wconf 77' lang='lat' dir='ltr'>beatitudinis,</span> <span class='ocrx_word' id='word_1_97' title='bbox 603 934 737 964; x_wconf 91' lang='lat' dir='ltr'>veniens</span> <span class='ocrx_word' id='word_1_98' title='bbox 751 943 790 963; x_wconf 79' lang='lat' dir='ltr'>ex</span> <span class='ocrx_word' id='word_1_99' title='bbox 807 933 926 963; x_wconf 81' lang='lat' dir='ltr'>meritis</span> 
     </span>
     <span class='ocr_line' id='line_1_17' title="bbox 147 987 926 1028; baseline -0.001 -11"><span class='ocrx_word' id='word_1_100' title='bbox 147 987 399 1026; x_wconf 70' lang='lat' dir='ltr'>praecedentibus</span> <span class='ocrx_word' id='word_1_101' title='bbox 427 988 530 1027; x_wconf 81' lang='lat' dir='ltr'>ipsam</span> <span class='ocrx_word' id='word_1_102' title='bbox 558 997 658 1028; x_wconf 89' lang='lat' dir='ltr'>spem.</span> <span class='ocrx_word' id='word_1_103' title='bbox 683 999 696 1015; x_wconf 75' lang='lat' dir='ltr'>n</span> <span class='ocrx_word' id='word_1_104' title='bbox 726 987 784 1017; x_wconf 49' lang='lat' dir='ltr'>Sed</span> <span class='ocrx_word' id='word_1_105' title='bbox 814 987 926 1017; x_wconf 88' lang='lat' dir='ltr'>merita</span> 
     </span>
     <span class='ocr_line' id='line_1_18' title="bbox 147 1040 925 1081; baseline -0.001 -10"><span class='ocrx_word' id='word_1_106' title='bbox 147 1041 337 1072; x_wconf 77' lang='lat' dir='ltr'>naturaliter</span> <span class='ocrx_word' id='word_1_107' title='bbox 357 1041 450 1081; x_wconf 82' lang='lat' dir='ltr'>praeit</span> <span class='ocrx_word' id='word_1_108' title='bbox 469 1042 604 1072; x_wconf 87' lang='lat' dir='ltr'>charitas</span> <span class='ocrx_word' id='word_1_109' title='bbox 623 1052 629 1072; x_wconf 81' lang='lat' dir='ltr'>z</span> <span class='ocrx_word' id='word_1_110' title='bbox 646 1049 724 1080; x_wconf 84' lang='lat' dir='ltr'>ergo</span> <span class='ocrx_word' id='word_1_111' title='bbox 748 1040 925 1071; x_wconf 89' lang='lat' dir='ltr'>secundum</span> 
     </span>
     <span class='ocr_line' id='line_1_19' title="bbox 148 1094 923 1134; baseline -0.001 -10"><span class='ocrx_word' id='word_1_112' title='bbox 148 1094 327 1125; x_wconf 84' lang='lat' dir='ltr'>naturalem</span> <span class='ocrx_word' id='word_1_113' title='bbox 352 1095 497 1126; x_wconf 80' lang='lat' dir='ltr'>ordinem</span> <span class='ocrx_word' id='word_1_114' title='bbox 517 1094 654 1125; x_wconf 86' lang='lat' dir='ltr'>charitas</span> <span class='ocrx_word' id='word_1_115' title='bbox 675 1096 808 1125; x_wconf 77' lang='lat' dir='ltr'>estante</span> <span class='ocrx_word' id='word_1_116' title='bbox 823 1103 923 1134; x_wconf 87' lang='lat' dir='ltr'>spem.</span> 
     </span>
    </p>

    <p class='ocr_par' dir='ltr' id='par_1_6' title="bbox 144 1148 926 1511">
     <span class='ocr_line' id='line_1_20' title="bbox 187 1148 926 1188; baseline -0.001 -10"><span class='ocrx_word' id='word_1_117' title='bbox 187 1151 216 1179; x_wconf 68' lang='lat'>2.</span> <span class='ocrx_word' id='word_1_118' title='bbox 234 1148 311 1179; x_wconf 85' lang='lat' dir='ltr'>Item</span> <span class='ocrx_word' id='word_1_119' title='bbox 328 1149 549 1188; x_wconf 76' lang='lat' dir='ltr'>Augustinus,</span> <span class='ocrx_word' id='word_1_120' title='bbox 566 1148 598 1178; x_wconf 90' lang='lat' dir='ltr'>in</span> <span class='ocrx_word' id='word_1_121' title='bbox 618 1148 699 1178; x_wconf 87' lang='lat' dir='ltr'>libro</span> <span class='ocrx_word' id='word_1_122' title='bbox 719 1149 761 1179; x_wconf 82' lang='lat' dir='ltr'>De</span> <span class='ocrx_word' id='word_1_123' title='bbox 786 1148 926 1179; x_wconf 66' lang='lat' dir='ltr'>Ciuitate</span> 
     </span>
     <span class='ocr_line' id='line_1_21' title="bbox 146 1202 925 1242; baseline -0.003 -9"><span class='ocrx_word' id='word_1_124' title='bbox 146 1202 221 1239; x_wconf 73' lang='lat' dir='ltr'>Det,</span> <span class='ocrx_word' id='word_1_125' title='bbox 247 1202 337 1239; x_wconf 80' lang='lat' dir='ltr'>dicit,</span> <span class='ocrx_word' id='word_1_126' title='bbox 367 1203 453 1242; x_wconf 90' lang='lat' dir='ltr'>quod</span> <span class='ocrx_word' id='word_1_127' title='bbox 476 1203 581 1233; x_wconf 87' lang='lat' dir='ltr'>omnis</span> <span class='ocrx_word' id='word_1_128' title='bbox 603 1202 726 1232; x_wconf 83' lang='lat' dir='ltr'>affectio</span> <span class='ocrx_word' id='word_1_129' title='bbox 758 1202 859 1232; x_wconf 87' lang='lat' dir='ltr'>oritur</span> <span class='ocrx_word' id='word_1_130' title='bbox 885 1211 925 1231; x_wconf 73' lang='lat' dir='ltr'>ex</span> 
     </span>
     <span class='ocr_line' id='line_1_22' title="bbox 145 1256 925 1295; baseline -0.001 -10"><span class='ocrx_word' id='word_1_131' title='bbox 145 1265 255 1286; x_wconf 84' lang='lat' dir='ltr'>amore</span> <span class='ocrx_word' id='word_1_132' title='bbox 274 1267 280 1287; x_wconf 89' lang='lat'>:</span> <span class='ocrx_word' id='word_1_133' title='bbox 298 1265 377 1295; x_wconf 80' lang='lat' dir='ltr'>ergo</span> <span class='ocrx_word' id='word_1_134' title='bbox 399 1257 502 1286; x_wconf 85' lang='lat' dir='ltr'>omnis</span> <span class='ocrx_word' id='word_1_135' title='bbox 524 1256 648 1287; x_wconf 84' lang='lat' dir='ltr'>affectio</span> <span class='ocrx_word' id='word_1_136' title='bbox 662 1258 748 1286; x_wconf 85' lang='lat' dir='ltr'>recta</span> <span class='ocrx_word' id='word_1_137' title='bbox 762 1265 802 1286; x_wconf 74' lang='lat' dir='ltr'>ex</span> <span class='ocrx_word' id='word_1_138' title='bbox 817 1263 925 1285; x_wconf 83' lang='lat' dir='ltr'>amore</span> 
     </span>
     <span class='ocr_line' id='line_1_23' title="bbox 146 1308 924 1349; baseline -0.001 -10"><span class='ocrx_word' id='word_1_139' title='bbox 146 1311 231 1340; x_wconf 87' lang='lat' dir='ltr'>recto</span> <span class='ocrx_word' id='word_1_140' title='bbox 259 1321 265 1340; x_wconf 88' lang='lat'>:</span> <span class='ocrx_word' id='word_1_141' title='bbox 294 1319 367 1340; x_wconf 88' lang='lat' dir='ltr'>cum</span> <span class='ocrx_word' id='word_1_142' title='bbox 398 1319 477 1349; x_wconf 81' lang='lat' dir='ltr'>ergo</span> <span class='ocrx_word' id='word_1_143' title='bbox 504 1309 642 1340; x_wconf 84' lang='lat' dir='ltr'>charitas</span> <span class='ocrx_word' id='word_1_144' title='bbox 671 1309 789 1348; x_wconf 78' lang='lat' dir='ltr'>dirigat</span> <span class='ocrx_word' id='word_1_145' title='bbox 818 1308 924 1348; x_wconf 90' lang='lat' dir='ltr'>ipsum</span> 
     </span>
     <span class='ocr_line' id='line_1_24' title="bbox 144 1362 924 1402; baseline -0.003 -8"><span class='ocrx_word' id='word_1_146' title='bbox 144 1373 287 1395; x_wconf 89' lang='lat' dir='ltr'>amorem</span> <span class='ocrx_word' id='word_1_147' title='bbox 303 1364 492 1401; x_wconf 76' lang='lat' dir='ltr'>voluntatis,</span> <span class='ocrx_word' id='word_1_148' title='bbox 517 1364 621 1394; x_wconf 88' lang='lat' dir='ltr'>virtus</span> <span class='ocrx_word' id='word_1_149' title='bbox 640 1365 748 1394; x_wconf 90' lang='lat' dir='ltr'>autem</span> <span class='ocrx_word' id='word_1_150' title='bbox 764 1363 831 1402; x_wconf 76' lang='lat' dir='ltr'>spei</span> <span class='ocrx_word' id='word_1_151' title='bbox 847 1362 924 1393; x_wconf 85' lang='lat' dir='ltr'>diri-</span> 
     </span>
     <span class='ocr_line' id='line_1_25' title="bbox 144 1416 924 1458; baseline -0.003 -10"><span class='ocrx_word' id='word_1_152' title='bbox 144 1420 198 1457; x_wconf 80' lang='lat' dir='ltr'>gat</span> <span class='ocrx_word' id='word_1_153' title='bbox 216 1427 315 1448; x_wconf 89' lang='lat' dir='ltr'>unam</span> <span class='ocrx_word' id='word_1_154' title='bbox 330 1418 368 1449; x_wconf 91' lang='lat' dir='ltr'>de</span> <span class='ocrx_word' id='word_1_155' title='bbox 382 1420 521 1458; x_wconf 87' lang='lat' dir='ltr'>quatuor</span> <span class='ocrx_word' id='word_1_156' title='bbox 535 1417 757 1448; x_wconf 84' lang='lat' dir='ltr'>affectionibus</span> <span class='ocrx_word' id='word_1_157' title='bbox 771 1440 778 1452; x_wconf 75' lang='grc'><em>,</em></span> <span class='ocrx_word' id='word_1_158' title='bbox 796 1416 924 1447; x_wconf 88' lang='lat' dir='ltr'>videtur</span> 
     </span>
     <span class='ocr_line' id='line_1_26' title="bbox 144 1471 713 1511; baseline -0.004 -9"><span class='ocrx_word' id='word_1_159' title='bbox 144 1471 228 1511; x_wconf 88' lang='lat' dir='ltr'>quod</span> <span class='ocrx_word' id='word_1_160' title='bbox 245 1481 315 1511; x_wconf 88' lang='lat' dir='ltr'>spes</span> <span class='ocrx_word' id='word_1_161' title='bbox 329 1472 369 1502; x_wconf 88' lang='lat' dir='ltr'>sit</span> <span class='ocrx_word' id='word_1_162' title='bbox 383 1472 534 1511; x_wconf 76' lang='lat' dir='ltr'>posterior</span> <span class='ocrx_word' id='word_1_163' title='bbox 549 1471 713 1501; x_wconf 80' lang='lat' dir='ltr'>charltate.</span> 
     </span>
    </p>

    <p class='ocr_par' dir='ltr' id='par_1_7' title="bbox 143 1523 924 1835">
     <span class='ocr_line' id='line_1_27' title="bbox 185 1523 921 1565; baseline -0.004 -9"><span class='ocrx_word' id='word_1_164' title='bbox 185 1527 214 1556; x_wconf 89' lang='lat'>3.</span> <span class='ocrx_word' id='word_1_165' title='bbox 239 1525 317 1556; x_wconf 80' lang='lat' dir='ltr'>item</span> <span class='ocrx_word' id='word_1_166' title='bbox 343 1525 452 1556; x_wconf 85' lang='lat' dir='ltr'>nullus</span> <span class='ocrx_word' id='word_1_167' title='bbox 473 1527 597 1565; x_wconf 81' lang='lat' dir='ltr'>sperat,</span> <span class='ocrx_word' id='word_1_168' title='bbox 620 1524 682 1554; x_wconf 84' lang='lat' dir='ltr'>uisi</span> <span class='ocrx_word' id='word_1_169' title='bbox 706 1523 791 1564; x_wconf 90' lang='lat' dir='ltr'>quod</span> <span class='ocrx_word' id='word_1_170' title='bbox 816 1526 921 1561; x_wconf 77' lang='lat' dir='ltr'>amat3</span> 
     </span>
     <span class='ocr_line' id='line_1_28' title="bbox 143 1577 923 1619; baseline -0.004 -9"><span class='ocrx_word' id='word_1_171' title='bbox 143 1580 229 1619; x_wconf 89' lang='lat' dir='ltr'>quod</span> <span class='ocrx_word' id='word_1_172' title='bbox 255 1580 342 1610; x_wconf 86' lang='lat' dir='ltr'>enim</span> <span class='ocrx_word' id='word_1_173' title='bbox 366 1589 431 1610; x_wconf 90' lang='lat' dir='ltr'>non</span> <span class='ocrx_word' id='word_1_174' title='bbox 456 1580 544 1619; x_wconf 73' lang='lat' dir='ltr'>cupIt</span> <span class='ocrx_word' id='word_1_175' title='bbox 566 1578 691 1618; x_wconf 82' lang='lat' dir='ltr'>aliquis,</span> <span class='ocrx_word' id='word_1_176' title='bbox 713 1577 801 1608; x_wconf 91' lang='lat' dir='ltr'>nullo</span> <span class='ocrx_word' id='word_1_177' title='bbox 828 1577 923 1608; x_wconf 91' lang='lat' dir='ltr'>modo</span> 
     </span>
     <span class='ocr_line' id='line_1_29' title="bbox 143 1632 922 1674; baseline -0.004 -9"><span class='ocrx_word' id='word_1_178' title='bbox 143 1636 248 1674; x_wconf 86' lang='lat' dir='ltr'>sperat</span> <span class='ocrx_word' id='word_1_179' title='bbox 265 1646 272 1665; x_wconf 77' lang='grc' dir='ltr'>ι</span> <span class='ocrx_word' id='word_1_180' title='bbox 289 1644 368 1673; x_wconf 84' lang='lat' dir='ltr'>crgo</span> <span class='ocrx_word' id='word_1_181' title='bbox 380 1634 537 1665; x_wconf 78' lang='lat' dir='ltr'>rectitudo</span> <span class='ocrx_word' id='word_1_182' title='bbox 552 1633 671 1664; x_wconf 86' lang='lat' dir='ltr'>amoris</span> <span class='ocrx_word' id='word_1_183' title='bbox 687 1632 837 1672; x_wconf 83' lang='lat' dir='ltr'>praecedit</span> <span class='ocrx_word' id='word_1_184' title='bbox 854 1641 922 1662; x_wconf 90' lang='lat' dir='ltr'>rec-</span> 
     </span>
     <span class='ocr_line' id='line_1_30' title="bbox 145 1685 924 1728; baseline -0.005 -9"><span class='ocrx_word' id='word_1_185' title='bbox 145 1688 314 1719; x_wconf 85' lang='lat' dir='ltr'>titudinem</span> <span class='ocrx_word' id='word_1_186' title='bbox 335 1687 562 1728; x_wconf 75' lang='lat' dir='ltr'>expectationis</span> <span class='ocrx_word' id='word_1_187' title='bbox 581 1698 588 1716; x_wconf 87' lang='lat'>:</span> <span class='ocrx_word' id='word_1_188' title='bbox 609 1686 663 1717; x_wconf 89' lang='lat' dir='ltr'>sed</span> <span class='ocrx_word' id='word_1_189' title='bbox 687 1686 824 1716; x_wconf 85' lang='lat' dir='ltr'>charitas</span> <span class='ocrx_word' id='word_1_190' title='bbox 845 1685 924 1716; x_wconf 90' lang='lat' dir='ltr'>diri-</span> 
     </span>
     <span class='ocr_line' id='line_1_31' title="bbox 143 1740 922 1782; baseline -0.003 -10"><span class='ocrx_word' id='word_1_191' title='bbox 143 1742 191 1781; x_wconf 78' lang='lat' dir='ltr'>git</span> <span class='ocrx_word' id='word_1_192' title='bbox 206 1742 240 1772; x_wconf 89' lang='lat' dir='ltr'>in</span> <span class='ocrx_word' id='word_1_193' title='bbox 254 1743 402 1779; x_wconf 82' lang='lat' dir='ltr'>amando,</span> <span class='ocrx_word' id='word_1_194' title='bbox 419 1751 490 1782; x_wconf 85' lang='lat' dir='ltr'>spes</span> <span class='ocrx_word' id='word_1_195' title='bbox 505 1743 613 1772; x_wconf 87' lang='lat' dir='ltr'>autem</span> <span class='ocrx_word' id='word_1_196' title='bbox 629 1740 742 1779; x_wconf 87' lang='lat' dir='ltr'>dirigit</span> <span class='ocrx_word' id='word_1_197' title='bbox 755 1741 788 1770; x_wconf 92' lang='lat' dir='ltr'>in</span> <span class='ocrx_word' id='word_1_198' title='bbox 804 1749 922 1780; x_wconf 74' lang='lat' dir='ltr'>expec-</span> 
     </span>
     <span class='ocr_line' id='line_1_32' title="bbox 143 1796 771 1835; baseline -0.003 -9"><span class='ocrx_word' id='word_1_199' title='bbox 143 1796 238 1827; x_wconf 84' lang='lat' dir='ltr'>tando</span> <span class='ocrx_word' id='word_1_200' title='bbox 253 1805 261 1826; x_wconf 73' lang='grc' dir='ltr'><strong>ε</strong></span> <span class='ocrx_word' id='word_1_201' title='bbox 276 1805 354 1835; x_wconf 82' lang='lat' dir='ltr'>ergo</span> <span class='ocrx_word' id='word_1_202' title='bbox 369 1796 506 1826; x_wconf 88' lang='lat' dir='ltr'>charitas</span> <span class='ocrx_word' id='word_1_203' title='bbox 521 1797 566 1826; x_wconf 89' lang='lat' dir='ltr'>est</span> <span class='ocrx_word' id='word_1_204' title='bbox 581 1797 654 1825; x_wconf 83' lang='lat' dir='ltr'>ante</span> <span class='ocrx_word' id='word_1_205' title='bbox 671 1803 771 1834; x_wconf 81' lang='lat' dir='ltr'>spem.</span> 
     </span>
    </p>

    <p class='ocr_par' dir='ltr' id='par_1_8' title="bbox 142 1847 922 2212">
     <span class='ocr_line' id='line_1_33' title="bbox 183 1847 922 1889; baseline -0.004 -9"><span class='ocrx_word' id='word_1_206' title='bbox 183 1852 212 1880; x_wconf 75' lang='lat'>4.</span> <span class='ocrx_word' id='word_1_207' title='bbox 230 1849 309 1880; x_wconf 82' lang='lat' dir='ltr'>Item</span> <span class='ocrx_word' id='word_1_208' title='bbox 324 1850 420 1880; x_wconf 89' lang='lat' dir='ltr'>timor</span> <span class='ocrx_word' id='word_1_209' title='bbox 434 1852 463 1879; x_wconf 88' lang='lat' dir='ltr'>et</span> <span class='ocrx_word' id='word_1_210' title='bbox 475 1858 546 1889; x_wconf 84' lang='lat' dir='ltr'>spes</span> <span class='ocrx_word' id='word_1_211' title='bbox 562 1851 637 1879; x_wconf 90' lang='lat' dir='ltr'>sunt</span> <span class='ocrx_word' id='word_1_212' title='bbox 651 1848 724 1879; x_wconf 85' lang='lat' dir='ltr'>duae</span> <span class='ocrx_word' id='word_1_213' title='bbox 739 1847 922 1878; x_wconf 81' lang='lat' dir='ltr'>affectiones</span> 
     </span>
     <span class='ocr_line' id='line_1_34' title="bbox 142 1900 920 1943; baseline -0.006 -8"><span class='ocrx_word' id='word_1_214' title='bbox 142 1904 236 1943; x_wconf 87' lang='lat' dir='ltr'>quasi</span> <span class='ocrx_word' id='word_1_215' title='bbox 250 1903 346 1934; x_wconf 89' lang='lat' dir='ltr'>simul</span> <span class='ocrx_word' id='word_1_216' title='bbox 363 1906 527 1934; x_wconf 86' lang='lat' dir='ltr'>currentes</span> <span class='ocrx_word' id='word_1_217' title='bbox 542 1913 549 1940; x_wconf 83' lang='lat'>3</span> <span class='ocrx_word' id='word_1_218' title='bbox 566 1902 654 1933; x_wconf 88' lang='lat' dir='ltr'>unde</span> <span class='ocrx_word' id='word_1_219' title='bbox 675 1902 709 1932; x_wconf 91' lang='lat' dir='ltr'>in</span> <span class='ocrx_word' id='word_1_220' title='bbox 729 1901 855 1932; x_wconf 72' lang='lat' dir='ltr'>Glossa³</span> <span class='ocrx_word' id='word_1_221' title='bbox 871 1900 920 1931; x_wconf 85' lang='lat' dir='ltr'>di-</span> 
     </span>
     <span class='ocr_line' id='line_1_35' title="bbox 143 1955 922 1988; baseline -0.005 0"><span class='ocrx_word' id='word_1_222' title='bbox 143 1960 262 1988; x_wconf 89' lang='lat' dir='ltr'>cuntur</span> <span class='ocrx_word' id='word_1_223' title='bbox 285 1966 352 1988; x_wconf 88' lang='lat' dir='ltr'>esse</span> <span class='ocrx_word' id='word_1_224' title='bbox 375 1957 448 1987; x_wconf 84' lang='lat' dir='ltr'>duae</span> <span class='ocrx_word' id='word_1_225' title='bbox 472 1956 567 1986; x_wconf 80' lang='lat' dir='ltr'>molae</span> <span class='ocrx_word' id='word_1_226' title='bbox 590 1966 596 1986; x_wconf 92' lang='lat'>:</span> <span class='ocrx_word' id='word_1_227' title='bbox 615 1955 671 1986; x_wconf 90' lang='lat' dir='ltr'>sed</span> <span class='ocrx_word' id='word_1_228' title='bbox 697 1955 801 1985; x_wconf 85' lang='lat' dir='ltr'>omnis</span> <span class='ocrx_word' id='word_1_229' title='bbox 825 1955 922 1984; x_wconf 90' lang='lat' dir='ltr'>timor</span> 
     </span>
     <span class='ocr_line' id='line_1_36' title="bbox 143 2009 918 2051; baseline -0.005 -9"><span class='ocrx_word' id='word_1_230' title='bbox 143 2012 284 2051; x_wconf 83' lang='lat' dir='ltr'>procedit</span> <span class='ocrx_word' id='word_1_231' title='bbox 307 2020 348 2042; x_wconf 78' lang='lat' dir='ltr'>ex</span> <span class='ocrx_word' id='word_1_232' title='bbox 370 2019 480 2041; x_wconf 88' lang='lat' dir='ltr'>amore</span> <span class='ocrx_word' id='word_1_233' title='bbox 502 2021 509 2040; x_wconf 88' lang='lat'>:</span> <span class='ocrx_word' id='word_1_234' title='bbox 531 2018 612 2049; x_wconf 84' lang='lat' dir='ltr'>ergo</span> <span class='ocrx_word' id='word_1_235' title='bbox 642 2012 672 2040; x_wconf 90' lang='lat' dir='ltr'>et</span> <span class='ocrx_word' id='word_1_236' title='bbox 698 2009 803 2039; x_wconf 87' lang='lat' dir='ltr'>omnis</span> <span class='ocrx_word' id='word_1_237' title='bbox 823 2018 918 2048; x_wconf 86' lang='lat' dir='ltr'>spes:</span> 
     </span>
     <span class='ocr_line' id='line_1_37' title="bbox 142 2063 922 2106; baseline -0.008 -9"><span class='ocrx_word' id='word_1_238' title='bbox 142 2075 221 2105; x_wconf 83' lang='lat' dir='ltr'>ergo</span> <span class='ocrx_word' id='word_1_239' title='bbox 244 2075 315 2106; x_wconf 89' lang='lat' dir='ltr'>spes</span> <span class='ocrx_word' id='word_1_240' title='bbox 336 2064 476 2104; x_wconf 83' lang='lat' dir='ltr'>gratuita</span> <span class='ocrx_word' id='word_1_241' title='bbox 501 2063 640 2104; x_wconf 84' lang='lat' dir='ltr'>procedit</span> <span class='ocrx_word' id='word_1_242' title='bbox 663 2071 703 2093; x_wconf 80' lang='lat' dir='ltr'>ex</span> <span class='ocrx_word' id='word_1_243' title='bbox 724 2071 833 2093; x_wconf 87' lang='lat' dir='ltr'>amore</span> <span class='ocrx_word' id='word_1_244' title='bbox 849 2071 922 2101; x_wconf 84' lang='lat' dir='ltr'>gra-</span> 
     </span>
     <span class='ocr_line' id='line_1_38' title="bbox 143 2116 922 2159; baseline -0.008 -8"><span class='ocrx_word' id='word_1_245' title='bbox 143 2120 223 2151; x_wconf 90' lang='lat' dir='ltr'>tuito</span> <span class='ocrx_word' id='word_1_246' title='bbox 241 2130 247 2150; x_wconf 91' lang='lat'><strong>:</strong></span> <span class='ocrx_word' id='word_1_247' title='bbox 275 2128 353 2159; x_wconf 83' lang='lat' dir='ltr'>ergo</span> <span class='ocrx_word' id='word_1_248' title='bbox 377 2118 556 2149; x_wconf 86' lang='lat' dir='ltr'>secundum</span> <span class='ocrx_word' id='word_1_249' title='bbox 576 2116 756 2147; x_wconf 85' lang='lat' dir='ltr'>naturalem</span> <span class='ocrx_word' id='word_1_250' title='bbox 775 2116 922 2146; x_wconf 85' lang='lat' dir='ltr'>ordinem</span> 
     </span>
     <span class='ocr_line' id='line_1_39' title="bbox 142 2172 566 2212; baseline -0.005 -8"><span class='ocrx_word' id='word_1_251' title='bbox 142 2173 281 2204; x_wconf 81' lang='lat' dir='ltr'>charitas</span> <span class='ocrx_word' id='word_1_252' title='bbox 295 2172 451 2203; x_wconf 86' lang='lat' dir='ltr'>antecedit</span> <span class='ocrx_word' id='word_1_253' title='bbox 465 2181 566 2212; x_wconf 87' lang='lat' dir='ltr'>spem.</span> 
     </span>
    </p>

    <p class='ocr_par' dir='ltr' id='par_1_9' title="bbox 143 2224 922 2482">
     <span class='ocr_line' id='line_1_40' title="bbox 184 2224 919 2266; baseline -0.005 -8"><span class='ocrx_word' id='word_1_254' title='bbox 184 2230 212 2258; x_wconf 93' lang='lat'>5.</span> <span class='ocrx_word' id='word_1_255' title='bbox 239 2227 318 2258; x_wconf 84' lang='lat' dir='ltr'>Item</span> <span class='ocrx_word' id='word_1_256' title='bbox 341 2228 462 2266; x_wconf 90' lang='lat' dir='ltr'>quanto</span> <span class='ocrx_word' id='word_1_257' title='bbox 487 2224 607 2265; x_wconf 88' lang='lat' dir='ltr'>aliquid</span> <span class='ocrx_word' id='word_1_258' title='bbox 632 2227 677 2255; x_wconf 98' lang='grc' dir='ltr'>θεῖ</span> <span class='ocrx_word' id='word_1_259' title='bbox 700 2224 919 2261; x_wconf 83' lang='lat' dir='ltr'>communius,</span> 
     </span>
     <span class='ocr_line' id='line_1_41' title="bbox 143 2278 922 2321; baseline -0.008 -9"><span class='ocrx_word' id='word_1_260' title='bbox 143 2284 231 2312; x_wconf 86' lang='lat' dir='ltr'>tanto</span> <span class='ocrx_word' id='word_1_261' title='bbox 246 2281 336 2321; x_wconf 84' lang='lat' dir='ltr'>prius</span> <span class='ocrx_word' id='word_1_262' title='bbox 349 2280 421 2311; x_wconf 89' lang='lat' dir='ltr'>:sed</span> <span class='ocrx_word' id='word_1_263' title='bbox 435 2288 532 2310; x_wconf 88' lang='lat' dir='ltr'>omne</span> <span class='ocrx_word' id='word_1_264' title='bbox 546 2278 741 2319; x_wconf 85' lang='lat' dir='ltr'>sperandum</span> <span class='ocrx_word' id='word_1_265' title='bbox 756 2279 802 2308; x_wconf 84' lang='lat' dir='ltr'>est</span> <span class='ocrx_word' id='word_1_266' title='bbox 816 2286 922 2307; x_wconf 91' lang='lat' dir='ltr'>aman-</span> 
     </span>
     <span class='ocr_line' id='line_1_42' title="bbox 143 2331 922 2372; baseline -0.006 -6"><span class='ocrx_word' id='word_1_267' title='bbox 143 2335 232 2372; x_wconf 82' lang='lat' dir='ltr'>dum,</span> <span class='ocrx_word' id='word_1_268' title='bbox 249 2338 280 2366; x_wconf 87' lang='lat' dir='ltr'>et</span> <span class='ocrx_word' id='word_1_269' title='bbox 293 2344 359 2365; x_wconf 91' lang='lat' dir='ltr'>non</span> <span class='ocrx_word' id='word_1_270' title='bbox 381 2333 578 2365; x_wconf 85' lang='lat' dir='ltr'>convertitur</span> <span class='ocrx_word' id='word_1_271' title='bbox 602 2343 608 2363; x_wconf 94' lang='lat'>:</span> <span class='ocrx_word' id='word_1_272' title='bbox 624 2341 703 2371; x_wconf 84' lang='lat' dir='ltr'>ergo</span> <span class='ocrx_word' id='word_1_273' title='bbox 718 2331 922 2362; x_wconf 84' lang='lat' dir='ltr'>communior</span> 
     </span>
     <span class='ocr_line' id='line_1_43' title="bbox 143 2385 922 2427; baseline -0.005 -8"><span class='ocrx_word' id='word_1_274' title='bbox 143 2391 189 2419; x_wconf 87' lang='lat' dir='ltr'>est</span> <span class='ocrx_word' id='word_1_275' title='bbox 203 2391 292 2419; x_wconf 88' lang='lat' dir='ltr'>actus</span> <span class='ocrx_word' id='word_1_276' title='bbox 306 2387 482 2419; x_wconf 86' lang='lat' dir='ltr'>dilectionis</span> <span class='ocrx_word' id='word_1_277' title='bbox 494 2411 502 2424; x_wconf 87' lang='lat'>‚</span> <span class='ocrx_word' id='word_1_278' title='bbox 518 2395 617 2427; x_wconf 91' lang='lat' dir='ltr'>quam</span> <span class='ocrx_word' id='word_1_279' title='bbox 640 2388 729 2416; x_wconf 86' lang='lat' dir='ltr'>actus</span> <span class='ocrx_word' id='word_1_280' title='bbox 745 2386 812 2425; x_wconf 88' lang='lat' dir='ltr'>spei</span> <span class='ocrx_word' id='word_1_281' title='bbox 825 2396 831 2423; x_wconf 94' lang='lat'>;</span> <span class='ocrx_word' id='word_1_282' title='bbox 851 2387 881 2416; x_wconf 88' lang='lat' dir='ltr'>et</span> <span class='ocrx_word' id='word_1_283' title='bbox 895 2385 922 2415; x_wconf 88' lang='lat' dir='ltr'>si</span> 
     </span>
     <span class='ocr_line' id='line_1_44' title="bbox 143 2442 564 2482; baseline -0.005 -9"><span class='ocrx_word' id='word_1_284' title='bbox 143 2443 357 2480; x_wconf 87' lang='lat' dir='ltr'>communior,</span> <span class='ocrx_word' id='word_1_285' title='bbox 373 2451 452 2482; x_wconf 84' lang='lat' dir='ltr'>ergo</span> <span class='ocrx_word' id='word_1_286' title='bbox 466 2442 564 2482; x_wconf 88' lang='lat' dir='ltr'>prior.</span> 
     </span>
    </p>

    <p class='ocr_par' dir='ltr' id='par_1_10' title="bbox 142 2494 922 2643">
     <span class='ocr_line' id='line_1_45' title="bbox 183 2494 919 2532; baseline -0.004 -5"><span class='ocrx_word' id='word_1_287' title='bbox 183 2499 213 2528; x_wconf 89' lang='grc'>6.</span> <span class='ocrx_word' id='word_1_288' title='bbox 232 2497 309 2527; x_wconf 84' lang='lat' dir='ltr'>Item</span> <span class='ocrx_word' id='word_1_289' title='bbox 333 2497 361 2527; x_wconf 88' lang='lat' dir='ltr'>is</span> <span class='ocrx_word' id='word_1_290' title='bbox 383 2498 431 2527; x_wconf 89' lang='lat' dir='ltr'>est</span> <span class='ocrx_word' id='word_1_291' title='bbox 446 2496 523 2527; x_wconf 89' lang='lat' dir='ltr'>ordo</span> <span class='ocrx_word' id='word_1_292' title='bbox 542 2495 671 2526; x_wconf 87' lang='lat' dir='ltr'>virtutis</span> <span class='ocrx_word' id='word_1_293' title='bbox 691 2495 730 2526; x_wconf 93' lang='lat' dir='ltr'>ad</span> <span class='ocrx_word' id='word_1_294' title='bbox 754 2494 919 2532; x_wconf 81' lang='lat' dir='ltr'>virtutem,</span> 
     </span>
     <span class='ocr_line' id='line_1_46' title="bbox 143 2549 922 2591; baseline -0.003 -10"><span class='ocrx_word' id='word_1_295' title='bbox 143 2551 199 2591; x_wconf 84' lang='lat' dir='ltr'>qui</span> <span class='ocrx_word' id='word_1_296' title='bbox 220 2554 266 2581; x_wconf 84' lang='lat' dir='ltr'>est</span> <span class='ocrx_word' id='word_1_297' title='bbox 290 2550 366 2581; x_wconf 90' lang='lat' dir='ltr'>ordo</span> <span class='ocrx_word' id='word_1_298' title='bbox 387 2550 467 2581; x_wconf 89' lang='lat' dir='ltr'>dotis</span> <span class='ocrx_word' id='word_1_299' title='bbox 488 2550 527 2581; x_wconf 87' lang='lat' dir='ltr'>ad</span> <span class='ocrx_word' id='word_1_300' title='bbox 548 2550 655 2580; x_wconf 84' lang='lat' dir='ltr'>dotem</span> <span class='ocrx_word' id='word_1_301' title='bbox 673 2557 680 2578; x_wconf 91' lang='lat'><strong>:</strong></span> <span class='ocrx_word' id='word_1_302' title='bbox 707 2549 760 2579; x_wconf 88' lang='lat' dir='ltr'>sed</span> <span class='ocrx_word' id='word_1_303' title='bbox 785 2549 922 2588; x_wconf 81' lang='lat' dir='ltr'>perfecta</span> 
     </span>
     <span class='ocr_line' id='line_1_47' title="bbox 142 2602 922 2643; baseline -0.004 -8"><span class='ocrx_word' id='word_1_304' title='bbox 142 2604 253 2641; x_wconf 86' lang='lat' dir='ltr'>tentio,</span> <span class='ocrx_word' id='word_1_305' title='bbox 271 2612 345 2643; x_wconf 83' lang='lat' dir='ltr'>quae</span> <span class='ocrx_word' id='word_1_306' title='bbox 364 2606 411 2634; x_wconf 85' lang='grc' dir='ltr'>θεῖ</span> <span class='ocrx_word' id='word_1_307' title='bbox 431 2603 488 2634; x_wconf 86' lang='lat' dir='ltr'>dos</span> <span class='ocrx_word' id='word_1_308' title='bbox 510 2603 761 2643; x_wconf 85' lang='lat' dir='ltr'>correspondens</span> <span class='ocrx_word' id='word_1_309' title='bbox 777 2602 854 2642; x_wconf 86' lang='lat' dir='ltr'>spei,</span> <span class='ocrx_word' id='word_1_310' title='bbox 872 2612 922 2633; x_wconf 91' lang='lat' dir='ltr'>se-</span> 
     </span>
    </p>
   </div>
   <div class='ocr_carea' id='block_1_4' title="bbox 179 2665 922 2697">
    <p class='ocr_par' dir='ltr' id='par_1_11' title="bbox 179 2665 922 2697">
     <span class='ocr_line' id='line_1_48' title="bbox 179 2665 922 2697; baseline -0.001 -7"><span class='ocrx_word' id='word_1_311' title='bbox 179 2668 185 2682; x_wconf 83' lang='lat'>¹</span> <span class='ocrx_word' id='word_1_312' title='bbox 200 2667 206 2690; x_wconf 93' lang='grc' dir='ltr'>Ι</span> <span class='ocrx_word' id='word_1_313' title='bbox 225 2666 293 2697; x_wconf 60' lang='lat' dir='ltr'>Corn,</span> <span class='ocrx_word' id='word_1_314' title='bbox 308 2672 367 2697; x_wconf 81' lang='lat' dir='ltr'>xm,</span> <span class='ocrx_word' id='word_1_315' title='bbox 384 2667 421 2690; x_wconf 81' lang='lat'>13.</span> <span class='ocrx_word' id='word_1_316' title='bbox 434 2679 461 2683; x_wconf 88' lang='lat'>—</span> <span class='ocrx_word' id='word_1_317' title='bbox 473 2666 484 2682; x_wconf 75' lang='lat'><strong>²</strong></span> <span class='ocrx_word' id='word_1_318' title='bbox 502 2665 582 2691; x_wconf 74' lang='lat' dir='ltr'>Gloss.</span> <span class='ocrx_word' id='word_1_319' title='bbox 595 2673 652 2697; x_wconf 84' lang='lat' dir='ltr'>sup.</span> <span class='ocrx_word' id='word_1_320' title='bbox 669 2666 781 2693; x_wconf 71' lang='lat' dir='ltr'>Denter„</span> <span class='ocrx_word' id='word_1_321' title='bbox 795 2671 867 2694; x_wconf 79' lang='lat' dir='ltr'>xxiv,</span> <span class='ocrx_word' id='word_1_322' title='bbox 885 2667 922 2689; x_wconf 83' lang='lat'>¹0.</span> 
     </span>
    </p>
   </div>
   <div class='ocr_carea' id='block_1_5' title="bbox 981 169 1762 425">
    <p class='ocr_par' dir='ltr' id='par_1_12' title="bbox 981 169 1762 425">
     <span class='ocr_line' id='line_1_49' title="bbox 1703 169 1762 198; baseline 0 0"><span class='ocrx_word' id='word_1_323' title='bbox 1703 169 1762 198; x_wconf 78' lang='lat'>585</span> 
     </span>
     <span class='ocr_line' id='line_1_50' title="bbox 981 234 1760 274; baseline 0.003 -10"><span class='ocrx_word' id='word_1_324' title='bbox 981 234 1092 274; x_wconf 86' lang='lat' dir='ltr'>quitur</span> <span class='ocrx_word' id='word_1_325' title='bbox 1109 234 1280 274; x_wconf 79' lang='lat' dir='ltr'>perfectam</span> <span class='ocrx_word' id='word_1_326' title='bbox 1301 234 1513 267; x_wconf 77' lang='lat' dir='ltr'>dilectionem.</span> <span class='ocrx_word' id='word_1_327' title='bbox 1532 243 1606 273; x_wconf 72' lang='lat' dir='ltr'>quae</span> <span class='ocrx_word' id='word_1_328' title='bbox 1631 237 1678 265; x_wconf 85' lang='lat' dir='ltr'>est</span> <span class='ocrx_word' id='word_1_329' title='bbox 1703 235 1760 266; x_wconf 85' lang='lat' dir='ltr'>dos</span> 
     </span>
     <span class='ocr_line' id='line_1_51' title="bbox 982 287 1758 327; baseline 0 -9"><span class='ocrx_word' id='word_1_330' title='bbox 982 288 1231 327; x_wconf 85' lang='lat' dir='ltr'>correspondens</span> <span class='ocrx_word' id='word_1_331' title='bbox 1248 287 1392 318; x_wconf 85' lang='lat' dir='ltr'>charitati</span> <span class='ocrx_word' id='word_1_332' title='bbox 1409 297 1416 318; x_wconf 92' lang='lat'>:</span> <span class='ocrx_word' id='word_1_333' title='bbox 1433 297 1511 327; x_wconf 82' lang='lat' dir='ltr'>ergo</span> <span class='ocrx_word' id='word_1_334' title='bbox 1528 287 1653 317; x_wconf 83' lang='lat' dir='ltr'>videtur</span> <span class='ocrx_word' id='word_1_335' title='bbox 1672 288 1758 327; x_wconf 81' lang='lat' dir='ltr'>quod</span> 
     </span>
     <span class='ocr_line' id='line_1_52' title="bbox 982 340 1757 381; baseline 0.001 -11"><span class='ocrx_word' id='word_1_336' title='bbox 982 340 1016 371; x_wconf 89' lang='lat' dir='ltr'>in</span> <span class='ocrx_word' id='word_1_337' title='bbox 1042 341 1095 372; x_wconf 86' lang='lat' dir='ltr'>via</span> <span class='ocrx_word' id='word_1_338' title='bbox 1120 341 1257 372; x_wconf 79' lang='lat' dir='ltr'>charitas</span> <span class='ocrx_word' id='word_1_339' title='bbox 1282 341 1439 381; x_wconf 71' lang='lat' dir='ltr'>praecedat</span> <span class='ocrx_word' id='word_1_340' title='bbox 1466 350 1555 381; x_wconf 89' lang='lat' dir='ltr'>spem</span> <span class='ocrx_word' id='word_1_341' title='bbox 1581 341 1757 372; x_wconf 80' lang='lat' dir='ltr'>secuudum</span> 
     </span>
     <span class='ocr_line' id='line_1_53' title="bbox 982 394 1330 425; baseline 0.003 -2"><span class='ocrx_word' id='word_1_342' title='bbox 982 394 1158 424; x_wconf 70' lang='lat' dir='ltr'>naturalem</span> <span class='ocrx_word' id='word_1_343' title='bbox 1174 395 1330 425; x_wconf 88' lang='lat' dir='ltr'>ordinem.</span> 
     </span>
    </p>
   </div>
   <div class='ocr_carea' id='block_1_6' title="bbox 1254 492 1481 524">
    <p class='ocr_par' dir='ltr' id='par_1_13' title="bbox 1254 492 1481 524">
     <span class='ocr_line' id='line_1_54' title="bbox 1254 492 1481 524; baseline 0 -1"><span class='ocrx_word' id='word_1_344' title='bbox 1254 492 1481 524; x_wconf 70' lang='lat' dir='ltr'>CONCLUSIO.</span> 
     </span>
    </p>
   </div>
   <div class='ocr_carea' id='block_1_7' title="bbox 982 568 1758 738">
    <p class='ocr_par' dir='ltr' id='par_1_14' title="bbox 982 568 1758 738">
     <span class='ocr_line' id='line_1_55' title="bbox 982 568 1757 603; baseline 0.001 -8"><span class='ocrx_word' id='word_1_345' title='bbox 982 568 1045 602; x_wconf 82' lang='lat' dir='ltr'>Spes</span> <span class='ocrx_word' id='word_1_346' title='bbox 1064 571 1089 595; x_wconf 76' lang='lat' dir='ltr'>et</span> <span class='ocrx_word' id='word_1_347' title='bbox 1103 569 1222 595; x_wconf 75' lang='lat' dir='ltr'>charitas</span> <span class='ocrx_word' id='word_1_348' title='bbox 1240 577 1271 595; x_wconf 80' lang='lat' dir='ltr'>ea</span> <span class='ocrx_word' id='word_1_349' title='bbox 1290 571 1395 596; x_wconf 74' lang='lat' dir='ltr'>ratione</span> <span class='ocrx_word' id='word_1_350' title='bbox 1409 577 1462 603; x_wconf 77' lang='lat' dir='ltr'>qua</span> <span class='ocrx_word' id='word_1_351' title='bbox 1483 569 1579 596; x_wconf 75' lang='lat' dir='ltr'>habitu</span> <span class='ocrx_word' id='word_1_352' title='bbox 1600 572 1679 603; x_wconf 72' lang='lat' dir='ltr'>sunt,</span> <span class='ocrx_word' id='word_1_353' title='bbox 1705 578 1757 596; x_wconf 78' lang='lat' dir='ltr'>non</span> 
     </span>
     <span class='ocr_line' id='line_1_56' title="bbox 1016 614 1756 648; baseline 0.001 -9"><span class='ocrx_word' id='word_1_354' title='bbox 1016 614 1203 647; x_wconf 75' lang='lat' dir='ltr'>sepraecedunt</span> <span class='ocrx_word' id='word_1_355' title='bbox 1214 624 1220 640; x_wconf 91' lang='lat'>:</span> <span class='ocrx_word' id='word_1_356' title='bbox 1233 614 1334 648; x_wconf 69' lang='lat' dir='ltr'>quodsi</span> <span class='ocrx_word' id='word_1_357' title='bbox 1348 614 1384 640; x_wconf 71' lang='lat' dir='ltr'>acl</span> <span class='ocrx_word' id='word_1_358' title='bbox 1398 617 1472 640; x_wconf 76' lang='lat' dir='ltr'>actus</span> <span class='ocrx_word' id='word_1_359' title='bbox 1486 622 1544 640; x_wconf 73' lang='lat' dir='ltr'>suos</span> <span class='ocrx_word' id='word_1_360' title='bbox 1558 622 1601 640; x_wconf 79' lang='lat' dir='ltr'>cas</span> <span class='ocrx_word' id='word_1_361' title='bbox 1612 622 1756 648; x_wconf 78' lang='lat' dir='ltr'>compares,</span> 
     </span>
     <span class='ocr_line' id='line_1_57' title="bbox 1017 659 1758 693; baseline 0.001 -9"><span class='ocrx_word' id='word_1_362' title='bbox 1017 661 1092 684; x_wconf 78' lang='lat' dir='ltr'>aclas</span> <span class='ocrx_word' id='word_1_363' title='bbox 1112 660 1170 693; x_wconf 76' lang='lat' dir='ltr'>spei</span> <span class='ocrx_word' id='word_1_364' title='bbox 1195 661 1335 693; x_wconf 63' lang='lat' dir='ltr'>praeparat</span> <span class='ocrx_word' id='word_1_365' title='bbox 1359 659 1395 685; x_wconf 74' lang='lat' dir='ltr'>ad</span> <span class='ocrx_word' id='word_1_366' title='bbox 1421 662 1510 685; x_wconf 81' lang='lat' dir='ltr'>czctwn</span> <span class='ocrx_word' id='word_1_367' title='bbox 1542 660 1686 686; x_wconf 75' lang='lat' dir='ltr'>charitatis</span> <span class='ocrx_word' id='word_1_368' title='bbox 1705 668 1713 685; x_wconf 89' lang='lat'>:</span> <span class='ocrx_word' id='word_1_369' title='bbox 1733 662 1758 685; x_wconf 76' lang='lat' dir='ltr'>ec</span> 
     </span>
     <span class='ocr_line' id='line_1_58' title="bbox 1017 703 1609 738; baseline -0.002 -9"><span class='ocrx_word' id='word_1_370' title='bbox 1017 704 1122 730; x_wconf 78' lang='lat' dir='ltr'>ratione</span> <span class='ocrx_word' id='word_1_371' title='bbox 1134 703 1211 737; x_wconf 74' lang='lat' dir='ltr'>hujus</span> <span class='ocrx_word' id='word_1_372' title='bbox 1225 711 1282 738; x_wconf 72' lang='lat' dir='ltr'>spes</span> <span class='ocrx_word' id='word_1_373' title='bbox 1296 704 1456 730; x_wconf 76' lang='lat' dir='ltr'>charitatem</span> <span class='ocrx_word' id='word_1_374' title='bbox 1470 704 1609 738; x_wconf 77' lang='lat' dir='ltr'>proeccdz&#39;t.</span> 
     </span>
    </p>
   </div>
   <div class='ocr_carea' id='block_1_8' title="bbox 977 772 1760 2692">
    <p class='ocr_par' dir='ltr' id='par_1_15' title="bbox 977 772 1760 2212">
     <span class='ocr_line' id='line_1_59' title="bbox 1021 772 1756 813; baseline 0.001 -10"><span class='ocrx_word' id='word_1_375' title='bbox 1021 772 1112 813; x_wconf 83' lang='lat' dir='ltr'>Resp.</span> <span class='ocrx_word' id='word_1_376' title='bbox 1133 773 1170 803; x_wconf 85' lang='lat' dir='ltr'>ad</span> <span class='ocrx_word' id='word_1_377' title='bbox 1186 782 1256 812; x_wconf 71' lang='lat' dir='ltr'>arg.</span> <span class='ocrx_word' id='word_1_378' title='bbox 1284 773 1457 804; x_wconf 74' lang='lat' dir='ltr'>Dicendum</span> <span class='ocrx_word' id='word_1_379' title='bbox 1480 774 1565 813; x_wconf 86' lang='lat' dir='ltr'>quod</span> <span class='ocrx_word' id='word_1_380' title='bbox 1588 774 1756 813; x_wconf 52' lang='lat' dir='ltr'>dupliciter</span> 
     </span>
     <span class='ocr_line' id='line_1_60' title="bbox 981 827 1755 867; baseline 0.001 -11"><span class='ocrx_word' id='word_1_381' title='bbox 981 828 1027 856; x_wconf 87' lang='lat' dir='ltr'>est</span> <span class='ocrx_word' id='word_1_382' title='bbox 1059 836 1243 867; x_wconf 87' lang='lat' dir='ltr'>comparare</span> <span class='ocrx_word' id='word_1_383' title='bbox 1275 827 1422 857; x_wconf 87' lang='lat' dir='ltr'>habitum</span> <span class='ocrx_word' id='word_1_384' title='bbox 1450 827 1516 866; x_wconf 78' lang='lat' dir='ltr'>spei</span> <span class='ocrx_word' id='word_1_385' title='bbox 1548 827 1587 857; x_wconf 86' lang='lat' dir='ltr'>ad</span> <span class='ocrx_word' id='word_1_386' title='bbox 1610 827 1755 857; x_wconf 86' lang='lat' dir='ltr'>habitum</span> 
     </span>
     <span class='ocr_line' id='line_1_61' title="bbox 980 879 1758 917; baseline 0.003 -8"><span class='ocrx_word' id='word_1_387' title='bbox 980 879 1142 909; x_wconf 83' lang='lat' dir='ltr'>charitatis</span> <span class='ocrx_word' id='word_1_388' title='bbox 1156 891 1160 910; x_wconf 95' lang='lat'>:</span> <span class='ocrx_word' id='word_1_389' title='bbox 1174 882 1229 910; x_wconf 87' lang='lat' dir='ltr'>aut</span> <span class='ocrx_word' id='word_1_390' title='bbox 1244 880 1365 910; x_wconf 88' lang='lat' dir='ltr'>ratione</span> <span class='ocrx_word' id='word_1_391' title='bbox 1382 880 1562 917; x_wconf 81' lang='lat' dir='ltr'>habituum,</span> <span class='ocrx_word' id='word_1_392' title='bbox 1580 881 1758 911; x_wconf 66' lang='lat' dir='ltr'>seeundum</span> 
     </span>
     <span class='ocr_line' id='line_1_62' title="bbox 981 933 1757 970; baseline 0.001 -7"><span class='ocrx_word' id='word_1_393' title='bbox 981 942 1013 963; x_wconf 90' lang='lat' dir='ltr'>se</span> <span class='ocrx_word' id='word_1_394' title='bbox 1037 934 1326 970; x_wconf 78' lang='lat' dir='ltr'>cousiderat01·un1;</span> <span class='ocrx_word' id='word_1_395' title='bbox 1355 936 1409 964; x_wconf 86' lang='lat' dir='ltr'>aut</span> <span class='ocrx_word' id='word_1_396' title='bbox 1437 934 1559 964; x_wconf 83' lang='lat' dir='ltr'>ratione</span> <span class='ocrx_word' id='word_1_397' title='bbox 1585 933 1757 964; x_wconf 75' lang='lat' dir='ltr'>habituum</span> 
     </span>
     <span class='ocr_line' id='line_1_63' title="bbox 981 987 1758 1027; baseline 0.003 -11"><span class='ocrx_word' id='word_1_398' title='bbox 981 991 1239 1027; x_wconf 73' lang='lat' dir='ltr'>comparatorum</span> <span class='ocrx_word' id='word_1_399' title='bbox 1271 988 1308 1018; x_wconf 59' lang='lat' dir='ltr'>azl</span> <span class='ocrx_word' id='word_1_400' title='bbox 1333 990 1431 1018; x_wconf 71' lang='lat' dir='ltr'>actus</span> <span class='ocrx_word' id='word_1_401' title='bbox 1459 987 1491 1017; x_wconf 83' lang='lat' dir='ltr'>Si</span> <span class='ocrx_word' id='word_1_402' title='bbox 1518 987 1689 1027; x_wconf 81' lang='lat' dir='ltr'>loquamur</span> <span class='ocrx_word' id='word_1_403' title='bbox 1720 988 1758 1018; x_wconf 76' lang='lat' dir='ltr'>de</span> 
     </span>
     <span class='ocr_line' id='line_1_64' title="bbox 980 1041 1759 1080; baseline 0.001 -10"><span class='ocrx_word' id='word_1_404' title='bbox 980 1041 1057 1080; x_wconf 87' lang='lat' dir='ltr'>ipsis</span> <span class='ocrx_word' id='word_1_405' title='bbox 1072 1041 1234 1072; x_wconf 74' lang='lat' dir='ltr'>habitibus</span> <span class='ocrx_word' id='word_1_406' title='bbox 1244 1041 1422 1072; x_wconf 82' lang='lat' dir='ltr'>secundum</span> <span class='ocrx_word' id='word_1_407' title='bbox 1437 1050 1468 1071; x_wconf 82' lang='lat' dir='ltr'>se</span> <span class='ocrx_word' id='word_1_408' title='bbox 1485 1041 1700 1079; x_wconf 77' lang='lat' dir='ltr'>consideratis,</span> <span class='ocrx_word' id='word_1_409' title='bbox 1715 1042 1759 1071; x_wconf 82' lang='lat' dir='ltr'>sie</span> 
     </span>
     <span class='ocr_line' id='line_1_65' title="bbox 980 1095 1760 1128; baseline 0.001 -4"><span class='ocrx_word' id='word_1_410' title='bbox 980 1103 1045 1124; x_wconf 87' lang='lat' dir='ltr'>nou</span> <span class='ocrx_word' id='word_1_411' title='bbox 1068 1095 1185 1125; x_wconf 77' lang='lat' dir='ltr'>hahent</span> <span class='ocrx_word' id='word_1_412' title='bbox 1207 1095 1367 1128; x_wconf 78' lang='lat' dir='ltr'>ordinem.</span> <span class='ocrx_word' id='word_1_413' title='bbox 1385 1095 1436 1126; x_wconf 85' lang='lat' dir='ltr'>sed</span> <span class='ocrx_word' id='word_1_414' title='bbox 1452 1095 1646 1125; x_wconf 62' lang='lat' dir='ltr'>simultatem</span> <span class='ocrx_word' id='word_1_415' title='bbox 1665 1105 1670 1124; x_wconf 92' lang='lat'>:</span> <span class='ocrx_word' id='word_1_416' title='bbox 1690 1105 1760 1126; x_wconf 89' lang='lat' dir='ltr'>om-</span> 
     </span>
     <span class='ocr_line' id='line_1_66' title="bbox 980 1148 1759 1188; baseline 0.001 -10"><span class='ocrx_word' id='word_1_417' title='bbox 980 1158 1036 1178; x_wconf 89' lang='lat' dir='ltr'>nes</span> <span class='ocrx_word' id='word_1_418' title='bbox 1051 1149 1137 1179; x_wconf 90' lang='lat' dir='ltr'>enim</span> <span class='ocrx_word' id='word_1_419' title='bbox 1154 1149 1287 1179; x_wconf 79' lang='lat' dir='ltr'>virtutes</span> <span class='ocrx_word' id='word_1_420' title='bbox 1302 1149 1452 1188; x_wconf 84' lang='lat' dir='ltr'>gratuitae</span> <span class='ocrx_word' id='word_1_421' title='bbox 1467 1148 1562 1179; x_wconf 89' lang='lat' dir='ltr'>simul</span> <span class='ocrx_word' id='word_1_422' title='bbox 1580 1149 1759 1179; x_wconf 84' lang='lat' dir='ltr'>infundun-</span> 
     </span>
     <span class='ocr_line' id='line_1_67' title="bbox 980 1202 1759 1242; baseline 0 -10"><span class='ocrx_word' id='word_1_423' title='bbox 980 1204 1044 1240; x_wconf 75' lang='lat' dir='ltr'>tur,</span> <span class='ocrx_word' id='word_1_424' title='bbox 1059 1203 1234 1233; x_wconf 83' lang='lat' dir='ltr'>secundum</span> <span class='ocrx_word' id='word_1_425' title='bbox 1249 1202 1334 1242; x_wconf 84' lang='lat' dir='ltr'>quod</span> <span class='ocrx_word' id='word_1_426' title='bbox 1348 1202 1431 1232; x_wconf 81' lang='lat' dir='ltr'>infra</span> <span class='ocrx_word' id='word_1_427' title='bbox 1446 1203 1710 1233; x_wconf 81' lang='lat' dir='ltr'>manifestabitur.</span> <span class='ocrx_word' id='word_1_428' title='bbox 1726 1202 1759 1233; x_wconf 89' lang='lat' dir='ltr'>Si</span> 
     </span>
     <span class='ocr_line' id='line_1_68' title="bbox 981 1256 1758 1295; baseline 0.001 -10"><span class='ocrx_word' id='word_1_429' title='bbox 981 1258 1087 1285; x_wconf 86' lang='lat' dir='ltr'>autem</span> <span class='ocrx_word' id='word_1_430' title='bbox 1102 1256 1273 1295; x_wconf 82' lang='lat' dir='ltr'>loquamur</span> <span class='ocrx_word' id='word_1_431' title='bbox 1292 1256 1329 1286; x_wconf 88' lang='lat' dir='ltr'>de</span> <span class='ocrx_word' id='word_1_432' title='bbox 1345 1256 1419 1295; x_wconf 87' lang='lat' dir='ltr'>ipsis</span> <span class='ocrx_word' id='word_1_433' title='bbox 1436 1256 1597 1286; x_wconf 86' lang='lat' dir='ltr'>habitibus</span> <span class='ocrx_word' id='word_1_434' title='bbox 1619 1256 1652 1285; x_wconf 90' lang='lat' dir='ltr'>in</span> <span class='ocrx_word' id='word_1_435' title='bbox 1674 1265 1758 1286; x_wconf 79' lang='lat' dir='ltr'>com-</span> 
     </span>
     <span class='ocr_line' id='line_1_69' title="bbox 980 1309 1758 1348; baseline 0.003 -10"><span class='ocrx_word' id='word_1_436' title='bbox 980 1309 1143 1348; x_wconf 74' lang='lat' dir='ltr'>paratifflie</span> <span class='ocrx_word' id='word_1_437' title='bbox 1159 1310 1196 1339; x_wconf 77' lang='lat' dir='ltr'>ad</span> <span class='ocrx_word' id='word_1_438' title='bbox 1213 1312 1318 1347; x_wconf 85' lang='lat' dir='ltr'>aetus,</span> <span class='ocrx_word' id='word_1_439' title='bbox 1336 1310 1380 1339; x_wconf 90' lang='lat' dir='ltr'>sic</span> <span class='ocrx_word' id='word_1_440' title='bbox 1396 1319 1478 1339; x_wconf 89' lang='lat' dir='ltr'>unus</span> <span class='ocrx_word' id='word_1_441' title='bbox 1498 1309 1593 1339; x_wconf 82' lang='lat' dir='ltr'>habet</span> <span class='ocrx_word' id='word_1_442' title='bbox 1612 1310 1758 1340; x_wconf 74' lang='lat' dir='ltr'>ordinem</span> 
     </span>
     <span class='ocr_line' id='line_1_70' title="bbox 979 1362 1757 1403; baseline 0.001 -11"><span class='ocrx_word' id='word_1_443' title='bbox 979 1362 1020 1393; x_wconf 90' lang='lat' dir='ltr'>ad</span> <span class='ocrx_word' id='word_1_444' title='bbox 1041 1362 1188 1401; x_wconf 80' lang='lat' dir='ltr'>alterum,</span> <span class='ocrx_word' id='word_1_445' title='bbox 1206 1364 1282 1403; x_wconf 85' lang='lat' dir='ltr'>quia</span> <span class='ocrx_word' id='word_1_446' title='bbox 1308 1366 1397 1394; x_wconf 84' lang='lat' dir='ltr'>actus</span> <span class='ocrx_word' id='word_1_447' title='bbox 1423 1363 1518 1394; x_wconf 87' lang='lat' dir='ltr'>unius</span> <span class='ocrx_word' id='word_1_448' title='bbox 1545 1366 1704 1403; x_wconf 61' lang='lat' dir='ltr'>praeparat</span> <span class='ocrx_word' id='word_1_449' title='bbox 1727 1366 1757 1394; x_wconf 89' lang='lat' dir='ltr'>et</span> 
     </span>
     <span class='ocr_line' id='line_1_71' title="bbox 980 1418 1758 1459; baseline 0.001 -11"><span class='ocrx_word' id='word_1_450' title='bbox 980 1418 1117 1457; x_wconf 87' lang='lat' dir='ltr'>disponit</span> <span class='ocrx_word' id='word_1_451' title='bbox 1140 1419 1179 1449; x_wconf 73' lang='lat' dir='ltr'>a¹l</span> <span class='ocrx_word' id='word_1_452' title='bbox 1201 1421 1309 1449; x_wconf 88' lang='lat' dir='ltr'>actum</span> <span class='ocrx_word' id='word_1_453' title='bbox 1331 1419 1476 1456; x_wconf 85' lang='lat' dir='ltr'>alterius,</span> <span class='ocrx_word' id='word_1_454' title='bbox 1495 1421 1525 1449; x_wconf 85' lang='lat' dir='ltr'>et</span> <span class='ocrx_word' id='word_1_455' title='bbox 1548 1420 1758 1459; x_wconf 61' lang='lat' dir='ltr'>praeparando</span> 
     </span>
     <span class='ocr_line' id='line_1_72' title="bbox 979 1472 1758 1513; baseline 0.005 -12"><span class='ocrx_word' id='word_1_456' title='bbox 979 1475 1009 1502; x_wconf 89' lang='lat' dir='ltr'>et</span> <span class='ocrx_word' id='word_1_457' title='bbox 1023 1472 1236 1512; x_wconf 85' lang='lat' dir='ltr'>disponendo,</span> <span class='ocrx_word' id='word_1_458' title='bbox 1253 1476 1299 1504; x_wconf 86' lang='lat' dir='ltr'>est</span> <span class='ocrx_word' id='word_1_459' title='bbox 1314 1475 1383 1513; x_wconf 61' lang='lat' dir='ltr'>eius</span> <span class='ocrx_word' id='word_1_460' title='bbox 1401 1474 1541 1513; x_wconf 81' lang='lat' dir='ltr'>quodam</span> <span class='ocrx_word' id='word_1_461' title='bbox 1558 1474 1652 1504; x_wconf 86' lang='lat' dir='ltr'>modo</span> <span class='ocrx_word' id='word_1_462' title='bbox 1669 1474 1758 1513; x_wconf 89' lang='lat' dir='ltr'>prin-</span> 
     </span>
     <span class='ocr_line' id='line_1_73' title="bbox 979 1526 1757 1567; baseline 0.003 -11"><span class='ocrx_word' id='word_1_463' title='bbox 979 1526 1099 1566; x_wconf 82' lang='lat' dir='ltr'>cipium</span> <span class='ocrx_word' id='word_1_464' title='bbox 1119 1529 1149 1557; x_wconf 87' lang='lat' dir='ltr'>et</span> <span class='ocrx_word' id='word_1_465' title='bbox 1170 1527 1263 1566; x_wconf 81' lang='lat' dir='ltr'>origo</span> <span class='ocrx_word' id='word_1_466' title='bbox 1279 1536 1286 1557; x_wconf 93' lang='lat'>:</span> <span class='ocrx_word' id='word_1_467' title='bbox 1302 1530 1333 1558; x_wconf 85' lang='lat' dir='ltr'>et</span> <span class='ocrx_word' id='word_1_468' title='bbox 1357 1527 1479 1557; x_wconf 81' lang='lat' dir='ltr'>ratione</span> <span class='ocrx_word' id='word_1_469' title='bbox 1500 1527 1570 1556; x_wconf 82' lang='lat' dir='ltr'>talis</span> <span class='ocrx_word' id='word_1_470' title='bbox 1596 1536 1757 1567; x_wconf 81' lang='lat' dir='ltr'>praepara-</span> 
     </span>
     <span class='ocr_line' id='line_1_74' title="bbox 980 1580 1756 1619; baseline 0.001 -9"><span class='ocrx_word' id='word_1_471' title='bbox 980 1580 1075 1610; x_wconf 86' lang='lat' dir='ltr'>tionis</span> <span class='ocrx_word' id='word_1_472' title='bbox 1102 1583 1133 1610; x_wconf 87' lang='lat' dir='ltr'>et</span> <span class='ocrx_word' id='word_1_473' title='bbox 1157 1581 1311 1619; x_wconf 77' lang='lat' dir='ltr'>originis,</span> <span class='ocrx_word' id='word_1_474' title='bbox 1337 1583 1383 1611; x_wconf 87' lang='lat' dir='ltr'>est</span> <span class='ocrx_word' id='word_1_475' title='bbox 1406 1580 1449 1610; x_wconf 88' lang='lat' dir='ltr'>ibi</span> <span class='ocrx_word' id='word_1_476' title='bbox 1475 1580 1563 1611; x_wconf 84' lang='lat' dir='ltr'>ordO.</span> <span class='ocrx_word' id='word_1_477' title='bbox 1597 1580 1756 1617; x_wconf 85' lang='lat' dir='ltr'>Quoniam</span> 
     </span>
     <span class='ocr_line' id='line_1_75' title="bbox 979 1634 1757 1674; baseline 0.001 -10"><span class='ocrx_word' id='word_1_478' title='bbox 979 1644 1057 1673; x_wconf 69' lang='lat' dir='ltr'>crgo</span> <span class='ocrx_word' id='word_1_479' title='bbox 1072 1637 1161 1664; x_wconf 84' lang='lat' dir='ltr'>actus</span> <span class='ocrx_word' id='word_1_480' title='bbox 1175 1634 1241 1674; x_wconf 88' lang='lat' dir='ltr'>spei</span> <span class='ocrx_word' id='word_1_481' title='bbox 1265 1637 1422 1674; x_wconf 63' lang='lat' dir='ltr'>praeparat</span> <span class='ocrx_word' id='word_1_482' title='bbox 1437 1637 1467 1664; x_wconf 87' lang='lat' dir='ltr'>et</span> <span class='ocrx_word' id='word_1_483' title='bbox 1483 1634 1619 1673; x_wconf 88' lang='lat' dir='ltr'>disponit</span> <span class='ocrx_word' id='word_1_484' title='bbox 1642 1634 1682 1665; x_wconf 87' lang='lat' dir='ltr'>ad</span> <span class='ocrx_word' id='word_1_485' title='bbox 1704 1644 1757 1665; x_wconf 90' lang='lat' dir='ltr'>ac-</span> 
     </span>
     <span class='ocr_line' id='line_1_76' title="bbox 978 1687 1758 1728; baseline 0 -9"><span class='ocrx_word' id='word_1_486' title='bbox 978 1691 1048 1719; x_wconf 87' lang='lat' dir='ltr'>tum</span> <span class='ocrx_word' id='word_1_487' title='bbox 1064 1688 1225 1719; x_wconf 85' lang='lat' dir='ltr'>charitatis</span> <span class='ocrx_word' id='word_1_488' title='bbox 1241 1691 1394 1728; x_wconf 87' lang='lat' dir='ltr'>tanquam</span> <span class='ocrx_word' id='word_1_489' title='bbox 1408 1687 1446 1718; x_wconf 88' lang='lat' dir='ltr'>ad</span> <span class='ocrx_word' id='word_1_490' title='bbox 1462 1688 1688 1728; x_wconf 68' lang='lat' dir='ltr'>perfectionem</span> <span class='ocrx_word' id='word_1_491' title='bbox 1701 1713 1708 1724; x_wconf 87' lang='lat'>‚</span> <span class='ocrx_word' id='word_1_492' title='bbox 1727 1691 1758 1719; x_wconf 87' lang='lat' dir='ltr'>et</span> 
     </span>
     <span class='ocr_line' id='line_1_77' title="bbox 978 1742 1759 1783; baseline 0.003 -11"><span class='ocrx_word' id='word_1_493' title='bbox 978 1743 1152 1783; x_wconf 86' lang='lat' dir='ltr'>spiritualis</span> <span class='ocrx_word' id='word_1_494' title='bbox 1182 1742 1309 1773; x_wconf 79' lang='lat' dir='ltr'>aedificii</span> <span class='ocrx_word' id='word_1_495' title='bbox 1337 1742 1626 1782; x_wconf 77' lang='lat' dir='ltr'>complementum,</span> <span class='ocrx_word' id='word_1_496' title='bbox 1664 1752 1759 1774; x_wconf 91' lang='lat' dir='ltr'>nemo</span> 
     </span>
     <span class='ocr_line' id='line_1_78' title="bbox 979 1796 1760 1836; baseline -0.001 -9"><span class='ocrx_word' id='word_1_497' title='bbox 979 1797 1064 1827; x_wconf 90' lang='lat' dir='ltr'>enim</span> <span class='ocrx_word' id='word_1_498' title='bbox 1089 1797 1191 1836; x_wconf 77' lang='lat' dir='ltr'>diligit</span> <span class='ocrx_word' id='word_1_499' title='bbox 1215 1796 1336 1836; x_wconf 85' lang='lat' dir='ltr'>aliquid</span> <span class='ocrx_word' id='word_1_500' title='bbox 1359 1796 1481 1826; x_wconf 90' lang='lat' dir='ltr'>bonum</span> <span class='ocrx_word' id='word_1_501' title='bbox 1505 1799 1634 1835; x_wconf 89' lang='lat' dir='ltr'>propter</span> <span class='ocrx_word' id='word_1_502' title='bbox 1658 1805 1702 1833; x_wconf 83' lang='lat' dir='ltr'>se,</span> <span class='ocrx_word' id='word_1_503' title='bbox 1729 1798 1760 1826; x_wconf 88' lang='lat' dir='ltr'>et</span> 
     </span>
     <span class='ocr_line' id='line_1_79' title="bbox 980 1849 1759 1891; baseline 0 -10"><span class='ocrx_word' id='word_1_504' title='bbox 980 1860 1076 1891; x_wconf 90' lang='lat' dir='ltr'>super</span> <span class='ocrx_word' id='word_1_505' title='bbox 1090 1851 1214 1888; x_wconf 87' lang='lat' dir='ltr'>onmia,</span> <span class='ocrx_word' id='word_1_506' title='bbox 1230 1850 1292 1880; x_wconf 88' lang='lat' dir='ltr'>nisi</span> <span class='ocrx_word' id='word_1_507' title='bbox 1307 1852 1410 1889; x_wconf 86' lang='lat' dir='ltr'>speret</span> <span class='ocrx_word' id='word_1_508' title='bbox 1424 1859 1457 1880; x_wconf 88' lang='lat' dir='ltr'>se</span> <span class='ocrx_word' id='word_1_509' title='bbox 1471 1849 1511 1880; x_wconf 87' lang='lat' dir='ltr'>ad</span> <span class='ocrx_word' id='word_1_510' title='bbox 1532 1849 1612 1880; x_wconf 89' lang='lat' dir='ltr'>illud</span> <span class='ocrx_word' id='word_1_511' title='bbox 1636 1850 1759 1881; x_wconf 88' lang='lat' dir='ltr'>honum</span> 
     </span>
     <span class='ocr_line' id='line_1_80' title="bbox 977 1901 1760 1943; baseline -0.001 -10"><span class='ocrx_word' id='word_1_512' title='bbox 977 1905 1226 1943; x_wconf 79' lang='lat' dir='ltr'>perventurum,</span> <span class='ocrx_word' id='word_1_513' title='bbox 1242 1902 1318 1932; x_wconf 89' lang='lat' dir='ltr'>hinc</span> <span class='ocrx_word' id='word_1_514' title='bbox 1337 1904 1385 1931; x_wconf 87' lang='lat' dir='ltr'>est</span> <span class='ocrx_word' id='word_1_515' title='bbox 1402 1901 1487 1940; x_wconf 87' lang='lat' dir='ltr'>quod</span> <span class='ocrx_word' id='word_1_516' title='bbox 1511 1901 1690 1932; x_wconf 88' lang='lat' dir='ltr'>secundum</span> <span class='ocrx_word' id='word_1_517' title='bbox 1705 1912 1760 1932; x_wconf 89' lang='lat' dir='ltr'>or-</span> 
     </span>
     <span class='ocr_line' id='line_1_81' title="bbox 978 1955 1759 1995; baseline 0 -8"><span class='ocrx_word' id='word_1_518' title='bbox 978 1958 1086 1989; x_wconf 88' lang='lat' dir='ltr'>dinem</span> <span class='ocrx_word' id='word_1_519' title='bbox 1108 1959 1234 1988; x_wconf 87' lang='lat' dir='ltr'>naturae</span> <span class='ocrx_word' id='word_1_520' title='bbox 1260 1958 1350 1986; x_wconf 88' lang='lat' dir='ltr'>actus</span> <span class='ocrx_word' id='word_1_521' title='bbox 1374 1955 1441 1995; x_wconf 89' lang='lat' dir='ltr'>spei</span> <span class='ocrx_word' id='word_1_522' title='bbox 1464 1956 1621 1986; x_wconf 85' lang='lat' dir='ltr'>antecedit</span> <span class='ocrx_word' id='word_1_523' title='bbox 1650 1958 1759 1987; x_wconf 87' lang='lat' dir='ltr'>actum</span> 
     </span>
     <span class='ocr_line' id='line_1_82' title="bbox 978 2009 1757 2049; baseline -0.004 -7"><span class='ocrx_word' id='word_1_524' title='bbox 978 2012 1140 2042; x_wconf 80' lang='lat' dir='ltr'>charitatis</span> <span class='ocrx_word' id='word_1_525' title='bbox 1157 2022 1163 2040; x_wconf 90' lang='lat'>:</span> <span class='ocrx_word' id='word_1_526' title='bbox 1181 2013 1211 2041; x_wconf 90' lang='lat' dir='ltr'>et</span> <span class='ocrx_word' id='word_1_527' title='bbox 1225 2010 1300 2041; x_wconf 89' lang='lat' dir='ltr'>hinc</span> <span class='ocrx_word' id='word_1_528' title='bbox 1315 2012 1362 2040; x_wconf 89' lang='lat' dir='ltr'>est</span> <span class='ocrx_word' id='word_1_529' title='bbox 1377 2009 1463 2049; x_wconf 90' lang='lat' dir='ltr'>quod</span> <span class='ocrx_word' id='word_1_530' title='bbox 1478 2009 1606 2040; x_wconf 86' lang='lat' dir='ltr'>habitus</span> <span class='ocrx_word' id='word_1_531' title='bbox 1623 2009 1704 2049; x_wconf 82' lang='lat' dir='ltr'>spei,</span> <span class='ocrx_word' id='word_1_532' title='bbox 1723 2010 1757 2040; x_wconf 92' lang='lat' dir='ltr'>in</span> 
     </span>
     <span class='ocr_line' id='line_1_83' title="bbox 979 2063 1758 2105; baseline -0.003 -10"><span class='ocrx_word' id='word_1_533' title='bbox 979 2065 1214 2105; x_wconf 86' lang='lat' dir='ltr'>comparatione</span> <span class='ocrx_word' id='word_1_534' title='bbox 1244 2064 1285 2094; x_wconf 88' lang='lat' dir='ltr'>ad</span> <span class='ocrx_word' id='word_1_535' title='bbox 1315 2063 1411 2094; x_wconf 88' lang='lat' dir='ltr'>talem</span> <span class='ocrx_word' id='word_1_536' title='bbox 1445 2065 1554 2094; x_wconf 88' lang='lat' dir='ltr'>actum</span> <span class='ocrx_word' id='word_1_537' title='bbox 1568 2087 1575 2100; x_wconf 86' lang='lat'>‚</span> <span class='ocrx_word' id='word_1_538' title='bbox 1606 2063 1758 2094; x_wconf 85' lang='lat' dir='ltr'>charitate</span> 
     </span>
     <span class='ocr_line' id='line_1_84' title="bbox 978 2116 1757 2158; baseline -0.003 -9"><span class='ocrx_word' id='word_1_539' title='bbox 978 2119 1065 2158; x_wconf 88' lang='lat' dir='ltr'>prior</span> <span class='ocrx_word' id='word_1_540' title='bbox 1079 2120 1136 2149; x_wconf 89' lang='grc' dir='ltr'><strong>θεῖ.</strong></span> <span class='ocrx_word' id='word_1_541' title='bbox 1153 2117 1241 2149; x_wconf 90' lang='lat' dir='ltr'>Unde</span> <span class='ocrx_word' id='word_1_542' title='bbox 1254 2116 1463 2148; x_wconf 74' lang='lat' dir='ltr'>concedendae</span> <span class='ocrx_word' id='word_1_543' title='bbox 1476 2119 1553 2147; x_wconf 89' lang='lat' dir='ltr'>sunt</span> <span class='ocrx_word' id='word_1_544' title='bbox 1565 2117 1703 2147; x_wconf 83' lang='lat' dir='ltr'>rationes</span> <span class='ocrx_word' id='word_1_545' title='bbox 1717 2117 1757 2148; x_wconf 88' lang='lat' dir='ltr'>ad</span> 
     </span>
     <span class='ocr_line' id='line_1_85' title="bbox 978 2172 1222 2212; baseline -0.004 -9"><span class='ocrx_word' id='word_1_546' title='bbox 978 2172 1072 2203; x_wconf 86' lang='lat' dir='ltr'>istam</span> <span class='ocrx_word' id='word_1_547' title='bbox 1088 2174 1222 2212; x_wconf 88' lang='lat' dir='ltr'>partem.</span> 
     </span>
    </p>

    <p class='ocr_par' dir='ltr' id='par_1_16' title="bbox 978 2224 1760 2692">
     <span class='ocr_line' id='line_1_86' title="bbox 1020 2224 1754 2266; baseline -0.005 -9"><span class='ocrx_word' id='word_1_548' title='bbox 1020 2230 1048 2257; x_wconf 82' lang='lat'>1.</span> <span class='ocrx_word' id='word_1_549' title='bbox 1065 2226 1112 2256; x_wconf 85' lang='lat' dir='ltr'>Ad</span> <span class='ocrx_word' id='word_1_550' title='bbox 1128 2226 1207 2257; x_wconf 90' lang='lat' dir='ltr'>illud</span> <span class='ocrx_word' id='word_1_551' title='bbox 1220 2235 1297 2257; x_wconf 88' lang='lat' dir='ltr'>vero</span> <span class='ocrx_word' id='word_1_552' title='bbox 1312 2225 1396 2266; x_wconf 86' lang='lat' dir='ltr'>quod</span> <span class='ocrx_word' id='word_1_553' title='bbox 1414 2224 1564 2264; x_wconf 84' lang='lat' dir='ltr'>objicitur</span> <span class='ocrx_word' id='word_1_554' title='bbox 1578 2224 1613 2254; x_wconf 90' lang='lat' dir='ltr'>in</span> <span class='ocrx_word' id='word_1_555' title='bbox 1628 2226 1754 2254; x_wconf 86' lang='lat' dir='ltr'>contra-</span> 
     </span>
     <span class='ocr_line' id='line_1_87' title="bbox 978 2277 1756 2317; baseline -0.004 -7"><span class='ocrx_word' id='word_1_556' title='bbox 978 2279 1065 2310; x_wconf 91' lang='lat' dir='ltr'>rium</span> <span class='ocrx_word' id='word_1_557' title='bbox 1089 2289 1130 2309; x_wconf 83' lang='lat' dir='ltr'>ex</span> <span class='ocrx_word' id='word_1_558' title='bbox 1154 2279 1342 2310; x_wconf 88' lang='lat' dir='ltr'>anctoritate</span> <span class='ocrx_word' id='word_1_559' title='bbox 1369 2278 1533 2317; x_wconf 82' lang='lat' dir='ltr'>Magistri,</span> <span class='ocrx_word' id='word_1_560' title='bbox 1558 2277 1641 2317; x_wconf 89' lang='lat' dir='ltr'>quod</span> <span class='ocrx_word' id='word_1_561' title='bbox 1668 2286 1756 2317; x_wconf 89' lang='lat' dir='ltr'>spem</span> 
     </span>
     <span class='ocr_line' id='line_1_88' title="bbox 979 2331 1757 2373; baseline -0.004 -9"><span class='ocrx_word' id='word_1_562' title='bbox 979 2336 1095 2364; x_wconf 88' lang='lat' dir='ltr'>natura</span> <span class='ocrx_word' id='word_1_563' title='bbox 1121 2333 1272 2373; x_wconf 88' lang='lat' dir='ltr'>praecedit</span> <span class='ocrx_word' id='word_1_564' title='bbox 1296 2332 1450 2368; x_wconf 84' lang='lat' dir='ltr'>charitas,</span> <span class='ocrx_word' id='word_1_565' title='bbox 1474 2331 1645 2362; x_wconf 89' lang='lat' dir='ltr'>dicendum</span> <span class='ocrx_word' id='word_1_566' title='bbox 1671 2331 1757 2370; x_wconf 87' lang='lat' dir='ltr'>quod</span> 
     </span>
     <span class='ocr_line' id='line_1_89' title="bbox 979 2383 1757 2428; baseline -0.005 -10"><span class='ocrx_word' id='word_1_567' title='bbox 979 2397 1050 2428; x_wconf 84' lang='lat' dir='ltr'>spes</span> <span class='ocrx_word' id='word_1_568' title='bbox 1065 2388 1109 2418; x_wconf 87' lang='lat' dir='ltr'>ibi</span> <span class='ocrx_word' id='word_1_569' title='bbox 1123 2387 1278 2426; x_wconf 80' lang='lat' dir='ltr'>accipitur</span> <span class='ocrx_word' id='word_1_570' title='bbox 1292 2386 1344 2417; x_wconf 83' lang='lat' dir='ltr'>vel</span> <span class='ocrx_word' id='word_1_571' title='bbox 1359 2395 1416 2425; x_wconf 92' lang='lat' dir='ltr'>pro</span> <span class='ocrx_word' id='word_1_572' title='bbox 1431 2394 1466 2416; x_wconf 90' lang='lat' dir='ltr'>re</span> <span class='ocrx_word' id='word_1_573' title='bbox 1481 2386 1616 2425; x_wconf 86' lang='lat' dir='ltr'>sperata,</span> <span class='ocrx_word' id='word_1_574' title='bbox 1631 2383 1683 2415; x_wconf 87' lang='lat' dir='ltr'>vel</span> <span class='ocrx_word' id='word_1_575' title='bbox 1699 2393 1757 2424; x_wconf 91' lang='lat' dir='ltr'>pro</span> 
     </span>
     <span class='ocr_line' id='line_1_90' title="bbox 979 2435 1758 2480; baseline -0.006 -10"><span class='ocrx_word' id='word_1_576' title='bbox 979 2440 1046 2480; x_wconf 82' lang='lat' dir='ltr'>ipso</span> <span class='ocrx_word' id='word_1_577' title='bbox 1061 2441 1145 2470; x_wconf 88' lang='lat' dir='ltr'>statu</span> <span class='ocrx_word' id='word_1_578' title='bbox 1158 2439 1244 2478; x_wconf 85' lang='lat' dir='ltr'>spei3</span> <span class='ocrx_word' id='word_1_579' title='bbox 1262 2447 1327 2468; x_wconf 87' lang='lat' dir='ltr'>non</span> <span class='ocrx_word' id='word_1_580' title='bbox 1341 2440 1450 2468; x_wconf 88' lang='lat' dir='ltr'>autem</span> <span class='ocrx_word' id='word_1_581' title='bbox 1467 2445 1524 2476; x_wconf 85' lang='lat' dir='ltr'>pro</span> <span class='ocrx_word' id='word_1_582' title='bbox 1539 2435 1668 2476; x_wconf 87' lang='lat' dir='ltr'>proprio</span> <span class='ocrx_word' id='word_1_583' title='bbox 1687 2436 1714 2475; x_wconf 86' lang='lat' dir='ltr'>ej</span> <span class='ocrx_word' id='word_1_584' title='bbox 1721 2445 1758 2466; x_wconf 88' lang='lat' dir='ltr'>us</span> 
     </span>
     <span class='ocr_line' id='line_1_91' title="bbox 979 2489 1758 2531; baseline -0.006 -8"><span class='ocrx_word' id='word_1_585' title='bbox 979 2496 1071 2531; x_wconf 89' lang='lat' dir='ltr'>actu,</span> <span class='ocrx_word' id='word_1_586' title='bbox 1096 2493 1147 2523; x_wconf 89' lang='lat' dir='ltr'>vel</span> <span class='ocrx_word' id='word_1_587' title='bbox 1177 2492 1300 2522; x_wconf 88' lang='lat' dir='ltr'>habitu.</span> <span class='ocrx_word' id='word_1_588' title='bbox 1327 2491 1435 2522; x_wconf 86' lang='lat' dir='ltr'>Posset</span> <span class='ocrx_word' id='word_1_589' title='bbox 1459 2491 1556 2521; x_wconf 91' lang='lat' dir='ltr'>etiam</span> <span class='ocrx_word' id='word_1_590' title='bbox 1588 2489 1649 2519; x_wconf 90' lang='lat' dir='ltr'>dici</span> <span class='ocrx_word' id='word_1_591' title='bbox 1672 2489 1758 2528; x_wconf 87' lang='lat' dir='ltr'>quod</span> 
     </span>
     <span class='ocr_line' id='line_1_92' title="bbox 979 2542 1760 2585; baseline -0.006 -8"><span class='ocrx_word' id='word_1_592' title='bbox 979 2547 1058 2578; x_wconf 90' lang='lat' dir='ltr'>illud</span> <span class='ocrx_word' id='word_1_593' title='bbox 1079 2546 1152 2577; x_wconf 88' lang='lat' dir='ltr'>dicit</span> <span class='ocrx_word' id='word_1_594' title='bbox 1173 2546 1324 2585; x_wconf 81' lang='lat' dir='ltr'>Magister</span> <span class='ocrx_word' id='word_1_595' title='bbox 1339 2544 1515 2575; x_wconf 89' lang='lat' dir='ltr'>secundum</span> <span class='ocrx_word' id='word_1_596' title='bbox 1531 2552 1623 2574; x_wconf 84' lang='lat' dir='ltr'>suam</span> <span class='ocrx_word' id='word_1_597' title='bbox 1639 2542 1760 2582; x_wconf 89' lang='lat' dir='ltr'>opinio-</span> 
     </span>
     <span class='ocr_line' id='line_1_93' title="bbox 979 2597 1759 2641; baseline -0.006 -9"><span class='ocrx_word' id='word_1_598' title='bbox 979 2610 1065 2638; x_wconf 82' lang='lat' dir='ltr'>nem,</span> <span class='ocrx_word' id='word_1_599' title='bbox 1082 2610 1146 2641; x_wconf 87' lang='lat' dir='ltr'>qua</span> <span class='ocrx_word' id='word_1_600' title='bbox 1165 2600 1263 2631; x_wconf 85' lang='lat' dir='ltr'>credit</span> <span class='ocrx_word' id='word_1_601' title='bbox 1277 2599 1465 2630; x_wconf 82' lang='lat' dir='ltr'>charitatem</span> <span class='ocrx_word' id='word_1_602' title='bbox 1488 2606 1553 2628; x_wconf 88' lang='lat' dir='ltr'>non</span> <span class='ocrx_word' id='word_1_603' title='bbox 1573 2606 1640 2628; x_wconf 89' lang='lat' dir='ltr'>esse</span> <span class='ocrx_word' id='word_1_604' title='bbox 1664 2597 1759 2628; x_wconf 90' lang='lat' dir='ltr'>habi-</span> 
     </span>
     <span class='ocr_line' id='line_1_94' title="bbox 982 2650 1758 2692; baseline -0.008 -6"><span class='ocrx_word' id='word_1_605' title='bbox 982 2659 1049 2687; x_wconf 89' lang='lat' dir='ltr'>tum</span> <span class='ocrx_word' id='word_1_606' title='bbox 1073 2656 1235 2692; x_wconf 75' lang='lat' dir='ltr'>creatum,</span> <span class='ocrx_word' id='word_1_607' title='bbox 1259 2653 1312 2684; x_wconf 89' lang='lat' dir='ltr'>sed</span> <span class='ocrx_word' id='word_1_608' title='bbox 1335 2652 1490 2692; x_wconf 84' lang='lat' dir='ltr'>Spiritum</span> <span class='ocrx_word' id='word_1_609' title='bbox 1514 2654 1677 2688; x_wconf 82' lang='lat' dir='ltr'>sanctum,</span> <span class='ocrx_word' id='word_1_610' title='bbox 1701 2650 1758 2691; x_wconf 89' lang='lat' dir='ltr'>qui</span> 
     </span>
    </p>
   </div>
  </div>
 </body>
</html>
