<?xml version="1.0" encoding="UTF-8"?>
<!DOCTYPE html PUBLIC "-//W3C//DTD XHTML 1.0 Transitional//EN"
    "http://www.w3.org/TR/xhtml1/DTD/xhtml1-transitional.dtd">
<html xmlns="http://www.w3.org/1999/xhtml" xml:lang="en" lang="en">
 <head>
  <title>
</title>
<meta http-equiv="Content-Type" content="text/html;charset=utf-8" />
  <meta name='ocr-system' content='tesseract 3.04.00' />
  <meta name='ocr-capabilities' content='ocr_page ocr_carea ocr_par ocr_line ocrx_word'/>
</head>
<body>
  <div class='ocr_page' id='page_1' title='image "./operaomniasixtiv04bonauoft/operaomniasixtiv04bonauoft_0259.png"; bbox 0 0 2017 2960; ppageno 0'>
   <div class='ocr_carea' id='block_1_1' title="bbox 667 118 1338 158">
    <p class='ocr_par' dir='ltr' id='par_1_1' title="bbox 667 118 1338 158">
     <span class='ocr_line' id='line_1_1' title="bbox 667 118 1338 158; baseline -0.006 -4"><span class='ocrx_word' id='word_1_1' title='bbox 667 121 858 154; x_wconf 88' lang='lat' dir='ltr'>DISTINCT.</span> <span class='ocrx_word' id='word_1_2' title='bbox 878 121 914 152; x_wconf 88' lang='lat' dir='ltr'>X.</span> <span class='ocrx_word' id='word_1_3' title='bbox 939 120 1030 151; x_wconf 85' lang='lat' dir='ltr'>ART.</span> <span class='ocrx_word' id='word_1_4' title='bbox 1056 121 1093 151; x_wconf 91' lang='grc' dir='ltr'>ΙΙ.</span> <span class='ocrx_word' id='word_1_5' title='bbox 1115 119 1264 158; x_wconf 78' lang='lat' dir='ltr'><strong>QUAEST.</strong></span> <span class='ocrx_word' id='word_1_6' title='bbox 1285 118 1338 150; x_wconf 94' lang='lat' dir='ltr'><strong>III.</strong></span> 
     </span>
    </p>
   </div>
   <div class='ocr_carea' id='block_1_2' title="bbox 189 190 977 2528">
    <p class='ocr_par' dir='ltr' id='par_1_2' title="bbox 189 190 969 766">
     <span class='ocr_line' id='line_1_2' title="bbox 233 190 967 232; baseline -0.008 -6"><span class='ocrx_word' id='word_1_7' title='bbox 233 197 263 226; x_wconf 86' lang='lat'>1.</span> <span class='ocrx_word' id='word_1_8' title='bbox 276 193 324 225; x_wconf 90' lang='lat' dir='ltr'>Ad</span> <span class='ocrx_word' id='word_1_9' title='bbox 338 192 417 224; x_wconf 88' lang='lat' dir='ltr'>illud</span> <span class='ocrx_word' id='word_1_10' title='bbox 441 200 518 231; x_wconf 84' lang='lat' dir='ltr'>ergo</span> <span class='ocrx_word' id='word_1_11' title='bbox 536 191 621 231; x_wconf 89' lang='lat' dir='ltr'>quod</span> <span class='ocrx_word' id='word_1_12' title='bbox 644 190 747 232; x_wconf 89' lang='lat' dir='ltr'>primo</span> <span class='ocrx_word' id='word_1_13' title='bbox 762 190 912 230; x_wconf 84' lang='lat' dir='ltr'>objicitur</span> <span class='ocrx_word' id='word_1_14' title='bbox 933 190 967 220; x_wconf 92' lang='lat' dir='ltr'>in</span> 
     </span>
     <span class='ocr_line' id='line_1_3' title="bbox 191 243 967 285; baseline -0.008 -6"><span class='ocrx_word' id='word_1_15' title='bbox 191 247 386 279; x_wconf 84' lang='lat' dir='ltr'>contrarium</span> <span class='ocrx_word' id='word_1_16' title='bbox 395 246 432 276; x_wconf 86' lang='lat' dir='ltr'>de</span> <span class='ocrx_word' id='word_1_17' title='bbox 441 245 564 285; x_wconf 84' lang='lat' dir='ltr'>Spiritu</span> <span class='ocrx_word' id='word_1_18' title='bbox 573 247 691 283; x_wconf 84' lang='lat' dir='ltr'>sancto,</span> <span class='ocrx_word' id='word_1_19' title='bbox 703 244 872 275; x_wconf 86' lang='lat' dir='ltr'>dicendum</span> <span class='ocrx_word' id='word_1_20' title='bbox 882 243 967 283; x_wconf 89' lang='lat' dir='ltr'>quod</span> 
     </span>
     <span class='ocr_line' id='line_1_4' title="bbox 190 297 965 338; baseline -0.005 -8"><span class='ocrx_word' id='word_1_21' title='bbox 190 300 300 330; x_wconf 84' lang='lat' dir='ltr'>filiatio</span> <span class='ocrx_word' id='word_1_22' title='bbox 316 298 493 338; x_wconf 87' lang='lat' dir='ltr'>adoptionis</span> <span class='ocrx_word' id='word_1_23' title='bbox 516 298 666 328; x_wconf 73' lang='lat' dir='ltr'>convenit</span> <span class='ocrx_word' id='word_1_24' title='bbox 690 297 821 337; x_wconf 90' lang='lat' dir='ltr'>Spiritui</span> <span class='ocrx_word' id='word_1_25' title='bbox 846 299 965 334; x_wconf 75' lang='lat' dir='ltr'>sancto,</span> 
     </span>
     <span class='ocr_line' id='line_1_5' title="bbox 191 351 968 392; baseline -0.005 -8"><span class='ocrx_word' id='word_1_26' title='bbox 191 355 221 384; x_wconf 84' lang='lat' dir='ltr'>et</span> <span class='ocrx_word' id='word_1_27' title='bbox 233 351 430 392; x_wconf 82' lang='lat' dir='ltr'>appropriari</span> <span class='ocrx_word' id='word_1_28' title='bbox 452 354 553 391; x_wconf 87' lang='lat' dir='ltr'>potest</span> <span class='ocrx_word' id='word_1_29' title='bbox 575 352 635 381; x_wconf 80' lang='lat' dir='ltr'>sihi</span> <span class='ocrx_word' id='word_1_30' title='bbox 659 352 781 382; x_wconf 85' lang='lat' dir='ltr'>ratione</span> <span class='ocrx_word' id='word_1_31' title='bbox 806 351 968 390; x_wconf 81' lang='lat' dir='ltr'>gratifica-</span> 
     </span>
     <span class='ocr_line' id='line_1_6' title="bbox 190 404 969 444; baseline -0.004 -8"><span class='ocrx_word' id='word_1_32' title='bbox 190 406 303 436; x_wconf 86' lang='lat' dir='ltr'>tionis:</span> <span class='ocrx_word' id='word_1_33' title='bbox 319 405 371 435; x_wconf 87' lang='lat' dir='ltr'>sed</span> <span class='ocrx_word' id='word_1_34' title='bbox 384 414 439 444; x_wconf 89' lang='lat' dir='ltr'>per</span> <span class='ocrx_word' id='word_1_35' title='bbox 456 405 514 435; x_wconf 88' lang='lat' dir='ltr'>hoc</span> <span class='ocrx_word' id='word_1_36' title='bbox 529 414 594 436; x_wconf 90' lang='lat' dir='ltr'>non</span> <span class='ocrx_word' id='word_1_37' title='bbox 608 405 789 436; x_wconf 75' lang='lat' dir='ltr'>excluditur</span> <span class='ocrx_word' id='word_1_38' title='bbox 803 404 882 444; x_wconf 88' lang='lat' dir='ltr'>quin</span> <span class='ocrx_word' id='word_1_39' title='bbox 897 413 969 434; x_wconf 87' lang='lat' dir='ltr'>con-</span> 
     </span>
     <span class='ocr_line' id='line_1_7' title="bbox 190 458 967 498; baseline -0.004 -8"><span class='ocrx_word' id='word_1_40' title='bbox 190 459 297 491; x_wconf 89' lang='lat' dir='ltr'>veniat</span> <span class='ocrx_word' id='word_1_41' title='bbox 328 458 418 489; x_wconf 86' lang='lat' dir='ltr'>Filio.</span> <span class='ocrx_word' id='word_1_42' title='bbox 459 458 491 489; x_wconf 92' lang='lat' dir='ltr'>Si</span> <span class='ocrx_word' id='word_1_43' title='bbox 529 459 615 489; x_wconf 85' lang='lat' dir='ltr'>enim</span> <span class='ocrx_word' id='word_1_44' title='bbox 649 468 704 498; x_wconf 88' lang='lat' dir='ltr'>per</span> <span class='ocrx_word' id='word_1_45' title='bbox 742 459 967 498; x_wconf 73' lang='lat' dir='ltr'>proprietatem</span> 
     </span>
     <span class='ocr_line' id='line_1_8' title="bbox 189 511 967 552; baseline -0.003 -9"><span class='ocrx_word' id='word_1_46' title='bbox 189 513 370 552; x_wconf 83' lang='lat' dir='ltr'>loquamur,</span> <span class='ocrx_word' id='word_1_47' title='bbox 389 512 525 543; x_wconf 86' lang='lat' dir='ltr'>indivisa</span> <span class='ocrx_word' id='word_1_48' title='bbox 540 515 615 543; x_wconf 87' lang='lat' dir='ltr'>sunt</span> <span class='ocrx_word' id='word_1_49' title='bbox 629 521 725 552; x_wconf 87' lang='lat' dir='ltr'>opera</span> <span class='ocrx_word' id='word_1_50' title='bbox 739 511 902 541; x_wconf 74' lang='lat' dir='ltr'>Trinitatis</span> <span class='ocrx_word' id='word_1_51' title='bbox 915 523 921 549; x_wconf 75' lang='lat'><em>3</em></span> <span class='ocrx_word' id='word_1_52' title='bbox 942 511 967 541; x_wconf 88' lang='lat' dir='ltr'>si</span> 
     </span>
     <span class='ocr_line' id='line_1_9' title="bbox 190 564 968 606; baseline -0.004 -9"><span class='ocrx_word' id='word_1_53' title='bbox 190 575 267 598; x_wconf 83' lang='lat' dir='ltr'>vero</span> <span class='ocrx_word' id='word_1_54' title='bbox 275 575 332 606; x_wconf 91' lang='lat' dir='ltr'>per</span> <span class='ocrx_word' id='word_1_55' title='bbox 343 565 646 605; x_wconf 79' lang='lat' dir='ltr'>appropriationem,</span> <span class='ocrx_word' id='word_1_56' title='bbox 654 565 734 596; x_wconf 88' lang='lat' dir='ltr'>nihil</span> <span class='ocrx_word' id='word_1_57' title='bbox 746 565 878 604; x_wconf 87' lang='lat' dir='ltr'>impedit</span> <span class='ocrx_word' id='word_1_58' title='bbox 889 564 968 604; x_wconf 88' lang='lat' dir='ltr'>quin</span> 
     </span>
     <span class='ocr_line' id='line_1_10' title="bbox 190 618 969 659; baseline -0.004 -9"><span class='ocrx_word' id='word_1_59' title='bbox 190 619 309 659; x_wconf 83' lang='lat' dir='ltr'>aliquid</span> <span class='ocrx_word' id='word_1_60' title='bbox 338 619 473 650; x_wconf 90' lang='lat' dir='ltr'>diversis</span> <span class='ocrx_word' id='word_1_61' title='bbox 499 619 536 649; x_wconf 92' lang='lat' dir='ltr'>de</span> <span class='ocrx_word' id='word_1_62' title='bbox 566 619 669 650; x_wconf 86' lang='lat' dir='ltr'>causis</span> <span class='ocrx_word' id='word_1_63' title='bbox 697 619 795 659; x_wconf 78' lang='lat' dir='ltr'>possit</span> <span class='ocrx_word' id='word_1_64' title='bbox 823 618 969 658; x_wconf 86' lang='lat' dir='ltr'>pluribus</span> 
     </span>
     <span class='ocr_line' id='line_1_11' title="bbox 190 672 969 714; baseline -0.003 -10"><span class='ocrx_word' id='word_1_65' title='bbox 190 672 334 714; x_wconf 89' lang='lat' dir='ltr'>personis</span> <span class='ocrx_word' id='word_1_66' title='bbox 343 673 553 713; x_wconf 83' lang='lat' dir='ltr'>appropriari,</span> <span class='ocrx_word' id='word_1_67' title='bbox 563 676 593 704; x_wconf 86' lang='lat' dir='ltr'>et</span> <span class='ocrx_word' id='word_1_68' title='bbox 604 682 660 713; x_wconf 86' lang='lat' dir='ltr'>per</span> <span class='ocrx_word' id='word_1_69' title='bbox 670 673 729 704; x_wconf 91' lang='lat' dir='ltr'>hoc</span> <span class='ocrx_word' id='word_1_70' title='bbox 738 675 824 713; x_wconf 84' lang='lat' dir='ltr'>patet</span> <span class='ocrx_word' id='word_1_71' title='bbox 832 682 969 713; x_wconf 88' lang='lat' dir='ltr'>sequens</span> 
     </span>
     <span class='ocr_line' id='line_1_12' title="bbox 190 727 364 766; baseline -0.017 -7"><span class='ocrx_word' id='word_1_72' title='bbox 190 727 364 766; x_wconf 81' lang='lat' dir='ltr'>objectum.</span> 
     </span>
    </p>

    <p class='ocr_par' dir='ltr' id='par_1_3' title="bbox 190 780 972 1681">
     <span class='ocr_line' id='line_1_13' title="bbox 230 780 968 820; baseline -0.001 -9"><span class='ocrx_word' id='word_1_73' title='bbox 230 781 260 811; x_wconf 85' lang='lat'>2.</span> <span class='ocrx_word' id='word_1_74' title='bbox 276 780 325 811; x_wconf 91' lang='lat' dir='ltr'>Ad</span> <span class='ocrx_word' id='word_1_75' title='bbox 334 780 412 811; x_wconf 87' lang='lat' dir='ltr'>illud</span> <span class='ocrx_word' id='word_1_76' title='bbox 426 780 511 820; x_wconf 90' lang='lat' dir='ltr'>quod</span> <span class='ocrx_word' id='word_1_77' title='bbox 521 780 681 820; x_wconf 79' lang='lat' dir='ltr'>ohJicitur,</span> <span class='ocrx_word' id='word_1_78' title='bbox 697 780 784 819; x_wconf 89' lang='lat' dir='ltr'>quod</span> <span class='ocrx_word' id='word_1_79' title='bbox 799 780 856 810; x_wconf 87' lang='lat' dir='ltr'>filii</span> <span class='ocrx_word' id='word_1_80' title='bbox 871 780 968 819; x_wconf 87' lang='lat' dir='ltr'>adop-</span> 
     </span>
     <span class='ocr_line' id='line_1_14' title="bbox 190 833 967 872; baseline -0.003 -7"><span class='ocrx_word' id='word_1_81' title='bbox 190 834 248 865; x_wconf 83' lang='lat' dir='ltr'>tivi</span> <span class='ocrx_word' id='word_1_82' title='bbox 266 834 395 865; x_wconf 84' lang='lat' dir='ltr'>fuerunt</span> <span class='ocrx_word' id='word_1_83' title='bbox 416 836 488 865; x_wconf 86' lang='lat' dir='ltr'>ante</span> <span class='ocrx_word' id='word_1_84' title='bbox 511 834 686 864; x_wconf 88' lang='lat' dir='ltr'>adventum</span> <span class='ocrx_word' id='word_1_85' title='bbox 709 833 835 872; x_wconf 82' lang='lat' dir='ltr'>Christi,</span> <span class='ocrx_word' id='word_1_86' title='bbox 861 834 967 864; x_wconf 88' lang='lat' dir='ltr'>dicen-</span> 
     </span>
     <span class='ocr_line' id='line_1_15' title="bbox 190 886 969 928; baseline -0.003 -10"><span class='ocrx_word' id='word_1_87' title='bbox 190 887 268 918; x_wconf 89' lang='lat' dir='ltr'>dum</span> <span class='ocrx_word' id='word_1_88' title='bbox 280 888 365 928; x_wconf 92' lang='lat' dir='ltr'>quod</span> <span class='ocrx_word' id='word_1_89' title='bbox 376 888 433 918; x_wconf 91' lang='lat' dir='ltr'>etsi</span> <span class='ocrx_word' id='word_1_90' title='bbox 443 888 575 918; x_wconf 87' lang='lat' dir='ltr'>fuerunt</span> <span class='ocrx_word' id='word_1_91' title='bbox 585 890 657 918; x_wconf 87' lang='lat' dir='ltr'>ante</span> <span class='ocrx_word' id='word_1_92' title='bbox 669 888 842 918; x_wconf 86' lang='lat' dir='ltr'>adventum</span> <span class='ocrx_word' id='word_1_93' title='bbox 856 886 969 917; x_wconf 79' lang='lat' dir='ltr'>Christi</span> 
     </span>
     <span class='ocr_line' id='line_1_16' title="bbox 190 941 970 979; baseline -0.003 -7"><span class='ocrx_word' id='word_1_94' title='bbox 190 941 368 972; x_wconf 85' lang='lat' dir='ltr'>secundum</span> <span class='ocrx_word' id='word_1_95' title='bbox 381 951 461 979; x_wconf 84' lang='lat' dir='ltr'>rem,</span> <span class='ocrx_word' id='word_1_96' title='bbox 486 951 551 971; x_wconf 93' lang='lat' dir='ltr'>non</span> <span class='ocrx_word' id='word_1_97' title='bbox 566 944 673 971; x_wconf 83' lang='lat' dir='ltr'>tamen</span> <span class='ocrx_word' id='word_1_98' title='bbox 688 943 761 971; x_wconf 88' lang='lat' dir='ltr'>ante</span> <span class='ocrx_word' id='word_1_99' title='bbox 784 941 879 971; x_wconf 84' lang='lat' dir='ltr'>fidem</span> <span class='ocrx_word' id='word_1_100' title='bbox 895 950 970 972; x_wconf 87' lang='lat' dir='ltr'>ven-</span> 
     </span>
     <span class='ocr_line' id='line_1_17' title="bbox 191 995 971 1035; baseline -0.001 -10"><span class='ocrx_word' id='word_1_101' title='bbox 191 995 255 1025; x_wconf 83' lang='lat' dir='ltr'>turi</span> <span class='ocrx_word' id='word_1_102' title='bbox 269 995 399 1026; x_wconf 86' lang='lat' dir='ltr'>fuerunt</span> <span class='ocrx_word' id='word_1_103' title='bbox 414 995 472 1025; x_wconf 84' lang='lat' dir='ltr'>filii</span> <span class='ocrx_word' id='word_1_104' title='bbox 488 995 628 1035; x_wconf 84' lang='lat' dir='ltr'>adoptivi</span> <span class='ocrx_word' id='word_1_105' title='bbox 649 1004 657 1025; x_wconf 89' lang='lat'>:</span> <span class='ocrx_word' id='word_1_106' title='bbox 680 995 771 1034; x_wconf 84' lang='lat' dir='ltr'>quia,</span> <span class='ocrx_word' id='word_1_107' title='bbox 796 995 877 1025; x_wconf 85' lang='lat' dir='ltr'>sicut</span> <span class='ocrx_word' id='word_1_108' title='bbox 896 995 971 1025; x_wconf 78' lang='lat' dir='ltr'>dicit</span> 
     </span>
     <span class='ocr_line' id='line_1_18' title="bbox 190 1048 970 1088; baseline -0.001 -9"><span class='ocrx_word' id='word_1_109' title='bbox 190 1048 394 1088; x_wconf 80' lang='lat' dir='ltr'>Augustinus</span> <span class='ocrx_word' id='word_1_110' title='bbox 410 1052 431 1086; x_wconf 91' lang='lat'>¹,</span> <span class='ocrx_word' id='word_1_111' title='bbox 448 1048 556 1079; x_wconf 90' lang='lat' dir='ltr'>nullus</span> <span class='ocrx_word' id='word_1_112' title='bbox 576 1049 692 1080; x_wconf 83' lang='lat' dir='ltr'>salvari</span> <span class='ocrx_word' id='word_1_113' title='bbox 710 1049 811 1088; x_wconf 88' lang='lat' dir='ltr'>potuit</span> <span class='ocrx_word' id='word_1_114' title='bbox 825 1048 893 1078; x_wconf 80' lang='lat' dir='ltr'>sine</span> <span class='ocrx_word' id='word_1_115' title='bbox 908 1048 970 1079; x_wconf 86' lang='lat' dir='ltr'>fide</span> 
     </span>
     <span class='ocr_line' id='line_1_19' title="bbox 191 1102 969 1134; baseline -0.003 0"><span class='ocrx_word' id='word_1_116' title='bbox 191 1103 383 1134; x_wconf 86' lang='lat' dir='ltr'>mediatoris.</span> <span class='ocrx_word' id='word_1_117' title='bbox 402 1102 560 1133; x_wconf 83' lang='lat' dir='ltr'>Praeterea</span> <span class='ocrx_word' id='word_1_118' title='bbox 574 1105 646 1133; x_wconf 87' lang='lat' dir='ltr'>ante</span> <span class='ocrx_word' id='word_1_119' title='bbox 667 1102 780 1132; x_wconf 88' lang='lat' dir='ltr'>Christi</span> <span class='ocrx_word' id='word_1_120' title='bbox 796 1103 969 1133; x_wconf 87' lang='lat' dir='ltr'>adveutum</span> 
     </span>
     <span class='ocr_line' id='line_1_20' title="bbox 191 1155 970 1195; baseline -0.004 -7"><span class='ocrx_word' id='word_1_121' title='bbox 191 1166 255 1188; x_wconf 87' lang='lat' dir='ltr'>non</span> <span class='ocrx_word' id='word_1_122' title='bbox 276 1156 336 1187; x_wconf 81' lang='lat' dir='ltr'>fuit</span> <span class='ocrx_word' id='word_1_123' title='bbox 359 1156 452 1195; x_wconf 85' lang='lat' dir='ltr'>plena</span> <span class='ocrx_word' id='word_1_124' title='bbox 474 1156 554 1186; x_wconf 87' lang='lat' dir='ltr'>ratio</span> <span class='ocrx_word' id='word_1_125' title='bbox 577 1155 754 1193; x_wconf 75' lang='lat' dir='ltr'>filiationis,</span> <span class='ocrx_word' id='word_1_126' title='bbox 772 1156 847 1194; x_wconf 90' lang='lat' dir='ltr'>quia</span> <span class='ocrx_word' id='word_1_127' title='bbox 863 1156 970 1185; x_wconf 75' lang='lat' dir='ltr'>nullus</span> 
     </span>
     <span class='ocr_line' id='line_1_21' title="bbox 191 1209 971 1248; baseline -0.003 -8"><span class='ocrx_word' id='word_1_128' title='bbox 191 1209 397 1240; x_wconf 78' lang='lat' dir='ltr'>hereditatem</span> <span class='ocrx_word' id='word_1_129' title='bbox 421 1211 543 1248; x_wconf 90' lang='lat' dir='ltr'>poterat</span> <span class='ocrx_word' id='word_1_130' title='bbox 563 1209 698 1248; x_wconf 80' lang='lat' dir='ltr'>assequi,</span> <span class='ocrx_word' id='word_1_131' title='bbox 722 1211 971 1248; x_wconf 80' lang='lat' dir='ltr'>quantumcum-</span> 
     </span>
     <span class='ocr_line' id='line_1_22' title="bbox 191 1262 968 1302; baseline -0.001 -9"><span class='ocrx_word' id='word_1_132' title='bbox 191 1271 254 1302; x_wconf 88' lang='lat' dir='ltr'>que</span> <span class='ocrx_word' id='word_1_133' title='bbox 265 1263 372 1302; x_wconf 87' lang='lat' dir='ltr'>justus</span> <span class='ocrx_word' id='word_1_134' title='bbox 386 1264 476 1292; x_wconf 90' lang='lat' dir='ltr'>esset.</span> <span class='ocrx_word' id='word_1_135' title='bbox 496 1262 532 1292; x_wconf 87' lang='lat' dir='ltr'>Et</span> <span class='ocrx_word' id='word_1_136' title='bbox 547 1262 573 1291; x_wconf 90' lang='lat' dir='ltr'>si</span> <span class='ocrx_word' id='word_1_137' title='bbox 589 1264 623 1292; x_wconf 91' lang='lat' dir='ltr'>tu</span> <span class='ocrx_word' id='word_1_138' title='bbox 639 1262 769 1301; x_wconf 84' lang='lat' dir='ltr'>objicias</span> <span class='ocrx_word' id='word_1_139' title='bbox 780 1262 818 1292; x_wconf 87' lang='lat' dir='ltr'>de</span> <span class='ocrx_word' id='word_1_140' title='bbox 834 1263 968 1301; x_wconf 78' lang='lat' dir='ltr'>angelis,</span> 
     </span>
     <span class='ocr_line' id='line_1_23' title="bbox 191 1316 971 1356; baseline 0 -10"><span class='ocrx_word' id='word_1_141' title='bbox 191 1316 277 1356; x_wconf 89' lang='lat' dir='ltr'>quod</span> <span class='ocrx_word' id='word_1_142' title='bbox 292 1318 366 1346; x_wconf 91' lang='lat' dir='ltr'>sunt</span> <span class='ocrx_word' id='word_1_143' title='bbox 379 1316 448 1353; x_wconf 86' lang='lat' dir='ltr'>filii,</span> <span class='ocrx_word' id='word_1_144' title='bbox 460 1318 563 1346; x_wconf 87' lang='grc'><strong>0111011</strong></span> <span class='ocrx_word' id='word_1_145' title='bbox 578 1325 634 1355; x_wconf 89' lang='lat' dir='ltr'>per</span> <span class='ocrx_word' id='word_1_146' title='bbox 650 1316 763 1346; x_wconf 87' lang='lat' dir='ltr'>merita</span> <span class='ocrx_word' id='word_1_147' title='bbox 783 1316 896 1347; x_wconf 86' lang='lat' dir='ltr'>Christi</span> <span class='ocrx_word' id='word_1_148' title='bbox 913 1316 971 1346; x_wconf 91' lang='lat' dir='ltr'>ho—</span> 
     </span>
     <span class='ocr_line' id='line_1_24' title="bbox 192 1370 971 1410; baseline -0.003 -9"><span class='ocrx_word' id='word_1_149' title='bbox 192 1371 303 1409; x_wconf 88' lang='lat' dir='ltr'>minis,</span> <span class='ocrx_word' id='word_1_150' title='bbox 333 1370 504 1401; x_wconf 89' lang='lat' dir='ltr'>dicendum</span> <span class='ocrx_word' id='word_1_151' title='bbox 532 1370 616 1410; x_wconf 90' lang='lat' dir='ltr'>quod</span> <span class='ocrx_word' id='word_1_152' title='bbox 643 1370 700 1400; x_wconf 89' lang='lat' dir='ltr'>etsi</span> <span class='ocrx_word' id='word_1_153' title='bbox 729 1379 794 1400; x_wconf 90' lang='lat' dir='ltr'>non</span> <span class='ocrx_word' id='word_1_154' title='bbox 822 1370 886 1400; x_wconf 87' lang='lat' dir='ltr'>siut</span> <span class='ocrx_word' id='word_1_155' title='bbox 915 1370 971 1399; x_wconf 85' lang='lat' dir='ltr'>filii</span> 
     </span>
     <span class='ocr_line' id='line_1_25' title="bbox 192 1423 972 1460; baseline -0.003 -5"><span class='ocrx_word' id='word_1_156' title='bbox 192 1424 402 1456; x_wconf 87' lang='lat' dir='ltr'>Mediantibus</span> <span class='ocrx_word' id='word_1_157' title='bbox 428 1424 549 1455; x_wconf 89' lang='lat' dir='ltr'>meritis</span> <span class='ocrx_word' id='word_1_158' title='bbox 575 1424 689 1454; x_wconf 86' lang='lat' dir='ltr'>Christi</span> <span class='ocrx_word' id='word_1_159' title='bbox 712 1423 872 1460; x_wconf 84' lang='lat' dir='ltr'>hominis,</span> <span class='ocrx_word' id='word_1_160' title='bbox 896 1425 972 1453; x_wconf 91' lang='lat' dir='ltr'>sunt</span> 
     </span>
     <span class='ocr_line' id='line_1_26' title="bbox 191 1477 972 1519; baseline -0.003 -10"><span class='ocrx_word' id='word_1_161' title='bbox 191 1481 299 1509; x_wconf 86' lang='lat' dir='ltr'>tamen</span> <span class='ocrx_word' id='word_1_162' title='bbox 325 1488 382 1519; x_wconf 90' lang='lat' dir='ltr'>per</span> <span class='ocrx_word' id='word_1_163' title='bbox 405 1479 555 1509; x_wconf 81' lang='lat' dir='ltr'>effectum</span> <span class='ocrx_word' id='word_1_164' title='bbox 581 1480 611 1508; x_wconf 89' lang='lat' dir='ltr'>et</span> <span class='ocrx_word' id='word_1_165' title='bbox 639 1478 893 1508; x_wconf 85' lang='lat' dir='ltr'>conformitatem</span> <span class='ocrx_word' id='word_1_166' title='bbox 915 1477 972 1507; x_wconf 81' lang='lat' dir='ltr'>tilii</span> 
     </span>
     <span class='ocr_line' id='line_1_27' title="bbox 192 1531 970 1572; baseline -0.004 -9"><span class='ocrx_word' id='word_1_167' title='bbox 192 1532 257 1563; x_wconf 85' lang='lat' dir='ltr'>Dei.</span> <span class='ocrx_word' id='word_1_168' title='bbox 275 1532 404 1572; x_wconf 86' lang='lat' dir='ltr'>Oportet</span> <span class='ocrx_word' id='word_1_169' title='bbox 419 1532 504 1562; x_wconf 88' lang='lat' dir='ltr'>enim</span> <span class='ocrx_word' id='word_1_170' title='bbox 517 1556 524 1570; x_wconf 92' lang='lat'>‚</span> <span class='ocrx_word' id='word_1_171' title='bbox 540 1532 621 1562; x_wconf 84' lang='lat' dir='ltr'>sicut</span> <span class='ocrx_word' id='word_1_172' title='bbox 637 1531 713 1562; x_wconf 88' lang='lat' dir='ltr'>dicit</span> <span class='ocrx_word' id='word_1_173' title='bbox 733 1531 935 1570; x_wconf 82' lang='lat' dir='ltr'>Augustinus</span> <span class='ocrx_word' id='word_1_174' title='bbox 948 1532 970 1568; x_wconf 74' lang='lat'>²,</span> 
     </span>
     <span class='ocr_line' id='line_1_28' title="bbox 192 1584 972 1625; baseline -0.003 -10"><span class='ocrx_word' id='word_1_175' title='bbox 192 1594 251 1615; x_wconf 91' lang='lat' dir='ltr'>nos</span> <span class='ocrx_word' id='word_1_176' title='bbox 265 1585 298 1615; x_wconf 90' lang='lat' dir='ltr'>in</span> <span class='ocrx_word' id='word_1_177' title='bbox 315 1585 396 1615; x_wconf 83' lang='lat' dir='ltr'>filios</span> <span class='ocrx_word' id='word_1_178' title='bbox 411 1585 551 1625; x_wconf 82' lang='lat' dir='ltr'>adoptari</span> <span class='ocrx_word' id='word_1_179' title='bbox 568 1594 623 1625; x_wconf 88' lang='lat' dir='ltr'>per</span> <span class='ocrx_word' id='word_1_180' title='bbox 638 1594 729 1623; x_wconf 89' lang='lat' dir='ltr'>eum,</span> <span class='ocrx_word' id='word_1_181' title='bbox 748 1584 804 1624; x_wconf 89' lang='lat' dir='ltr'>qui</span> <span class='ocrx_word' id='word_1_182' title='bbox 826 1587 871 1614; x_wconf 86' lang='lat' dir='ltr'>est</span> <span class='ocrx_word' id='word_1_183' title='bbox 888 1584 972 1614; x_wconf 89' lang='lat' dir='ltr'>filius</span> 
     </span>
     <span class='ocr_line' id='line_1_29' title="bbox 192 1642 424 1681; baseline 0 -10"><span class='ocrx_word' id='word_1_184' title='bbox 192 1650 249 1681; x_wconf 88' lang='lat' dir='ltr'>per</span> <span class='ocrx_word' id='word_1_185' title='bbox 263 1642 424 1671; x_wconf 85' lang='lat' dir='ltr'>naturam.</span> 
     </span>
    </p>

    <p class='ocr_par' dir='ltr' id='par_1_4' title="bbox 192 1693 974 2055">
     <span class='ocr_line' id='line_1_30' title="bbox 234 1693 971 1734; baseline -0.003 -9"><span class='ocrx_word' id='word_1_186' title='bbox 234 1697 262 1725; x_wconf 86' lang='lat'>3.</span> <span class='ocrx_word' id='word_1_187' title='bbox 280 1694 327 1725; x_wconf 91' lang='lat' dir='ltr'>Ad</span> <span class='ocrx_word' id='word_1_188' title='bbox 343 1694 419 1725; x_wconf 87' lang='lat' dir='ltr'>illud</span> <span class='ocrx_word' id='word_1_189' title='bbox 436 1694 520 1734; x_wconf 90' lang='lat' dir='ltr'>quod</span> <span class='ocrx_word' id='word_1_190' title='bbox 535 1694 696 1734; x_wconf 76' lang='lat' dir='ltr'>objicitur,</span> <span class='ocrx_word' id='word_1_191' title='bbox 720 1693 805 1733; x_wconf 89' lang='lat' dir='ltr'>quod</span> <span class='ocrx_word' id='word_1_192' title='bbox 825 1693 971 1723; x_wconf 86' lang='lat' dir='ltr'>incarna-</span> 
     </span>
     <span class='ocr_line' id='line_1_31' title="bbox 193 1747 972 1788; baseline -0.003 -10"><span class='ocrx_word' id='word_1_193' title='bbox 193 1748 279 1779; x_wconf 83' lang='lat' dir='ltr'>tione</span> <span class='ocrx_word' id='word_1_194' title='bbox 294 1748 396 1788; x_wconf 90' lang='lat' dir='ltr'>posita</span> <span class='ocrx_word' id='word_1_195' title='bbox 407 1757 472 1778; x_wconf 91' lang='lat' dir='ltr'>non</span> <span class='ocrx_word' id='word_1_196' title='bbox 488 1748 619 1788; x_wconf 86' lang='lat' dir='ltr'>ponitur</span> <span class='ocrx_word' id='word_1_197' title='bbox 636 1747 759 1785; x_wconf 86' lang='lat' dir='ltr'>filiatio,</span> <span class='ocrx_word' id='word_1_198' title='bbox 777 1756 836 1777; x_wconf 91' lang='lat' dir='ltr'>nec</span> <span class='ocrx_word' id='word_1_199' title='bbox 851 1749 972 1777; x_wconf 86' lang='lat' dir='ltr'>remota</span> 
     </span>
     <span class='ocr_line' id='line_1_32' title="bbox 192 1800 974 1841; baseline -0.004 -9"><span class='ocrx_word' id='word_1_200' title='bbox 192 1804 389 1840; x_wconf 86' lang='lat' dir='ltr'>removetur,</span> <span class='ocrx_word' id='word_1_201' title='bbox 406 1802 576 1832; x_wconf 88' lang='lat' dir='ltr'>dicendum</span> <span class='ocrx_word' id='word_1_202' title='bbox 596 1801 681 1841; x_wconf 88' lang='lat' dir='ltr'>quod</span> <span class='ocrx_word' id='word_1_203' title='bbox 704 1801 765 1831; x_wconf 88' lang='lat' dir='ltr'>hoc</span> <span class='ocrx_word' id='word_1_204' title='bbox 780 1809 845 1830; x_wconf 90' lang='lat' dir='ltr'>non</span> <span class='ocrx_word' id='word_1_205' title='bbox 865 1800 974 1839; x_wconf 83' lang='lat' dir='ltr'>arguit</span> 
     </span>
     <span class='ocr_line' id='line_1_33' title="bbox 193 1855 972 1895; baseline -0.003 -10"><span class='ocrx_word' id='word_1_206' title='bbox 193 1857 312 1886; x_wconf 82' lang='lat' dir='ltr'>nostrae</span> <span class='ocrx_word' id='word_1_207' title='bbox 336 1855 513 1895; x_wconf 90' lang='lat' dir='ltr'>adoptionis</span> <span class='ocrx_word' id='word_1_208' title='bbox 533 1855 694 1886; x_wconf 75' lang='lat' dir='ltr'>Christum</span> <span class='ocrx_word' id='word_1_209' title='bbox 715 1863 782 1885; x_wconf 94' lang='lat' dir='ltr'>non</span> <span class='ocrx_word' id='word_1_210' title='bbox 806 1863 873 1884; x_wconf 85' lang='lat' dir='ltr'>esse</span> <span class='ocrx_word' id='word_1_211' title='bbox 898 1863 972 1884; x_wconf 84' lang='lat' dir='ltr'>cau-</span> 
     </span>
     <span class='ocr_line' id='line_1_34' title="bbox 194 1908 974 1946; baseline -0.003 -7"><span class='ocrx_word' id='word_1_212' title='bbox 194 1918 280 1946; x_wconf 87' lang='lat' dir='ltr'>sam;</span> <span class='ocrx_word' id='word_1_213' title='bbox 305 1909 360 1940; x_wconf 89' lang='lat' dir='ltr'>sed</span> <span class='ocrx_word' id='word_1_214' title='bbox 380 1909 517 1939; x_wconf 83' lang='lat' dir='ltr'>ostendit</span> <span class='ocrx_word' id='word_1_215' title='bbox 544 1908 799 1939; x_wconf 79' lang='lat' dir='ltr'>incarnationem</span> <span class='ocrx_word' id='word_1_216' title='bbox 820 1916 884 1938; x_wconf 90' lang='lat' dir='ltr'>non</span> <span class='ocrx_word' id='word_1_217' title='bbox 906 1916 974 1937; x_wconf 89' lang='lat' dir='ltr'>esse</span> 
     </span>
     <span class='ocr_line' id='line_1_35' title="bbox 194 1961 973 2002; baseline -0.003 -10"><span class='ocrx_word' id='word_1_218' title='bbox 194 1964 294 1992; x_wconf 84' lang='lat' dir='ltr'>totam</span> <span class='ocrx_word' id='word_1_219' title='bbox 319 1971 469 2000; x_wconf 85' lang='lat' dir='ltr'>causam,</span> <span class='ocrx_word' id='word_1_220' title='bbox 497 1962 573 2002; x_wconf 89' lang='lat' dir='ltr'>quia</span> <span class='ocrx_word' id='word_1_221' title='bbox 596 1961 774 2002; x_wconf 85' lang='lat' dir='ltr'>completur</span> <span class='ocrx_word' id='word_1_222' title='bbox 799 1961 908 1991; x_wconf 89' lang='lat' dir='ltr'>filiatio</span> <span class='ocrx_word' id='word_1_223' title='bbox 941 1961 973 1990; x_wconf 90' lang='lat' dir='ltr'>in</span> 
     </span>
     <span class='ocr_line' id='line_1_36' title="bbox 195 2015 630 2055; baseline 0.005 -11"><span class='ocrx_word' id='word_1_224' title='bbox 195 2015 345 2046; x_wconf 86' lang='lat' dir='ltr'>missione</span> <span class='ocrx_word' id='word_1_225' title='bbox 368 2015 505 2055; x_wconf 90' lang='lat' dir='ltr'>Spiritus</span> <span class='ocrx_word' id='word_1_226' title='bbox 519 2016 630 2046; x_wconf 87' lang='lat' dir='ltr'>sancti.</span> 
     </span>
    </p>

    <p class='ocr_par' dir='ltr' id='par_1_5' title="bbox 196 2068 976 2379">
     <span class='ocr_line' id='line_1_37' title="bbox 234 2068 973 2109; baseline -0.001 -10"><span class='ocrx_word' id='word_1_227' title='bbox 234 2071 265 2099; x_wconf 79' lang='lat'>4.</span> <span class='ocrx_word' id='word_1_228' title='bbox 285 2068 335 2100; x_wconf 85' lang='lat' dir='ltr'>Ad</span> <span class='ocrx_word' id='word_1_229' title='bbox 355 2069 433 2100; x_wconf 89' lang='lat' dir='ltr'>illud</span> <span class='ocrx_word' id='word_1_230' title='bbox 453 2079 530 2101; x_wconf 86' lang='lat' dir='ltr'>vero</span> <span class='ocrx_word' id='word_1_231' title='bbox 556 2069 641 2109; x_wconf 89' lang='lat' dir='ltr'>quod</span> <span class='ocrx_word' id='word_1_232' title='bbox 666 2069 780 2100; x_wconf 86' lang='lat' dir='ltr'>ultimo</span> <span class='ocrx_word' id='word_1_233' title='bbox 803 2068 973 2108; x_wconf 85' lang='lat' dir='ltr'>quaeritur,</span> 
     </span>
     <span class='ocr_line' id='line_1_38' title="bbox 196 2122 972 2163; baseline -0.001 -10"><span class='ocrx_word' id='word_1_234' title='bbox 196 2131 252 2162; x_wconf 88' lang='lat' dir='ltr'>per</span> <span class='ocrx_word' id='word_1_235' title='bbox 263 2123 349 2162; x_wconf 88' lang='lat' dir='ltr'>quod</span> <span class='ocrx_word' id='word_1_236' title='bbox 364 2123 485 2154; x_wconf 91' lang='lat' dir='ltr'>donum</span> <span class='ocrx_word' id='word_1_237' title='bbox 500 2124 614 2163; x_wconf 82' lang='lat' dir='ltr'>gratiae</span> <span class='ocrx_word' id='word_1_238' title='bbox 626 2124 743 2154; x_wconf 83' lang='lat' dir='ltr'>fiamus</span> <span class='ocrx_word' id='word_1_239' title='bbox 752 2122 809 2154; x_wconf 89' lang='lat' dir='ltr'>filii</span> <span class='ocrx_word' id='word_1_240' title='bbox 819 2122 972 2162; x_wconf 80' lang='lat' dir='ltr'>adoptivi,</span> 
     </span>
     <span class='ocr_line' id='line_1_39' title="bbox 196 2176 975 2217; baseline -0.003 -9"><span class='ocrx_word' id='word_1_241' title='bbox 196 2176 366 2208; x_wconf 85' lang='lat' dir='ltr'>dicendum</span> <span class='ocrx_word' id='word_1_242' title='bbox 382 2177 469 2217; x_wconf 90' lang='lat' dir='ltr'>quod</span> <span class='ocrx_word' id='word_1_243' title='bbox 484 2177 541 2207; x_wconf 87' lang='lat' dir='ltr'>filii</span> <span class='ocrx_word' id='word_1_244' title='bbox 556 2177 611 2208; x_wconf 87' lang='lat' dir='ltr'>Dei</span> <span class='ocrx_word' id='word_1_245' title='bbox 627 2186 740 2208; x_wconf 88' lang='lat' dir='ltr'>sumus</span> <span class='ocrx_word' id='word_1_246' title='bbox 764 2177 797 2207; x_wconf 92' lang='lat' dir='ltr'>iu</span> <span class='ocrx_word' id='word_1_247' title='bbox 817 2178 975 2216; x_wconf 86' lang='lat' dir='ltr'>quantum</span> 
     </span>
     <span class='ocr_line' id='line_1_40' title="bbox 197 2230 975 2270; baseline 0 -11"><span class='ocrx_word' id='word_1_248' title='bbox 197 2238 310 2260; x_wconf 91' lang='lat' dir='ltr'>sumus</span> <span class='ocrx_word' id='word_1_249' title='bbox 325 2231 502 2262; x_wconf 71' lang='lat' dir='ltr'>conformes</span> <span class='ocrx_word' id='word_1_250' title='bbox 515 2231 667 2270; x_wconf 80' lang='lat' dir='ltr'>imaginis</span> <span class='ocrx_word' id='word_1_251' title='bbox 683 2230 755 2262; x_wconf 90' lang='lat' dir='ltr'>Filii</span> <span class='ocrx_word' id='word_1_252' title='bbox 771 2230 826 2261; x_wconf 91' lang='lat' dir='ltr'>Dei</span> <span class='ocrx_word' id='word_1_253' title='bbox 840 2232 975 2260; x_wconf 86' lang='lat' dir='ltr'>natura-</span> 
     </span>
     <span class='ocr_line' id='line_1_41' title="bbox 197 2282 976 2324; baseline 0 -10"><span class='ocrx_word' id='word_1_254' title='bbox 197 2282 246 2320; x_wconf 86' lang='lat' dir='ltr'>lis,</span> <span class='ocrx_word' id='word_1_255' title='bbox 261 2284 438 2315; x_wconf 88' lang='lat' dir='ltr'>secundum</span> <span class='ocrx_word' id='word_1_256' title='bbox 452 2284 530 2315; x_wconf 83' lang='lat' dir='ltr'>illud</span> <span class='ocrx_word' id='word_1_257' title='bbox 551 2286 561 2301; x_wconf 78' lang='lat'><strong>³</strong></span> <span class='ocrx_word' id='word_1_258' title='bbox 585 2296 591 2315; x_wconf 90' lang='lat'>:</span> <span class='ocrx_word' id='word_1_259' title='bbox 622 2285 703 2321; x_wconf 76' lang='lat' dir='ltr'>Quos</span> <span class='ocrx_word' id='word_1_260' title='bbox 726 2283 976 2324; x_wconf 71' lang='lat' dir='ltr'>praedestinavit</span> 
     </span>
     <span class='ocr_line' id='line_1_42' title="bbox 199 2337 976 2379; baseline 0 -12"><span class='ocrx_word' id='word_1_261' title='bbox 199 2338 374 2376; x_wconf 77' lang='lat' dir='ltr'>conformes</span> <span class='ocrx_word' id='word_1_262' title='bbox 389 2339 462 2378; x_wconf 75' lang='lat' dir='ltr'>fieri</span> <span class='ocrx_word' id='word_1_263' title='bbox 477 2339 618 2379; x_wconf 69' lang='lat' dir='ltr'>imayz&#39;ni</span> <span class='ocrx_word' id='word_1_264' title='bbox 633 2339 713 2370; x_wconf 67' lang='lat' dir='ltr'><em>Filii</em></span> <span class='ocrx_word' id='word_1_265' title='bbox 727 2338 806 2378; x_wconf 71' lang='lat' dir='ltr'>ejus.</span> <span class='ocrx_word' id='word_1_266' title='bbox 834 2337 900 2368; x_wconf 84' lang='lat' dir='ltr'>Hoc</span> <span class='ocrx_word' id='word_1_267' title='bbox 915 2347 976 2368; x_wconf 85' lang='lat' dir='ltr'>au-</span> 
     </span>
    </p>

    <p class='ocr_par' dir='ltr' id='par_1_6' title="bbox 203 2423 977 2528">
     <span class='ocr_line' id='line_1_43' title="bbox 235 2423 975 2457; baseline -0.012 -1"><span class='ocrx_word' id='word_1_268' title='bbox 235 2423 242 2439; x_wconf 83' lang='lat'><strong>¹</strong></span> <span class='ocrx_word' id='word_1_269' title='bbox 256 2424 332 2455; x_wconf 70' lang='lat' dir='ltr'>Aug„</span> <span class='ocrx_word' id='word_1_270' title='bbox 348 2425 378 2449; x_wconf 79' lang='lat' dir='ltr'>de</span> <span class='ocrx_word' id='word_1_271' title='bbox 393 2426 517 2457; x_wconf 67' lang='lat' dir='ltr'>Correpl„</span> <span class='ocrx_word' id='word_1_272' title='bbox 541 2427 565 2450; x_wconf 80' lang='lat' dir='ltr'>et</span> <span class='ocrx_word' id='word_1_273' title='bbox 581 2427 665 2456; x_wconf 66' lang='lat' dir='ltr'>Grat„</span> <span class='ocrx_word' id='word_1_274' title='bbox 681 2433 702 2450; x_wconf 87' lang='lat' dir='ltr'>c.</span> <span class='ocrx_word' id='word_1_275' title='bbox 718 2431 765 2456; x_wconf 80' lang='lat' dir='ltr'>vn,</span> <span class='ocrx_word' id='word_1_276' title='bbox 780 2432 807 2449; x_wconf 85' lang='lat' dir='ltr'>n.</span> <span class='ocrx_word' id='word_1_277' title='bbox 834 2427 876 2455; x_wconf 84' lang='lat'>1¹;</span> <span class='ocrx_word' id='word_1_278' title='bbox 893 2424 975 2455; x_wconf 72' lang='lat' dir='ltr'>Epist.</span> 
     </span>
     <span class='ocr_line' id='line_1_44' title="bbox 203 2460 976 2493; baseline 0.001 -11"><span class='ocrx_word' id='word_1_279' title='bbox 203 2464 281 2489; x_wconf 69' lang='lat' dir='ltr'>cnvn,</span> <span class='ocrx_word' id='word_1_280' title='bbox 294 2460 326 2483; x_wconf 90' lang='lat' dir='ltr'>al.</span> <span class='ocrx_word' id='word_1_281' title='bbox 343 2467 400 2492; x_wconf 83' lang='lat' dir='ltr'>cxc,</span> <span class='ocrx_word' id='word_1_282' title='bbox 416 2469 441 2486; x_wconf 88' lang='lat' dir='ltr'>n.</span> <span class='ocrx_word' id='word_1_283' title='bbox 455 2462 478 2486; x_wconf 88' lang='lat'>3.</span> <span class='ocrx_word' id='word_1_284' title='bbox 491 2475 522 2480; x_wconf 98' lang='lat'><strong>—</strong></span> <span class='ocrx_word' id='word_1_285' title='bbox 532 2462 543 2478; x_wconf 80' lang='lat'>²</span> <span class='ocrx_word' id='word_1_286' title='bbox 557 2462 595 2493; x_wconf 82' lang='lat' dir='ltr'>ld,</span> <span class='ocrx_word' id='word_1_287' title='bbox 613 2461 642 2485; x_wconf 83' lang='lat' dir='ltr'>de</span> <span class='ocrx_word' id='word_1_288' title='bbox 660 2461 732 2485; x_wconf 70' lang='lat' dir='ltr'>Verb.</span> <span class='ocrx_word' id='word_1_289' title='bbox 749 2461 833 2491; x_wconf 63' lang='lat' dir='ltr'>Dum„</span> <span class='ocrx_word' id='word_1_290' title='bbox 848 2467 926 2484; x_wconf 86' lang='lat' dir='ltr'>serm.</span> <span class='ocrx_word' id='word_1_291' title='bbox 940 2466 976 2490; x_wconf 75' lang='lat' dir='ltr'>m,</span> 
     </span>
     <span class='ocr_line' id='line_1_45' title="bbox 203 2493 977 2528; baseline 0.003 -11"><span class='ocrx_word' id='word_1_292' title='bbox 203 2493 235 2517; x_wconf 86' lang='lat' dir='ltr'>al.</span> <span class='ocrx_word' id='word_1_293' title='bbox 253 2500 365 2526; x_wconf 70' lang='grc'><strong>0111111111,</strong></span> <span class='ocrx_word' id='word_1_294' title='bbox 381 2504 408 2521; x_wconf 91' lang='lat' dir='ltr'>n.</span> <span class='ocrx_word' id='word_1_295' title='bbox 427 2500 455 2528; x_wconf 85' lang='lat'>1;</span> <span class='ocrx_word' id='word_1_296' title='bbox 475 2498 504 2521; x_wconf 81' lang='lat' dir='ltr'>de</span> <span class='ocrx_word' id='word_1_297' title='bbox 525 2498 614 2522; x_wconf 58' lang='lat' dir='ltr'>Trina.</span> <span class='ocrx_word' id='word_1_298' title='bbox 635 2499 658 2521; x_wconf 81' lang='lat' dir='ltr'>et</span> <span class='ocrx_word' id='word_1_299' title='bbox 680 2498 757 2526; x_wconf 63' lang='lat' dir='ltr'>Unit„</span> <span class='ocrx_word' id='word_1_300' title='bbox 774 2504 796 2520; x_wconf 87' lang='lat' dir='ltr'>c.</span> <span class='ocrx_word' id='word_1_301' title='bbox 820 2502 849 2526; x_wconf 80' lang='lat' dir='ltr'>x,</span> <span class='ocrx_word' id='word_1_302' title='bbox 867 2498 892 2520; x_wconf 87' lang='lat' dir='ltr'>et</span> <span class='ocrx_word' id='word_1_303' title='bbox 918 2495 977 2519; x_wconf 78' lang='lat' dir='ltr'>alibi</span> 
     </span>
    </p>
   </div>
   <div class='ocr_carea' id='block_1_3' title="bbox 203 2529 978 2600">
    <p class='ocr_par' dir='ltr' id='par_1_7' title="bbox 203 2529 978 2600">
     <span class='ocr_line' id='line_1_46' title="bbox 203 2529 976 2563; baseline -0.001 -7"><span class='ocrx_word' id='word_1_304' title='bbox 203 2529 345 2560; x_wconf 70' lang='lat' dir='ltr'>passim-—</span> <span class='ocrx_word' id='word_1_305' title='bbox 356 2531 366 2547; x_wconf 74' lang='lat'>⁵</span> <span class='ocrx_word' id='word_1_306' title='bbox 378 2533 457 2563; x_wconf 66' lang='lat' dir='ltr'>Rom„</span> <span class='ocrx_word' id='word_1_307' title='bbox 473 2539 530 2563; x_wconf 78' lang='lat' dir='ltr'>vui,</span> <span class='ocrx_word' id='word_1_308' title='bbox 545 2535 584 2557; x_wconf 79' lang='lat'>29.</span> <span class='ocrx_word' id='word_1_309' title='bbox 598 2547 624 2551; x_wconf 88' lang='lat'>—-</span> <span class='ocrx_word' id='word_1_310' title='bbox 638 2533 648 2549; x_wconf 53' lang='grc' dir='ltr'><em>Β</em></span> <span class='ocrx_word' id='word_1_311' title='bbox 661 2533 700 2563; x_wconf 82' lang='lat' dir='ltr'>Cf.</span> <span class='ocrx_word' id='word_1_312' title='bbox 719 2532 843 2557; x_wconf 74' lang='lat' dir='ltr'>Alexand.</span> <span class='ocrx_word' id='word_1_313' title='bbox 860 2531 958 2556; x_wconf 83' lang='lat' dir='ltr'>Alensis</span> <span class='ocrx_word' id='word_1_314' title='bbox 970 2550 976 2561; x_wconf 88' lang='lat'>‚</span> 
     </span>
     <span class='ocr_line' id='line_1_47' title="bbox 203 2565 978 2600; baseline 0.004 -12"><span class='ocrx_word' id='word_1_315' title='bbox 203 2571 230 2594; x_wconf 90' lang='lat' dir='ltr'>p.</span> <span class='ocrx_word' id='word_1_316' title='bbox 244 2565 287 2596; x_wconf 84' lang='grc'><strong>111,</strong></span> <span class='ocrx_word' id='word_1_317' title='bbox 296 2572 322 2596; x_wconf 85' lang='lat' dir='ltr'>q.</span> <span class='ocrx_word' id='word_1_318' title='bbox 333 2572 360 2597; x_wconf 80' lang='grc'>11,</span> <span class='ocrx_word' id='word_1_319' title='bbox 372 2568 466 2592; x_wconf 81' lang='lat' dir='ltr'>memb.</span> <span class='ocrx_word' id='word_1_320' title='bbox 480 2570 503 2600; x_wconf 81' lang='lat'>6,</span> <span class='ocrx_word' id='word_1_321' title='bbox 514 2571 562 2594; x_wconf 76' lang='lat' dir='ltr'>art.</span> <span class='ocrx_word' id='word_1_322' title='bbox 577 2570 605 2600; x_wconf 70' lang='lat'>45</span> <span class='ocrx_word' id='word_1_323' title='bbox 615 2570 642 2594; x_wconf 91' lang='lat' dir='ltr'>S.</span> <span class='ocrx_word' id='word_1_324' title='bbox 655 2569 793 2600; x_wconf 85' lang='lat' dir='ltr'>Thom.,p.</span> <span class='ocrx_word' id='word_1_325' title='bbox 807 2568 978 2599; x_wconf 79' lang='lat' dir='ltr'>tlt,q.xx111,</span> 
     </span>
    </p>
   </div>
   <div class='ocr_carea' id='block_1_4' title="bbox 236 2612 737 2647">
    <p class='ocr_par' dir='ltr' id='par_1_8' title="bbox 236 2612 737 2647">
     <span class='ocr_line' id='line_1_48' title="bbox 236 2612 737 2647; baseline 0.012 -12"><span class='ocrx_word' id='word_1_326' title='bbox 236 2612 268 2643; x_wconf 83' lang='lat' dir='ltr'>(a)</span> <span class='ocrx_word' id='word_1_327' title='bbox 283 2612 344 2637; x_wconf 79' lang='lat' dir='ltr'>Coet.</span> <span class='ocrx_word' id='word_1_328' title='bbox 361 2614 580 2646; x_wconf 73' lang='lat' dir='ltr'>Edit.,iu11ab1tet</span> <span class='ocrx_word' id='word_1_329' title='bbox 595 2618 619 2640; x_wconf 86' lang='lat' dir='ltr'>et</span> <span class='ocrx_word' id='word_1_330' title='bbox 630 2616 737 2647; x_wconf 76' lang='lat' dir='ltr'>reliqua.</span> 
     </span>
    </p>
   </div>
   <div class='ocr_carea' id='block_1_5' title="bbox 1747 125 1805 154">
    <p class='ocr_par' dir='ltr' id='par_1_9' title="bbox 1747 125 1805 154">
     <span class='ocr_line' id='line_1_49' title="bbox 1747 125 1805 154; baseline 0 -1"><span class='ocrx_word' id='word_1_331' title='bbox 1747 125 1805 154; x_wconf 67' lang='lat'>237</span> 
     </span>
    </p>
   </div>
   <div class='ocr_carea' id='block_1_6' title="bbox 1025 187 1809 654">
    <p class='ocr_par' dir='ltr' id='par_1_10' title="bbox 1025 187 1809 654">
     <span class='ocr_line' id='line_1_50' title="bbox 1025 187 1807 228; baseline 0.001 -9"><span class='ocrx_word' id='word_1_332' title='bbox 1025 191 1089 219; x_wconf 87' lang='lat' dir='ltr'>tem</span> <span class='ocrx_word' id='word_1_333' title='bbox 1106 190 1153 219; x_wconf 92' lang='lat' dir='ltr'>est</span> <span class='ocrx_word' id='word_1_334' title='bbox 1176 187 1342 228; x_wconf 81' lang='lat' dir='ltr'>dupliciter</span> <span class='ocrx_word' id='word_1_335' title='bbox 1369 198 1375 217; x_wconf 73' lang='grc' dir='ltr'>ε</span> <span class='ocrx_word' id='word_1_336' title='bbox 1402 190 1457 218; x_wconf 84' lang='lat' dir='ltr'>aut</span> <span class='ocrx_word' id='word_1_337' title='bbox 1478 197 1533 228; x_wconf 81' lang='lat' dir='ltr'>per</span> <span class='ocrx_word' id='word_1_338' title='bbox 1554 190 1766 220; x_wconf 84' lang='lat' dir='ltr'>remotionem</span> <span class='ocrx_word' id='word_1_339' title='bbox 1789 199 1807 220; x_wconf 90' lang='lat' dir='ltr'>a</span> 
     </span>
     <span class='ocr_line' id='line_1_51' title="bbox 1025 241 1804 282; baseline 0.001 -10"><span class='ocrx_word' id='word_1_340' title='bbox 1025 242 1119 280; x_wconf 78' lang='lat' dir='ltr'>malo,</span> <span class='ocrx_word' id='word_1_341' title='bbox 1137 243 1166 272; x_wconf 87' lang='lat' dir='ltr'>et</span> <span class='ocrx_word' id='word_1_342' title='bbox 1182 242 1242 272; x_wconf 88' lang='lat' dir='ltr'>hoc</span> <span class='ocrx_word' id='word_1_343' title='bbox 1259 243 1304 271; x_wconf 86' lang='lat' dir='ltr'>est</span> <span class='ocrx_word' id='word_1_344' title='bbox 1330 250 1385 281; x_wconf 88' lang='lat' dir='ltr'>per</span> <span class='ocrx_word' id='word_1_345' title='bbox 1407 242 1544 280; x_wconf 74' lang='lat' dir='ltr'>gratiam</span> <span class='ocrx_word' id='word_1_346' title='bbox 1571 241 1804 282; x_wconf 79' lang='lat' dir='ltr'>baptismalem,</span> 
     </span>
     <span class='ocr_line' id='line_1_52' title="bbox 1025 296 1809 336; baseline 0 -10"><span class='ocrx_word' id='word_1_347' title='bbox 1025 306 1097 336; x_wconf 63' lang='lat' dir='ltr'>qua:</span> <span class='ocrx_word' id='word_1_348' title='bbox 1132 296 1163 325; x_wconf 89' lang='lat' dir='ltr'>in</span> <span class='ocrx_word' id='word_1_349' title='bbox 1193 298 1352 335; x_wconf 90' lang='lat' dir='ltr'>quantum</span> <span class='ocrx_word' id='word_1_350' title='bbox 1383 297 1428 325; x_wconf 81' lang='grc'>051</span> <span class='ocrx_word' id='word_1_351' title='bbox 1456 296 1708 333; x_wconf 77' lang='lat' dir='ltr'>sacramentalis,</span> <span class='ocrx_word' id='word_1_352' title='bbox 1746 306 1809 326; x_wconf 88' lang='lat' dir='ltr'>me-</span> 
     </span>
     <span class='ocr_line' id='line_1_53' title="bbox 1025 348 1807 388; baseline 0 -10"><span class='ocrx_word' id='word_1_353' title='bbox 1025 349 1095 379; x_wconf 61' lang='lat' dir='ltr'>dula</span> <span class='ocrx_word' id='word_1_354' title='bbox 1113 351 1159 379; x_wconf 82' lang='lat' dir='ltr'>est</span> <span class='ocrx_word' id='word_1_355' title='bbox 1175 351 1284 379; x_wconf 78' lang='lat' dir='ltr'>contra</span> <span class='ocrx_word' id='word_1_356' title='bbox 1301 348 1437 385; x_wconf 77' lang='lat' dir='ltr'>malum3</span> <span class='ocrx_word' id='word_1_357' title='bbox 1456 351 1511 378; x_wconf 86' lang='lat' dir='ltr'>aut</span> <span class='ocrx_word' id='word_1_358' title='bbox 1531 358 1586 388; x_wconf 89' lang='lat' dir='ltr'>per</span> <span class='ocrx_word' id='word_1_359' title='bbox 1609 349 1753 379; x_wconf 81' lang='lat' dir='ltr'>ordinem</span> <span class='ocrx_word' id='word_1_360' title='bbox 1770 349 1807 379; x_wconf 91' lang='lat' dir='ltr'>ad</span> 
     </span>
     <span class='ocr_line' id='line_1_54' title="bbox 1025 401 1808 441; baseline 0.001 -10"><span class='ocrx_word' id='word_1_361' title='bbox 1025 402 1158 439; x_wconf 82' lang='lat' dir='ltr'>bonum,</span> <span class='ocrx_word' id='word_1_362' title='bbox 1186 404 1216 432; x_wconf 86' lang='lat' dir='ltr'>et</span> <span class='ocrx_word' id='word_1_363' title='bbox 1239 402 1299 432; x_wconf 91' lang='lat' dir='ltr'>hoc</span> <span class='ocrx_word' id='word_1_364' title='bbox 1323 403 1423 441; x_wconf 87' lang='lat' dir='ltr'>potest.</span> <span class='ocrx_word' id='word_1_365' title='bbox 1445 412 1510 431; x_wconf 64' lang='lat' dir='ltr'>essa</span> <span class='ocrx_word' id='word_1_366' title='bbox 1531 401 1697 441; x_wconf 77' lang='lat' dir='ltr'>dupliciter</span> <span class='ocrx_word' id='word_1_367' title='bbox 1725 413 1730 432; x_wconf 89' lang='lat'>:</span> <span class='ocrx_word' id='word_1_368' title='bbox 1753 405 1808 432; x_wconf 82' lang='lat' dir='ltr'>aut</span> 
     </span>
     <span class='ocr_line' id='line_1_55' title="bbox 1025 455 1808 494; baseline 0.003 -10"><span class='ocrx_word' id='word_1_369' title='bbox 1025 464 1064 485; x_wconf 81' lang='lat' dir='ltr'>ex</span> <span class='ocrx_word' id='word_1_370' title='bbox 1081 457 1167 494; x_wconf 76' lang='lat' dir='ltr'>parte</span> <span class='ocrx_word' id='word_1_371' title='bbox 1183 455 1375 492; x_wconf 83' lang='lat' dir='ltr'>intellectus,</span> <span class='ocrx_word' id='word_1_372' title='bbox 1402 457 1431 485; x_wconf 83' lang='grc'>01</span> <span class='ocrx_word' id='word_1_373' title='bbox 1453 455 1497 485; x_wconf 89' lang='grc'>510</span> <span class='ocrx_word' id='word_1_374' title='bbox 1517 457 1562 485; x_wconf 70' lang='lat' dir='ltr'>est</span> <span class='ocrx_word' id='word_1_375' title='bbox 1578 455 1669 493; x_wconf 84' lang='lat' dir='ltr'>tides;</span> <span class='ocrx_word' id='word_1_376' title='bbox 1698 458 1751 486; x_wconf 88' lang='lat' dir='ltr'>aut</span> <span class='ocrx_word' id='word_1_377' title='bbox 1768 465 1808 486; x_wconf 78' lang='lat' dir='ltr'>ex</span> 
     </span>
     <span class='ocr_line' id='line_1_56' title="bbox 1025 507 1809 548; baseline 0.003 -11"><span class='ocrx_word' id='word_1_378' title='bbox 1025 510 1113 548; x_wconf 87' lang='lat' dir='ltr'>parte</span> <span class='ocrx_word' id='word_1_379' title='bbox 1131 507 1273 545; x_wconf 81' lang='lat' dir='ltr'>affectus,</span> <span class='ocrx_word' id='word_1_380' title='bbox 1292 508 1379 538; x_wconf 81' lang='lat' dir='ltr'>etsie</span> <span class='ocrx_word' id='word_1_381' title='bbox 1400 510 1446 538; x_wconf 88' lang='lat' dir='ltr'>est</span> <span class='ocrx_word' id='word_1_382' title='bbox 1468 509 1615 539; x_wconf 70' lang='lat' dir='ltr'>charitas,</span> <span class='ocrx_word' id='word_1_383' title='bbox 1643 508 1674 539; x_wconf 90' lang='lat' dir='ltr'>Si</span> <span class='ocrx_word' id='word_1_384' title='bbox 1701 511 1809 540; x_wconf 87' lang='lat' dir='ltr'>autem</span> 
     </span>
     <span class='ocr_line' id='line_1_57' title="bbox 1025 560 1809 601; baseline 0.003 -11"><span class='ocrx_word' id='word_1_385' title='bbox 1025 561 1150 591; x_wconf 87' lang='lat' dir='ltr'>dicatur</span> <span class='ocrx_word' id='word_1_386' title='bbox 1163 561 1258 591; x_wconf 86' lang='lat' dir='ltr'>timor</span> <span class='ocrx_word' id='word_1_387' title='bbox 1274 561 1324 591; x_wconf 87' lang='lat' dir='ltr'>vel</span> <span class='ocrx_word' id='word_1_388' title='bbox 1341 560 1505 592; x_wconf 81' lang='lat' dir='ltr'>humilitas</span> <span class='ocrx_word' id='word_1_389' title='bbox 1520 562 1622 592; x_wconf 84' lang='lat' dir='ltr'>facere</span> <span class='ocrx_word' id='word_1_390' title='bbox 1638 562 1730 601; x_wconf 79' lang='lat' dir='ltr'>tilios,</span> <span class='ocrx_word' id='word_1_391' title='bbox 1748 563 1809 592; x_wconf 83' lang='lat' dir='ltr'>hoc</span> 
     </span>
     <span class='ocr_line' id='line_1_58' title="bbox 1025 614 1553 654; baseline 0.002 -10"><span class='ocrx_word' id='word_1_392' title='bbox 1025 616 1071 645; x_wconf 87' lang='lat' dir='ltr'>est</span> <span class='ocrx_word' id='word_1_393' title='bbox 1085 614 1269 654; x_wconf 85' lang='lat' dir='ltr'>dispositive</span> <span class='ocrx_word' id='word_1_394' title='bbox 1285 616 1315 645; x_wconf 88' lang='lat' dir='ltr'>et</span> <span class='ocrx_word' id='word_1_395' title='bbox 1330 615 1553 654; x_wconf 73' lang='lat' dir='ltr'>praeparative.</span> 
     </span>
    </p>
   </div>
   <div class='ocr_carea' id='block_1_7' title="bbox 1289 731 1546 769">
    <p class='ocr_par' dir='ltr' id='par_1_11' title="bbox 1289 731 1546 769">
     <span class='ocr_line' id='line_1_59' title="bbox 1289 731 1546 769; baseline 0.004 -6"><span class='ocrx_word' id='word_1_396' title='bbox 1289 731 1469 769; x_wconf 83' lang='lat' dir='ltr'>QUAESTIO</span> <span class='ocrx_word' id='word_1_397' title='bbox 1493 732 1546 764; x_wconf 89' lang='grc'><strong>111.</strong></span> 
     </span>
    </p>
   </div>
   <div class='ocr_carea' id='block_1_8' title="bbox 1026 814 1808 887">
    <p class='ocr_par' dir='ltr' id='par_1_12' title="bbox 1026 814 1808 887">
     <span class='ocr_line' id='line_1_60' title="bbox 1026 814 1808 851; baseline 0 -11"><span class='ocrx_word' id='word_1_398' title='bbox 1026 814 1072 841; x_wconf 80' lang='lat' dir='ltr'>An</span> <span class='ocrx_word' id='word_1_399' title='bbox 1087 814 1189 849; x_wconf 75' lang='lat' dir='ltr'>filiatio</span> <span class='ocrx_word' id='word_1_400' title='bbox 1205 815 1362 849; x_wconf 77' lang='lat' dir='ltr'>adoptionis</span> <span class='ocrx_word' id='word_1_401' title='bbox 1375 816 1412 841; x_wconf 70' lang='lat' dir='ltr'>sit</span> <span class='ocrx_word' id='word_1_402' title='bbox 1428 816 1457 841; x_wconf 78' lang='lat' dir='ltr'>in</span> <span class='ocrx_word' id='word_1_403' title='bbox 1472 815 1549 842; x_wconf 74' lang='lat' dir='ltr'>nobis</span> <span class='ocrx_word' id='word_1_404' title='bbox 1561 823 1612 850; x_wconf 75' lang='lat' dir='ltr'>per</span> <span class='ocrx_word' id='word_1_405' title='bbox 1625 817 1808 851; x_wconf 77' lang='lat' dir='ltr'>comparatio-</span> 
     </span>
     <span class='ocr_line' id='line_1_61' title="bbox 1215 860 1511 887; baseline 0.003 -1"><span class='ocrx_word' id='word_1_406' title='bbox 1215 868 1272 887; x_wconf 77' lang='lat' dir='ltr'>nem</span> <span class='ocrx_word' id='word_1_407' title='bbox 1289 860 1325 887; x_wconf 78' lang='lat' dir='ltr'>acl</span> <span class='ocrx_word' id='word_1_408' title='bbox 1340 860 1476 887; x_wconf 76' lang='lat' dir='ltr'>Christum</span> <span class='ocrx_word' id='word_1_409' title='bbox 1492 861 1511 887; x_wconf 55' lang='lat'>⁴.</span> 
     </span>
    </p>
   </div>
   <div class='ocr_carea' id='block_1_9' title="bbox 1026 940 1812 2374">
    <p class='ocr_par' dir='ltr' id='par_1_13' title="bbox 1026 940 1810 1410">
     <span class='ocr_line' id='line_1_62' title="bbox 1067 940 1808 983; baseline 0.003 -12"><span class='ocrx_word' id='word_1_410' title='bbox 1067 940 1178 972; x_wconf 84' lang='lat' dir='ltr'>Utrum</span> <span class='ocrx_word' id='word_1_411' title='bbox 1196 940 1305 971; x_wconf 86' lang='lat' dir='ltr'>filiatio</span> <span class='ocrx_word' id='word_1_412' title='bbox 1327 941 1505 980; x_wconf 85' lang='lat' dir='ltr'>adoptionis</span> <span class='ocrx_word' id='word_1_413' title='bbox 1529 941 1569 972; x_wconf 89' lang='lat' dir='ltr'>sit</span> <span class='ocrx_word' id='word_1_414' title='bbox 1590 942 1623 972; x_wconf 90' lang='lat' dir='ltr'>in</span> <span class='ocrx_word' id='word_1_415' title='bbox 1645 943 1737 973; x_wconf 84' lang='lat' dir='ltr'>nobis</span> <span class='ocrx_word' id='word_1_416' title='bbox 1753 952 1808 983; x_wconf 88' lang='lat' dir='ltr'>per</span> 
     </span>
     <span class='ocr_line' id='line_1_63' title="bbox 1026 994 1809 1034; baseline 0.005 -10"><span class='ocrx_word' id='word_1_417' title='bbox 1026 995 1297 1034; x_wconf 79' lang='lat' dir='ltr'>comparationem</span> <span class='ocrx_word' id='word_1_418' title='bbox 1324 995 1362 1025; x_wconf 86' lang='lat' dir='ltr'>ad</span> <span class='ocrx_word' id='word_1_419' title='bbox 1393 994 1570 1032; x_wconf 55' lang='lat' dir='ltr'>Christunn</span> <span class='ocrx_word' id='word_1_420' title='bbox 1606 997 1636 1026; x_wconf 85' lang='lat' dir='ltr'>et</span> <span class='ocrx_word' id='word_1_421' title='bbox 1670 996 1731 1026; x_wconf 85' lang='lat' dir='ltr'>hoc</span> <span class='ocrx_word' id='word_1_422' title='bbox 1762 1000 1809 1028; x_wconf 90' lang='lat' dir='ltr'>est</span> 
     </span>
     <span class='ocr_line' id='line_1_64' title="bbox 1026 1048 1810 1090; baseline 0.004 -12"><span class='ocrx_word' id='word_1_423' title='bbox 1026 1057 1183 1087; x_wconf 63' lang='lat' dir='ltr'>quaerere,</span> <span class='ocrx_word' id='word_1_424' title='bbox 1208 1050 1318 1078; x_wconf 88' lang='lat' dir='ltr'>utrum</span> <span class='ocrx_word' id='word_1_425' title='bbox 1342 1048 1443 1079; x_wconf 89' lang='lat' dir='ltr'>simus</span> <span class='ocrx_word' id='word_1_426' title='bbox 1466 1049 1523 1079; x_wconf 87' lang='lat' dir='ltr'>filii</span> <span class='ocrx_word' id='word_1_427' title='bbox 1544 1050 1686 1089; x_wconf 86' lang='lat' dir='ltr'>adoptivi</span> <span class='ocrx_word' id='word_1_428' title='bbox 1711 1051 1810 1090; x_wconf 88' lang='lat' dir='ltr'>ipsius</span> 
     </span>
     <span class='ocr_line' id='line_1_65' title="bbox 1027 1101 1809 1143; baseline 0.003 -11"><span class='ocrx_word' id='word_1_429' title='bbox 1027 1101 1159 1138; x_wconf 89' lang='lat' dir='ltr'>Clu·isti;</span> <span class='ocrx_word' id='word_1_430' title='bbox 1183 1104 1213 1132; x_wconf 88' lang='lat' dir='ltr'>et</span> <span class='ocrx_word' id='word_1_431' title='bbox 1235 1102 1322 1141; x_wconf 90' lang='lat' dir='ltr'>quod</span> <span class='ocrx_word' id='word_1_432' title='bbox 1347 1102 1407 1139; x_wconf 82' lang='lat' dir='ltr'>sic,</span> <span class='ocrx_word' id='word_1_433' title='bbox 1425 1102 1551 1132; x_wconf 88' lang='lat' dir='ltr'>videtur</span> <span class='ocrx_word' id='word_1_434' title='bbox 1579 1113 1586 1133; x_wconf 77' lang='lat' dir='ltr'>t</span> <span class='ocrx_word' id='word_1_435' title='bbox 1615 1103 1809 1143; x_wconf 83' lang='lat' dir='ltr'>Frequenter</span> 
     </span>
     <span class='ocr_line' id='line_1_66' title="bbox 1026 1155 1809 1196; baseline 0.006 -13"><span class='ocrx_word' id='word_1_436' title='bbox 1026 1155 1114 1184; x_wconf 87' lang='lat' dir='ltr'>euim</span> <span class='ocrx_word' id='word_1_437' title='bbox 1130 1155 1163 1184; x_wconf 92' lang='lat' dir='ltr'>in</span> <span class='ocrx_word' id='word_1_438' title='bbox 1179 1155 1355 1194; x_wconf 81' lang='lat' dir='ltr'>Evangelio</span> <span class='ocrx_word' id='word_1_439' title='bbox 1367 1157 1459 1186; x_wconf 86' lang='lat' dir='ltr'>vocat</span> <span class='ocrx_word' id='word_1_440' title='bbox 1475 1155 1629 1186; x_wconf 89' lang='lat' dir='ltr'>Dominus</span> <span class='ocrx_word' id='word_1_441' title='bbox 1637 1156 1809 1196; x_wconf 87' lang='lat' dir='ltr'>discipulos</span> 
     </span>
     <span class='ocr_line' id='line_1_67' title="bbox 1026 1208 1807 1249; baseline 0.005 -12"><span class='ocrx_word' id='word_1_442' title='bbox 1026 1217 1101 1237; x_wconf 88' lang='lat' dir='ltr'>suos</span> <span class='ocrx_word' id='word_1_443' title='bbox 1122 1208 1214 1244; x_wconf 87' lang='lat' dir='ltr'>filios,</span> <span class='ocrx_word' id='word_1_444' title='bbox 1230 1211 1261 1238; x_wconf 85' lang='lat' dir='ltr'>et</span> <span class='ocrx_word' id='word_1_445' title='bbox 1283 1208 1353 1238; x_wconf 86' lang='lat' dir='ltr'>illos</span> <span class='ocrx_word' id='word_1_446' title='bbox 1367 1218 1448 1248; x_wconf 90' lang='lat' dir='ltr'>quos</span> <span class='ocrx_word' id='word_1_447' title='bbox 1464 1209 1595 1240; x_wconf 84' lang='lat' dir='ltr'>curabat</span> <span class='ocrx_word' id='word_1_448' title='bbox 1607 1210 1616 1225; x_wconf 74' lang='lat'>⁵</span> <span class='ocrx_word' id='word_1_449' title='bbox 1634 1221 1640 1240; x_wconf 89' lang='lat'>:</span> <span class='ocrx_word' id='word_1_450' title='bbox 1662 1210 1807 1249; x_wconf 75' lang='lat' dir='ltr'>Confide,</span> 
     </span>
     <span class='ocr_line' id='line_1_68' title="bbox 1026 1261 1809 1303; baseline 0.004 -11"><span class='ocrx_word' id='word_1_451' title='bbox 1026 1261 1120 1300; x_wconf 75' lang='lat' dir='ltr'>filia:</span> <span class='ocrx_word' id='word_1_452' title='bbox 1135 1261 1216 1300; x_wconf 76' lang='lat' dir='ltr'>fides</span> <span class='ocrx_word' id='word_1_453' title='bbox 1230 1265 1286 1293; x_wconf 82' lang='grc' dir='ltr'><em>ῑιια</em></span> <span class='ocrx_word' id='word_1_454' title='bbox 1302 1266 1329 1293; x_wconf 82' lang='lat' dir='ltr'>le</span> <span class='ocrx_word' id='word_1_455' title='bbox 1345 1263 1468 1293; x_wconf 73' lang='lat' dir='ltr'>salvam</span> <span class='ocrx_word' id='word_1_456' title='bbox 1485 1263 1571 1301; x_wconf 68' lang='lat' dir='ltr'>fecit.</span> <span class='ocrx_word' id='word_1_457' title='bbox 1590 1264 1623 1294; x_wconf 88' lang='lat' dir='ltr'>Si</span> <span class='ocrx_word' id='word_1_458' title='bbox 1638 1273 1717 1303; x_wconf 86' lang='lat' dir='ltr'>ergo</span> <span class='ocrx_word' id='word_1_459' title='bbox 1735 1274 1809 1295; x_wconf 84' lang='lat' dir='ltr'>vere</span> 
     </span>
     <span class='ocr_line' id='line_1_69' title="bbox 1027 1315 1808 1352; baseline 0.005 -7"><span class='ocrx_word' id='word_1_460' title='bbox 1027 1315 1161 1352; x_wconf 80' lang='lat' dir='ltr'>dicebat,</span> <span class='ocrx_word' id='word_1_461' title='bbox 1178 1316 1224 1345; x_wconf 91' lang='lat' dir='ltr'>illi</span> <span class='ocrx_word' id='word_1_462' title='bbox 1239 1325 1314 1346; x_wconf 83' lang='lat' dir='ltr'>vere</span> <span class='ocrx_word' id='word_1_463' title='bbox 1329 1319 1419 1346; x_wconf 84' lang='lat' dir='ltr'>erant</span> <span class='ocrx_word' id='word_1_464' title='bbox 1436 1317 1491 1346; x_wconf 82' lang='lat' dir='ltr'>filii</span> <span class='ocrx_word' id='word_1_465' title='bbox 1508 1316 1621 1348; x_wconf 85' lang='lat' dir='ltr'>Christi</span> <span class='ocrx_word' id='word_1_466' title='bbox 1645 1328 1650 1348; x_wconf 87' lang='lat'>:</span> <span class='ocrx_word' id='word_1_467' title='bbox 1675 1318 1728 1348; x_wconf 86' lang='lat' dir='ltr'>sed</span> <span class='ocrx_word' id='word_1_468' title='bbox 1745 1327 1808 1349; x_wconf 89' lang='lat' dir='ltr'>non</span> 
     </span>
     <span class='ocr_line' id='line_1_70' title="bbox 1027 1369 1476 1410; baseline 0.002 -11"><span class='ocrx_word' id='word_1_469' title='bbox 1027 1369 1189 1400; x_wconf 83' lang='lat' dir='ltr'>naturales</span> <span class='ocrx_word' id='word_1_470' title='bbox 1204 1380 1210 1399; x_wconf 89' lang='lat'>:</span> <span class='ocrx_word' id='word_1_471' title='bbox 1229 1379 1308 1409; x_wconf 73' lang='lat' dir='ltr'>ergo</span> <span class='ocrx_word' id='word_1_472' title='bbox 1323 1370 1476 1410; x_wconf 82' lang='lat' dir='ltr'>adoptivi.</span> 
     </span>
    </p>

    <p class='ocr_par' dir='ltr' id='par_1_14' title="bbox 1027 1423 1810 1731">
     <span class='ocr_line' id='line_1_71' title="bbox 1069 1423 1810 1463; baseline 0.004 -10"><span class='ocrx_word' id='word_1_473' title='bbox 1069 1423 1146 1454; x_wconf 90' lang='lat' dir='ltr'>ltem</span> <span class='ocrx_word' id='word_1_474' title='bbox 1178 1434 1273 1463; x_wconf 87' lang='lat' dir='ltr'>super</span> <span class='ocrx_word' id='word_1_475' title='bbox 1297 1424 1375 1454; x_wconf 88' lang='lat' dir='ltr'>illud</span> <span class='ocrx_word' id='word_1_476' title='bbox 1396 1424 1405 1439; x_wconf 78' lang='lat'><strong>⁶</strong></span> <span class='ocrx_word' id='word_1_477' title='bbox 1424 1435 1429 1454; x_wconf 80' lang='lat' dir='ltr'>z</span> <span class='ocrx_word' id='word_1_478' title='bbox 1454 1424 1539 1455; x_wconf 81' lang='lat' dir='ltr'>Unus</span> <span class='ocrx_word' id='word_1_479' title='bbox 1562 1425 1643 1456; x_wconf 74' lang='lat' dir='ltr'>Deus</span> <span class='ocrx_word' id='word_1_480' title='bbox 1663 1428 1693 1457; x_wconf 78' lang='lat' dir='ltr'>et</span> <span class='ocrx_word' id='word_1_481' title='bbox 1719 1425 1810 1457; x_wconf 78' lang='lat' dir='ltr'>Pater</span> 
     </span>
     <span class='ocr_line' id='line_1_72' title="bbox 1027 1477 1808 1515; baseline 0.003 -8"><span class='ocrx_word' id='word_1_482' title='bbox 1027 1478 1188 1515; x_wconf 53' lang='lat' dir='ltr'>omninum</span> <span class='ocrx_word' id='word_1_483' title='bbox 1206 1477 1314 1507; x_wconf 85' lang='lat' dir='ltr'>Glossa</span> <span class='ocrx_word' id='word_1_484' title='bbox 1331 1488 1337 1508; x_wconf 90' lang='grc'>;</span> <span class='ocrx_word' id='word_1_485' title='bbox 1360 1489 1374 1505; x_wconf 84' lang='lat'>«</span> <span class='ocrx_word' id='word_1_486' title='bbox 1392 1477 1473 1508; x_wconf 90' lang='lat' dir='ltr'>Deus</span> <span class='ocrx_word' id='word_1_487' title='bbox 1488 1480 1534 1508; x_wconf 79' lang='lat' dir='ltr'>est</span> <span class='ocrx_word' id='word_1_488' title='bbox 1554 1477 1645 1508; x_wconf 86' lang='lat' dir='ltr'>Pater</span> <span class='ocrx_word' id='word_1_489' title='bbox 1661 1479 1808 1509; x_wconf 84' lang='lat' dir='ltr'>omnium</span> 
     </span>
     <span class='ocr_line' id='line_1_73' title="bbox 1028 1530 1808 1570; baseline 0.004 -10"><span class='ocrx_word' id='word_1_490' title='bbox 1028 1531 1197 1569; x_wconf 83' lang='lat' dir='ltr'>creatione,</span> <span class='ocrx_word' id='word_1_491' title='bbox 1215 1531 1269 1561; x_wconf 90' lang='lat' dir='ltr'>sed</span> <span class='ocrx_word' id='word_1_492' title='bbox 1284 1530 1427 1561; x_wconf 83' lang='lat' dir='ltr'>fidelium</span> <span class='ocrx_word' id='word_1_493' title='bbox 1442 1531 1696 1570; x_wconf 78' lang='lat' dir='ltr'>regeneratione.</span> <span class='ocrx_word' id='word_1_494' title='bbox 1716 1544 1729 1560; x_wconf 81' lang='lat'>»</span> <span class='ocrx_word' id='word_1_495' title='bbox 1749 1533 1808 1563; x_wconf 85' lang='lat' dir='ltr'>Sed</span> 
     </span>
     <span class='ocr_line' id='line_1_74' title="bbox 1029 1584 1810 1624; baseline 0.003 -10"><span class='ocrx_word' id='word_1_496' title='bbox 1029 1584 1170 1615; x_wconf 85' lang='lat' dir='ltr'>Christus</span> <span class='ocrx_word' id='word_1_497' title='bbox 1184 1585 1313 1621; x_wconf 83' lang='lat' dir='ltr'>creavit,</span> <span class='ocrx_word' id='word_1_498' title='bbox 1331 1587 1361 1615; x_wconf 91' lang='lat' dir='ltr'>et</span> <span class='ocrx_word' id='word_1_499' title='bbox 1375 1585 1530 1615; x_wconf 79' lang='lat' dir='ltr'>recreavit</span> <span class='ocrx_word' id='word_1_500' title='bbox 1547 1596 1553 1616; x_wconf 81' lang='lat' dir='ltr'>z</span> <span class='ocrx_word' id='word_1_501' title='bbox 1572 1594 1651 1624; x_wconf 83' lang='lat' dir='ltr'>ergo</span> <span class='ocrx_word' id='word_1_502' title='bbox 1669 1586 1810 1617; x_wconf 79' lang='lat' dir='ltr'>Christus</span> 
     </span>
     <span class='ocr_line' id='line_1_75' title="bbox 1028 1638 1808 1678; baseline 0.003 -10"><span class='ocrx_word' id='word_1_503' title='bbox 1028 1640 1074 1668; x_wconf 85' lang='lat' dir='ltr'>est</span> <span class='ocrx_word' id='word_1_504' title='bbox 1090 1640 1178 1678; x_wconf 81' lang='lat' dir='ltr'>pater</span> <span class='ocrx_word' id='word_1_505' title='bbox 1192 1638 1350 1676; x_wconf 80' lang='lat' dir='ltr'>omnium,</span> <span class='ocrx_word' id='word_1_506' title='bbox 1365 1640 1394 1668; x_wconf 89' lang='lat' dir='ltr'>et</span> <span class='ocrx_word' id='word_1_507' title='bbox 1407 1638 1549 1668; x_wconf 83' lang='lat' dir='ltr'>fidelium</span> <span class='ocrx_word' id='word_1_508' title='bbox 1567 1649 1573 1669; x_wconf 88' lang='lat'>:</span> <span class='ocrx_word' id='word_1_509' title='bbox 1591 1639 1646 1669; x_wconf 91' lang='lat' dir='ltr'>sed</span> <span class='ocrx_word' id='word_1_510' title='bbox 1665 1639 1808 1670; x_wconf 82' lang='lat' dir='ltr'>fidelium</span> 
     </span>
     <span class='ocr_line' id='line_1_76' title="bbox 1029 1691 1666 1731; baseline 0.003 -10"><span class='ocrx_word' id='word_1_511' title='bbox 1029 1694 1074 1721; x_wconf 79' lang='lat' dir='ltr'>est</span> <span class='ocrx_word' id='word_1_512' title='bbox 1089 1701 1145 1731; x_wconf 85' lang='lat' dir='ltr'>per</span> <span class='ocrx_word' id='word_1_513' title='bbox 1160 1691 1363 1731; x_wconf 84' lang='lat' dir='ltr'>adoptionem</span> <span class='ocrx_word' id='word_1_514' title='bbox 1377 1694 1465 1731; x_wconf 85' lang='lat' dir='ltr'>pater</span> <span class='ocrx_word' id='word_1_515' title='bbox 1478 1701 1485 1722; x_wconf 92' lang='lat'>:</span> <span class='ocrx_word' id='word_1_516' title='bbox 1499 1701 1590 1731; x_wconf 83' lang='lat' dir='ltr'>ergo,</span> <span class='ocrx_word' id='word_1_517' title='bbox 1607 1695 1666 1723; x_wconf 89' lang='lat' dir='ltr'>etc.</span> 
     </span>
    </p>

    <p class='ocr_par' dir='ltr' id='par_1_15' title="bbox 1028 1745 1812 2044">
     <span class='ocr_line' id='line_1_77' title="bbox 1070 1745 1808 1785; baseline 0.001 -10"><span class='ocrx_word' id='word_1_518' title='bbox 1070 1745 1147 1775; x_wconf 80' lang='lat' dir='ltr'>Item</span> <span class='ocrx_word' id='word_1_519' title='bbox 1170 1745 1227 1776; x_wconf 85' lang='lat' dir='ltr'>filii</span> <span class='ocrx_word' id='word_1_520' title='bbox 1247 1745 1389 1784; x_wconf 84' lang='lat' dir='ltr'>adoptivi</span> <span class='ocrx_word' id='word_1_521' title='bbox 1410 1745 1568 1775; x_wconf 78' lang='lat' dir='ltr'>efficimur</span> <span class='ocrx_word' id='word_1_522' title='bbox 1588 1755 1645 1785; x_wconf 87' lang='lat' dir='ltr'>per</span> <span class='ocrx_word' id='word_1_523' title='bbox 1671 1747 1808 1785; x_wconf 78' lang='lat' dir='ltr'>gratiam</span> 
     </span>
     <span class='ocr_line' id='line_1_78' title="bbox 1028 1798 1810 1831; baseline 0.004 -3"><span class='ocrx_word' id='word_1_524' title='bbox 1028 1798 1260 1829; x_wconf 85' lang='lat' dir='ltr'>inhabitantem</span> <span class='ocrx_word' id='word_1_525' title='bbox 1278 1809 1284 1828; x_wconf 71' lang='grc' dir='ltr'><em>τ</em></span> <span class='ocrx_word' id='word_1_526' title='bbox 1302 1799 1356 1829; x_wconf 89' lang='lat' dir='ltr'>sed</span> <span class='ocrx_word' id='word_1_527' title='bbox 1371 1808 1446 1829; x_wconf 80' lang='lat' dir='ltr'>cum</span> <span class='ocrx_word' id='word_1_528' title='bbox 1461 1799 1584 1830; x_wconf 87' lang='lat' dir='ltr'>habitat</span> <span class='ocrx_word' id='word_1_529' title='bbox 1596 1800 1629 1830; x_wconf 90' lang='lat' dir='ltr'>in</span> <span class='ocrx_word' id='word_1_530' title='bbox 1638 1800 1730 1830; x_wconf 85' lang='lat' dir='ltr'>nobis</span> <span class='ocrx_word' id='word_1_531' title='bbox 1744 1810 1810 1831; x_wconf 85' lang='lat' dir='ltr'>una</span> 
     </span>
     <span class='ocr_line' id='line_1_79' title="bbox 1030 1853 1808 1892; baseline 0.003 -10"><span class='ocrx_word' id='word_1_532' title='bbox 1030 1861 1175 1891; x_wconf 84' lang='lat' dir='ltr'>persona,</span> <span class='ocrx_word' id='word_1_533' title='bbox 1193 1861 1320 1882; x_wconf 84' lang='lat' dir='ltr'>necesse</span> <span class='ocrx_word' id='word_1_534' title='bbox 1335 1854 1381 1882; x_wconf 87' lang='lat' dir='ltr'>est</span> <span class='ocrx_word' id='word_1_535' title='bbox 1395 1853 1479 1892; x_wconf 87' lang='lat' dir='ltr'>quod</span> <span class='ocrx_word' id='word_1_536' title='bbox 1496 1853 1674 1884; x_wconf 86' lang='lat' dir='ltr'>inhabitent</span> <span class='ocrx_word' id='word_1_537' title='bbox 1691 1856 1721 1884; x_wconf 88' lang='lat' dir='ltr'>et</span> <span class='ocrx_word' id='word_1_538' title='bbox 1736 1855 1808 1884; x_wconf 89' lang='lat' dir='ltr'>reli-</span> 
     </span>
     <span class='ocr_line' id='line_1_80' title="bbox 1029 1906 1809 1947; baseline 0.003 -11"><span class='ocrx_word' id='word_1_539' title='bbox 1029 1915 1103 1946; x_wconf 81' lang='lat' dir='ltr'>quae</span> <span class='ocrx_word' id='word_1_540' title='bbox 1120 1907 1159 1944; x_wconf 78' lang='lat' dir='ltr'>(a)</span> <span class='ocrx_word' id='word_1_541' title='bbox 1180 1917 1186 1937; x_wconf 90' lang='grc'>;</span> <span class='ocrx_word' id='word_1_542' title='bbox 1204 1915 1282 1945; x_wconf 81' lang='lat' dir='ltr'>ergo</span> <span class='ocrx_word' id='word_1_543' title='bbox 1299 1906 1325 1936; x_wconf 91' lang='lat' dir='ltr'>si</span> <span class='ocrx_word' id='word_1_544' title='bbox 1338 1915 1450 1937; x_wconf 89' lang='lat' dir='ltr'>sumus</span> <span class='ocrx_word' id='word_1_545' title='bbox 1465 1907 1520 1937; x_wconf 86' lang='lat' dir='ltr'>filii</span> <span class='ocrx_word' id='word_1_546' title='bbox 1541 1907 1638 1938; x_wconf 90' lang='lat' dir='ltr'>unius</span> <span class='ocrx_word' id='word_1_547' title='bbox 1652 1917 1809 1947; x_wconf 72' lang='lat' dir='ltr'>personae,</span> 
     </span>
     <span class='ocr_line' id='line_1_81' title="bbox 1028 1959 1812 2001; baseline 0.004 -12"><span class='ocrx_word' id='word_1_548' title='bbox 1028 1969 1155 1990; x_wconf 85' lang='lat' dir='ltr'>necesse</span> <span class='ocrx_word' id='word_1_549' title='bbox 1182 1962 1228 1990; x_wconf 87' lang='lat' dir='ltr'>est</span> <span class='ocrx_word' id='word_1_550' title='bbox 1262 1959 1349 1999; x_wconf 90' lang='lat' dir='ltr'>quod</span> <span class='ocrx_word' id='word_1_551' title='bbox 1378 1960 1475 1991; x_wconf 88' lang='lat' dir='ltr'>totius</span> <span class='ocrx_word' id='word_1_552' title='bbox 1507 1960 1668 1991; x_wconf 86' lang='lat' dir='ltr'>Trinitatis</span> <span class='ocrx_word' id='word_1_553' title='bbox 1695 1969 1703 1991; x_wconf 73' lang='grc' dir='ltr'><strong><em>ε</em></strong></span> <span class='ocrx_word' id='word_1_554' title='bbox 1733 1971 1812 2001; x_wconf 81' lang='lat' dir='ltr'>ergo</span> 
     </span>
     <span class='ocr_line' id='line_1_82' title="bbox 1030 2013 1157 2044; baseline 0 -1"><span class='ocrx_word' id='word_1_555' title='bbox 1030 2013 1157 2044; x_wconf 85' lang='lat' dir='ltr'>Christi.</span> 
     </span>
    </p>

    <p class='ocr_par' dir='ltr' id='par_1_16' title="bbox 1030 2066 1812 2312">
     <span class='ocr_line' id='line_1_83' title="bbox 1072 2066 1809 2106; baseline 0.001 -9"><span class='ocrx_word' id='word_1_556' title='bbox 1072 2066 1150 2097; x_wconf 91' lang='lat' dir='ltr'>ltem</span> <span class='ocrx_word' id='word_1_557' title='bbox 1165 2076 1250 2097; x_wconf 88' lang='lat' dir='ltr'>unus</span> <span class='ocrx_word' id='word_1_558' title='bbox 1262 2069 1308 2097; x_wconf 92' lang='lat' dir='ltr'>est</span> <span class='ocrx_word' id='word_1_559' title='bbox 1321 2076 1424 2105; x_wconf 81' lang='lat' dir='ltr'>amor,</span> <span class='ocrx_word' id='word_1_560' title='bbox 1436 2076 1500 2106; x_wconf 90' lang='lat' dir='ltr'>quo</span> <span class='ocrx_word' id='word_1_561' title='bbox 1511 2076 1659 2099; x_wconf 83' lang='lat' dir='ltr'>amamus</span> <span class='ocrx_word' id='word_1_562' title='bbox 1671 2068 1809 2106; x_wconf 82' lang='lat' dir='ltr'>Patrem,</span> 
     </span>
     <span class='ocr_line' id='line_1_84' title="bbox 1030 2119 1812 2160; baseline 0.001 -10"><span class='ocrx_word' id='word_1_563' title='bbox 1030 2122 1061 2151; x_wconf 91' lang='lat' dir='ltr'>et</span> <span class='ocrx_word' id='word_1_564' title='bbox 1074 2119 1202 2158; x_wconf 88' lang='lat' dir='ltr'>Filium,</span> <span class='ocrx_word' id='word_1_565' title='bbox 1221 2122 1252 2150; x_wconf 88' lang='lat' dir='ltr'>et</span> <span class='ocrx_word' id='word_1_566' title='bbox 1272 2119 1426 2160; x_wconf 86' lang='lat' dir='ltr'>Spiritum</span> <span class='ocrx_word' id='word_1_567' title='bbox 1445 2122 1593 2150; x_wconf 84' lang='lat' dir='ltr'>sanctum</span> <span class='ocrx_word' id='word_1_568' title='bbox 1612 2132 1618 2151; x_wconf 90' lang='lat'>:</span> <span class='ocrx_word' id='word_1_569' title='bbox 1645 2121 1698 2151; x_wconf 88' lang='lat' dir='ltr'>sed</span> <span class='ocrx_word' id='word_1_570' title='bbox 1721 2130 1812 2151; x_wconf 88' lang='lat' dir='ltr'>amor</span> 
     </span>
     <span class='ocr_line' id='line_1_85' title="bbox 1031 2173 1808 2213; baseline 0.001 -10"><span class='ocrx_word' id='word_1_571' title='bbox 1031 2175 1078 2204; x_wconf 87' lang='lat' dir='ltr'>est</span> <span class='ocrx_word' id='word_1_572' title='bbox 1092 2173 1154 2212; x_wconf 87' lang='lat' dir='ltr'>ille,</span> <span class='ocrx_word' id='word_1_573' title='bbox 1171 2173 1227 2213; x_wconf 87' lang='lat' dir='ltr'>qui</span> <span class='ocrx_word' id='word_1_574' title='bbox 1242 2173 1314 2204; x_wconf 84' lang='lat' dir='ltr'>facit</span> <span class='ocrx_word' id='word_1_575' title='bbox 1329 2183 1387 2204; x_wconf 89' lang='lat' dir='ltr'>nos</span> <span class='ocrx_word' id='word_1_576' title='bbox 1400 2173 1536 2204; x_wconf 84' lang='lat' dir='ltr'>clamare</span> <span class='ocrx_word' id='word_1_577' title='bbox 1546 2174 1556 2190; x_wconf 89' lang='lat'><strong>⁷</strong></span> <span class='ocrx_word' id='word_1_578' title='bbox 1571 2185 1577 2205; x_wconf 76' lang='grc' dir='ltr'>ε</span> <span class='ocrx_word' id='word_1_579' title='bbox 1590 2174 1680 2206; x_wconf 83' lang='lat' dir='ltr'>Abba</span> <span class='ocrx_word' id='word_1_580' title='bbox 1695 2174 1789 2206; x_wconf 78' lang='lat' dir='ltr'>Pater</span> <span class='ocrx_word' id='word_1_581' title='bbox 1803 2185 1808 2204; x_wconf 92' lang='lat'>:</span> 
     </span>
     <span class='ocr_line' id='line_1_86' title="bbox 1031 2226 1811 2268; baseline 0 -11"><span class='ocrx_word' id='word_1_582' title='bbox 1031 2236 1109 2266; x_wconf 83' lang='lat' dir='ltr'>ergo</span> <span class='ocrx_word' id='word_1_583' title='bbox 1125 2226 1227 2265; x_wconf 86' lang='lat' dir='ltr'>Pater,</span> <span class='ocrx_word' id='word_1_584' title='bbox 1240 2230 1270 2258; x_wconf 87' lang='lat' dir='ltr'>et</span> <span class='ocrx_word' id='word_1_585' title='bbox 1280 2226 1389 2265; x_wconf 73' lang='lat' dir='ltr'>Filius,</span> <span class='ocrx_word' id='word_1_586' title='bbox 1406 2229 1436 2258; x_wconf 91' lang='lat' dir='ltr'>et</span> <span class='ocrx_word' id='word_1_587' title='bbox 1451 2226 1586 2268; x_wconf 87' lang='lat' dir='ltr'>Spiritus</span> <span class='ocrx_word' id='word_1_588' title='bbox 1598 2230 1725 2259; x_wconf 86' lang='lat' dir='ltr'>sanctus</span> <span class='ocrx_word' id='word_1_589' title='bbox 1736 2230 1811 2258; x_wconf 88' lang='lat' dir='ltr'>sunt</span> 
     </span>
     <span class='ocr_line' id='line_1_87' title="bbox 1030 2280 1356 2312; baseline 0 -1"><span class='ocrx_word' id='word_1_590' title='bbox 1030 2290 1116 2311; x_wconf 88' lang='lat' dir='ltr'>unus</span> <span class='ocrx_word' id='word_1_591' title='bbox 1132 2280 1223 2311; x_wconf 80' lang='lat' dir='ltr'>Pater</span> <span class='ocrx_word' id='word_1_592' title='bbox 1238 2283 1356 2312; x_wconf 88' lang='lat' dir='ltr'>noster.</span> 
     </span>
    </p>

    <p class='ocr_par' dir='ltr' id='par_1_17' title="bbox 1072 2333 1808 2374">
     <span class='ocr_line' id='line_1_88' title="bbox 1072 2333 1808 2374; baseline -0.001 -9"><span class='ocrx_word' id='word_1_593' title='bbox 1072 2333 1133 2365; x_wconf 88' lang='lat' dir='ltr'>Sed</span> <span class='ocrx_word' id='word_1_594' title='bbox 1147 2336 1257 2365; x_wconf 89' lang='lat' dir='ltr'>contra</span> <span class='ocrx_word' id='word_1_595' title='bbox 1277 2346 1283 2365; x_wconf 90' lang='lat'>:</span> <span class='ocrx_word' id='word_1_596' title='bbox 1304 2338 1329 2365; x_wconf 91' lang='lat' dir='ltr'>l.</span> <span class='ocrx_word' id='word_1_597' title='bbox 1348 2334 1436 2365; x_wconf 89' lang='lat' dir='ltr'>Illius</span> <span class='ocrx_word' id='word_1_598' title='bbox 1460 2335 1557 2366; x_wconf 88' lang='lat' dir='ltr'>solius</span> <span class='ocrx_word' id='word_1_599' title='bbox 1579 2337 1626 2365; x_wconf 86' lang='lat' dir='ltr'>est</span> <span class='ocrx_word' id='word_1_600' title='bbox 1647 2334 1808 2374; x_wconf 86' lang='lat' dir='ltr'>adoptare,</span> 
     </span>
    </p>
   </div>
   <div class='ocr_carea' id='block_1_10' title="bbox 1032 2434 1810 2643">
    <p class='ocr_par' dir='ltr' id='par_1_18' title="bbox 1032 2434 1810 2643">
     <span class='ocr_line' id='line_1_89' title="bbox 1033 2434 1808 2465; baseline -0.001 -5"><span class='ocrx_word' id='word_1_601' title='bbox 1033 2436 1079 2460; x_wconf 85' lang='lat' dir='ltr'>art.</span> <span class='ocrx_word' id='word_1_602' title='bbox 1096 2436 1123 2465; x_wconf 78' lang='lat'>33</span> <span class='ocrx_word' id='word_1_603' title='bbox 1140 2436 1165 2458; x_wconf 89' lang='lat' dir='ltr'>et</span> <span class='ocrx_word' id='word_1_604' title='bbox 1178 2435 1299 2465; x_wconf 77' lang='lat' dir='ltr'>llISent.,</span> <span class='ocrx_word' id='word_1_605' title='bbox 1311 2434 1369 2458; x_wconf 85' lang='lat' dir='ltr'>dist.</span> <span class='ocrx_word' id='word_1_606' title='bbox 1384 2441 1445 2465; x_wconf 84' lang='lat' dir='ltr'>x,q.</span> <span class='ocrx_word' id='word_1_607' title='bbox 1465 2440 1493 2463; x_wconf 83' lang='lat'>11,</span> <span class='ocrx_word' id='word_1_608' title='bbox 1515 2437 1562 2458; x_wconf 84' lang='lat' dir='ltr'>art.</span> <span class='ocrx_word' id='word_1_609' title='bbox 1579 2436 1601 2463; x_wconf 76' lang='lat'>2,</span> <span class='ocrx_word' id='word_1_610' title='bbox 1620 2441 1645 2464; x_wconf 87' lang='lat' dir='ltr'>q.</span> <span class='ocrx_word' id='word_1_611' title='bbox 1662 2440 1688 2465; x_wconf 90' lang='lat'>1;</span> <span class='ocrx_word' id='word_1_612' title='bbox 1704 2436 1729 2458; x_wconf 85' lang='lat' dir='ltr'>et</span> <span class='ocrx_word' id='word_1_613' title='bbox 1741 2435 1808 2459; x_wconf 85' lang='lat' dir='ltr'>ettV</span> 
     </span>
     <span class='ocr_line' id='line_1_90' title="bbox 1032 2469 1809 2501; baseline 0.003 -9"><span class='ocrx_word' id='word_1_614' title='bbox 1032 2471 1119 2494; x_wconf 73' lang='lat' dir='ltr'>contra</span> <span class='ocrx_word' id='word_1_615' title='bbox 1135 2470 1219 2500; x_wconf 78' lang='lat' dir='ltr'>Gent.,</span> <span class='ocrx_word' id='word_1_616' title='bbox 1233 2478 1257 2494; x_wconf 82' lang='lat' dir='ltr'>c.</span> <span class='ocrx_word' id='word_1_617' title='bbox 1273 2476 1342 2501; x_wconf 68' lang='lat' dir='ltr'>xvuj,</span> <span class='ocrx_word' id='word_1_618' title='bbox 1358 2471 1550 2501; x_wconf 84' lang='lat' dir='ltr'>AEgid.,Rom.‚</span> <span class='ocrx_word' id='word_1_619' title='bbox 1568 2471 1598 2494; x_wconf 91' lang='grc'>111</span> <span class='ocrx_word' id='word_1_620' title='bbox 1615 2470 1695 2498; x_wconf 61' lang='lat' dir='ltr'>Sem,</span> <span class='ocrx_word' id='word_1_621' title='bbox 1711 2469 1767 2493; x_wconf 87' lang='lat' dir='ltr'>dist.</span> <span class='ocrx_word' id='word_1_622' title='bbox 1782 2476 1809 2500; x_wconf 85' lang='lat' dir='ltr'>x,</span> 
     </span>
     <span class='ocr_line' id='line_1_91' title="bbox 1033 2505 1808 2537; baseline -0.001 -8"><span class='ocrx_word' id='word_1_623' title='bbox 1033 2513 1058 2536; x_wconf 88' lang='lat' dir='ltr'>p.</span> <span class='ocrx_word' id='word_1_624' title='bbox 1076 2512 1104 2535; x_wconf 87' lang='grc'>11,</span> <span class='ocrx_word' id='word_1_625' title='bbox 1120 2513 1144 2537; x_wconf 88' lang='lat' dir='ltr'>q.</span> <span class='ocrx_word' id='word_1_626' title='bbox 1164 2512 1198 2537; x_wconf 75' lang='lat'>113</span> <span class='ocrx_word' id='word_1_627' title='bbox 1213 2505 1342 2533; x_wconf 74' lang='lat' dir='ltr'>Richard..</span> <span class='ocrx_word' id='word_1_628' title='bbox 1360 2506 1391 2529; x_wconf 87' lang='grc'>111</span> <span class='ocrx_word' id='word_1_629' title='bbox 1409 2506 1489 2536; x_wconf 55' lang='lat' dir='ltr'>Scan,</span> <span class='ocrx_word' id='word_1_630' title='bbox 1510 2506 1569 2529; x_wconf 83' lang='lat' dir='ltr'>dist.</span> <span class='ocrx_word' id='word_1_631' title='bbox 1586 2507 1670 2534; x_wconf 82' lang='lat' dir='ltr'>x,=1rt</span> <span class='ocrx_word' id='word_1_632' title='bbox 1691 2506 1718 2534; x_wconf 88' lang='grc'>3,</span> <span class='ocrx_word' id='word_1_633' title='bbox 1734 2512 1759 2536; x_wconf 55' lang='lat' dir='ltr'>q.</span> <span class='ocrx_word' id='word_1_634' title='bbox 1776 2511 1808 2536; x_wconf 86' lang='lat'>11;</span> 
     </span>
     <span class='ocr_line' id='line_1_92' title="bbox 1034 2540 1810 2572; baseline -0.004 -6"><span class='ocrx_word' id='word_1_635' title='bbox 1034 2542 1121 2572; x_wconf 84' lang='lat' dir='ltr'>Stepli.</span> <span class='ocrx_word' id='word_1_636' title='bbox 1143 2541 1248 2572; x_wconf 62' lang='lat' dir='ltr'>Brutef„</span> <span class='ocrx_word' id='word_1_637' title='bbox 1265 2542 1297 2565; x_wconf 86' lang='grc'>111</span> <span class='ocrx_word' id='word_1_638' title='bbox 1315 2542 1393 2571; x_wconf 60' lang='lat' dir='ltr'>Sent„</span> <span class='ocrx_word' id='word_1_639' title='bbox 1415 2542 1472 2565; x_wconf 81' lang='lat' dir='ltr'>dist.</span> <span class='ocrx_word' id='word_1_640' title='bbox 1498 2547 1524 2570; x_wconf 81' lang='lat' dir='ltr'>x,</span> <span class='ocrx_word' id='word_1_641' title='bbox 1540 2549 1564 2572; x_wconf 78' lang='lat' dir='ltr'>q.</span> <span class='ocrx_word' id='word_1_642' title='bbox 1582 2547 1628 2564; x_wconf 77' lang='lat' dir='ltr'>vii.</span> <span class='ocrx_word' id='word_1_643' title='bbox 1644 2554 1673 2557; x_wconf 86' lang='lat'>—</span> <span class='ocrx_word' id='word_1_644' title='bbox 1685 2541 1694 2556; x_wconf 78' lang='lat'><strong>⁵</strong></span> <span class='ocrx_word' id='word_1_645' title='bbox 1711 2540 1810 2570; x_wconf 41' lang='lat' dir='ltr'>Mutila,</span> 
     </span>
     <span class='ocr_line' id='line_1_93' title="bbox 1034 2576 1810 2609; baseline -0.003 -7"><span class='ocrx_word' id='word_1_646' title='bbox 1034 2583 1077 2608; x_wconf 80' lang='lat' dir='ltr'>xx,</span> <span class='ocrx_word' id='word_1_647' title='bbox 1093 2579 1132 2602; x_wconf 79' lang='lat'>22.</span> <span class='ocrx_word' id='word_1_648' title='bbox 1149 2591 1179 2596; x_wconf 91' lang='lat'><em>-</em></span> <span class='ocrx_word' id='word_1_649' title='bbox 1197 2577 1208 2594; x_wconf 79' lang='lat'><strong>⁶</strong></span> <span class='ocrx_word' id='word_1_650' title='bbox 1223 2577 1324 2609; x_wconf 54' lang='lat' dir='ltr'>Ephes„</span> <span class='ocrx_word' id='word_1_651' title='bbox 1346 2583 1382 2607; x_wconf 87' lang='lat' dir='ltr'>1v,</span> <span class='ocrx_word' id='word_1_652' title='bbox 1401 2579 1424 2602; x_wconf 80' lang='grc'>6.</span> <span class='ocrx_word' id='word_1_653' title='bbox 1437 2577 1486 2595; x_wconf 70' lang='grc'>-7</span> <span class='ocrx_word' id='word_1_654' title='bbox 1510 2577 1588 2607; x_wconf 63' lang='lat' dir='ltr'>Rom„</span> <span class='ocrx_word' id='word_1_655' title='bbox 1603 2582 1661 2606; x_wconf 82' lang='lat' dir='ltr'>vui,</span> <span class='ocrx_word' id='word_1_656' title='bbox 1678 2577 1726 2608; x_wconf 70' lang='lat'>155</span> <span class='ocrx_word' id='word_1_657' title='bbox 1741 2576 1810 2608; x_wconf 60' lang='lat' dir='ltr'>Gal„</span> 
     </span>
     <span class='ocr_line' id='line_1_94' title="bbox 1034 2614 1110 2643; baseline 0 -6"><span class='ocrx_word' id='word_1_658' title='bbox 1034 2619 1070 2643; x_wconf 72' lang='lat' dir='ltr'>w,</span> <span class='ocrx_word' id='word_1_659' title='bbox 1088 2614 1110 2637; x_wconf 69' lang='lat' dir='ltr'>s‘.</span> 
     </span>
    </p>
   </div>
   <div class='ocr_carea' id='block_1_11' title="bbox 1824 952 1928 973">
    <p class='ocr_par' dir='ltr' id='par_1_19' title="bbox 1824 952 1928 973">
     <span class='ocr_line' id='line_1_95' title="bbox 1824 952 1928 973; baseline -0.01 -1"><span class='ocrx_word' id='word_1_660' title='bbox 1824 952 1928 973; x_wconf 80' lang='lat' dir='ltr'>Fundam.</span> 
     </span>
    </p>
   </div>
   <div class='ocr_carea' id='block_1_12' title="bbox 1825 2345 1935 2372">
    <p class='ocr_par' dir='ltr' id='par_1_20' title="bbox 1825 2345 1935 2372">
     <span class='ocr_line' id='line_1_96' title="bbox 1825 2345 1935 2372; baseline 0 -6"><span class='ocrx_word' id='word_1_661' title='bbox 1825 2345 1859 2366; x_wconf 84' lang='lat' dir='ltr'>Ad</span> <span class='ocrx_word' id='word_1_662' title='bbox 1881 2351 1935 2372; x_wconf 86' lang='lat' dir='ltr'>opp.</span> 
     </span>
    </p>
   </div>
  </div>
 </body>
</html>
