2017 2960
543 196 643 228 DIST.
669 196 722 228 ΙΙΙ.
744 195 860 228 PART.
884 197 906 227 i.
933 195 1023 228 Att'r.
1050 197 1087 227 ll.
1111 195 1261 234 QUAEST.
1286 194 1339 226 ill.

130 265 241 297 formis
264 264 359 304 Filio,
375 274 473 306 quem
495 265 618 305 genuit.
639 265 673 296 in
695 265 797 306 prima
817 274 908 295 nam-

132 330 195 362 que
207 319 455 352 sanctificatione
467 319 540 350 data
553 322 600 350 cst
615 320 642 349 ei
659 321 794 360 potestas
808 321 839 350 et
860 320 909 349 ta-

129 374 230 406 cultas
242 373 363 405 vitandi
380 382 476 404 omne
492 376 655 412 peccatum
673 372 820 410 mortale,
837 372 909 403 data

130 430 177 459 est
199 427 294 458 etiam
319 426 451 458 facultas
472 427 592 457 vitandi
617 426 828 466 frequentiam
857 435 909 456 ve-

131 481 275 518 nialium,
289 480 362 511 data
376 483 423 511 est
437 481 533 512 etiam
549 480 762 510 nibilominus
778 480 909 510 facultas

128 534 250 566 vitandi
265 543 360 565 omne
381 537 543 574 peecatum
555 558 563 570 ,
581 543 645 564 non
663 536 789 564 tantum
807 533 908 573 parti-

129 588 277 620 culariter
288 613 297 627 ,
313 589 367 620 sed
382 589 479 620 etiam
504 588 738 619 universaliter.
758 587 795 619 Et
810 588 843 618 in
859 587 909 618 his

128 643 232 674 tribus
247 643 401 683 gradibus
423 644 531 683 patent
546 644 609 672 tres
631 641 752 681 gradus
767 641 908 672 sanctiti-

129 696 292 728 cationum
305 721 314 734 ,
332 696 476 727 videlicet
489 695 621 726 ,loannis
641 694 807 735 Baptistae,
821 694 908 726 Jere-

129 752 215 790 miae,
231 753 263 782 et
278 750 395 782 Mariae.
414 749 494 781 Nam
509 750 612 790 prima
627 750 766 781 conditio
781 749 842 780 fuit
855 749 909 781 Je-

130 805 254 843 remiae·,
269 804 407 836 secunda
422 813 499 835 vero
511 803 661 841 Joannis;
674 803 727 834 sed
743 803 802 834 ista
816 803 909 834 tertia

129 858 266 899 virginis
291 857 416 897 Mariae,
432 867 506 898 quae
531 857 603 898 plus
623 857 660 888 ad
685 857 754 888 Filii
780 857 908 888 accessit

129 913 299 954 puritatem
316 922 373 954 per
386 913 462 944 vitae
478 912 641 943 meritum.
657 911 716 942 Sed
728 921 801 942 cuin
815 911 910 942 Sanc-

130 969 201 999 tum
216 966 405 998 Sanctorum
423 966 558 1007 gestavit
576 966 608 996 in
624 968 715 997 utero
729 974 788 997 suo
801 990 808 1003 ,
833 967 909 996 tuuc

131 1020 326 1052 sanctificata
348 1020 407 1050 fuit
431 1020 637 1050 conformiter
653 1019 730 1050 Filio
754 1029 828 1058 suo,
845 1028 908 1049 non

133 1076 259 1105 tantum
273 1075 432 1114 quantum
448 1073 487 1104 ad
509 1073 727 1114 impotentiam
743 1073 781 1103 ad
798 1081 910 1112 pecea-

133 1130 215 1164 tum,
236 1128 289 1158 sed
313 1127 407 1158 etiam
427 1129 587 1167 quantum
609 1126 647 1157 ad
673 1126 910 1166 impossibilita-

134 1184 198 1212 tem
210 1180 337 1212 labendi
350 1181 382 1210 in
395 1180 524 1220 aliquod
539 1181 715 1220 peccatum.
731 1179 818 1209 Unde,
831 1179 912 1210 sicut

133 1234 326 1275 impossibile
343 1234 402 1265 ruit
427 1236 556 1274 propter
577 1234 733 1264 honorem
754 1233 825 1264 Filii
841 1233 910 1270 sui,

134 1290 170 1320 ut
197 1288 297 1319 alium
328 1287 460 1319 haberet
492 1287 615 1325 tilium3
642 1287 686 1317 sic
718 1287 911 1327 impossibile

133 1342 191 1373 ruit
202 1366 209 1380 ,
228 1344 265 1374 ut
279 1350 421 1382 unquam
436 1341 571 1372 ulterius
586 1341 718 1372 baberet
733 1344 910 1381 peccatum.

134 1395 222 1428 Sicut
235 1395 332 1427 etiam
347 1395 541 1435 impossibile
556 1395 626 1433 fuit,
644 1398 679 1426 ut
693 1395 799 1425 carnis
814 1395 913 1434 virgi-

134 1449 218 1481 nitas
229 1449 414 1485 violaretur,
431 1449 462 1479 in
478 1458 542 1489 qua
561 1449 657 1480 Filius
675 1449 724 1479 Dei
741 1449 909 1480 habitave-

134 1505 200 1541 rat;
218 1503 262 1534 sic
277 1502 470 1543 impossibile
485 1503 560 1539 suit,
578 1505 615 1533 ut
630 1504 746 1534 mentis
761 1505 909 1536 sanctitas

134 1557 242 1598 aliqua
254 1556 347 1597 culpa
364 1557 590 1588 macularetur.
604 1557 650 1588 Ad
666 1559 759 1597 cujus
774 1559 911 1590 testimo-

135 1611 228 1642 nium
243 1611 345 1648 valet,
362 1611 446 1651 quod
471 1611 600 1651 quidam
622 1611 726 1642 Judaei
750 1615 914 1650 asserunt,

135 1665 196 1696 hoc
215 1664 337 1695 mirum
361 1665 457 1695 fuisse
480 1664 512 1694 in
537 1663 670 1704 Virgine
694 1664 807 1704 Maria,
829 1667 913 1706 qnod

136 1727 211 1750 cum
226 1719 308 1749 esset
321 1717 538 1758 pulcherrima
550 1741 557 1754 ,
575 1720 682 1748 tamen
706 1727 724 1748 a
748 1718 837 1749 nullo
853 1728 915 1750 uu-

135 1781 236 1814 quam
249 1772 320 1803 viro
335 1771 431 1803 suerit
445 1771 623 1812 concupita.
640 1771 704 1803 Nec
719 1772 917 1812 vilipenden-

135 1825 214 1858 dum
229 1829 276 1858 est
289 1826 366 1857 illud
378 1825 558 1857 infidelium
568 1825 790 1857 testimonium
805 1835 916 1866 :opor-

135 1882 180 1912 tet
201 1880 288 1911 enirn
305 1880 312 1897 ¹
337 1880 555 1912 testimoninm
575 1879 688 1912 habere
709 1879 747 1911 ab
769 1880 842 1918 leis,
858 1881 917 1920 qui

134 1934 217 1973 soris
237 1936 323 1965 sunt.
348 1932 562 1964 Concedendae
582 1936 658 1964 sunt
681 1942 760 1973 ergo
778 1933 916 1965 rationes

136 1987 352 2024 ostendentes,
378 1987 463 2028 quod
488 1987 579 2018 beata
601 1987 700 2027 Virgo
724 1988 821 2019 Maria
847 1990 917 2028 post

137 2041 209 2073 Filii
234 2041 286 2072 Dei
301 2041 539 2081 conceptionem
561 2050 690 2082 peccare
711 2051 775 2072 non
796 2042 914 2082 potuit,

137 2103 202 2126 non
218 2097 348 2136 propter
360 2094 499 2135 alicujus
521 2095 671 2135 potentiae
691 2095 914 2135 amissionem,

136 2149 191 2181 sed
206 2152 336 2190 propter
350 2149 500 2190 potentiae
516 2149 791 2180 confirmationem
807 2152 837 2181 et
859 2150 916 2181 de-

137 2203 237 2235 fectus
248 2203 450 2235 ablationem.

179 2260 207 2288 ¹.
229 2257 276 2289 Ad
293 2257 370 2288 illud
389 2266 468 2298 ergo
490 2257 574 2298 quod
600 2258 704 2298 primo
726 2259 915 2298 opponitur.

137 2311 222 2352 quod
240 2311 333 2342 beata
346 2309 446 2351 virgo
459 2311 520 2342 suit
534 2311 731 2352 perturbata,
746 2311 916 2343 dicendum

138 2364 224 2406 quod
238 2365 437 2396 immensitas
451 2364 503 2396 illa
515 2364 632 2396 doloris
648 2374 714 2396 non
728 2366 864 2396 refertur
878 2366 917 2397 ad

140 2421 263 2459 partem
283 2419 400 2450 animae
424 2418 627 2457 rationalem,
643 2419 698 2450 sed
721 2419 913 2450 sensibilem.

141 2469 229 2502 Unde
242 2470 351 2502 anima
365 2472 425 2501 stat
450 2470 494 2501 ibi
519 2479 577 2510 pro
600 2470 652 2501 illa
676 2473 781 2511 parte,
807 2480 918 2502 secun-

139 2523 217 2554 dum
232 2532 329 2564 quam
344 2523 543 2555 convertitur
555 2523 594 2554 ad
610 2532 742 2564 corpus:
755 2525 841 2555 unde,
852 2534 916 2555 non

140 2576 200 2608 ruit
213 2577 398 2618 perturbata
419 2576 596 2608 secundum
611 2577 697 2618 quod
722 2578 918 2618 perturbatio

141 2630 216 2662 dicit
229 2630 502 2662 deordinationem
518 2630 552 2662 in
568 2633 658 2672 parte
672 2632 828 2663 rationali.

172 2688 205 2718 (α)
224 2687 284 2713 Coet.
299 2687 369 2718 edit..
384 2689 523 2720 let-emine,
540 2689 672 2714 mendose.

1709 194 1746 223 713

1007 267 1035 296 ΞΣ.
1055 264 1101 296 Ad
1119 264 1197 295 illud
1214 264 1298 304 qnod
1316 264 1488 304 opponitur
1505 263 1543 293 dc
1560 262 1748 292 auctoritate

969 320 1182 355 Quaesttonum
1216 318 1298 350 Νουῐ
1327 322 1353 350 ec
1380 318 1505 350 Veteris
1536 317 1746 353 Testamenti,

966 372 1050 413 quod
1068 374 1158 403 beata
1175 372 1272 409 Virgo
1287 371 1459 407 dubitavit,
1474 370 1644 400 dicendum
1661 370 1746 410 quod

967 436 1032 457 non
1059 428 1179 457 constat
1207 427 1326 457 librum
1350 426 1441 456 illum
1465 434 1531 455 rssc
1554 423 1745 461 Augustini,

966 482 1095 520 propter
1118 480 1177 510 boe.
1195 481 1279 520 quod
1298 480 1339 509 ibi
1364 480 1464 509 inulta
1488 481 1562 508 sunt
1583 486 1656 517 qum
1682 486 1746 508 non

967 534 1116 564 videntur
1135 544 1202 564 esse
1225 534 1322 564 verba
1346 532 1519 572 Augustini
1547 543 1553 562 :
1583 534 1746 562 verumta-

967 595 1040 617 men
1056 596 1096 617 ue,
1110 587 1221 626 sugam
1240 589 1345 627 petere
1361 587 1539 624 videamur,
1557 586 1616 616 dici
1632 587 1745 626 potest,

966 640 1051 680 qnod
1065 643 1113 671 est
1128 641 1283 671 dubitatio
1305 641 1497 681 proveniens
1511 650 1551 671 ex
1567 640 1638 670 ssdei
1657 638 1747 669 debi-

966 694 1062 733 litate,
1081 697 1111 725 et
1133 697 1180 726 est
1201 695 1349 735 quaedam
1374 694 1529 724 dubitatio
1555 693 1745 734 proveniens
1763 707 1870 726 nummi„

966 757 1006 779 ex
1033 748 1253 779 admirationis
1282 748 1517 783 immensitate,
1541 756 1604 787 qna
1632 746 1746 777 dicitur
1761 740 1871 791 Pr‘g’fi'ffffif'

966 801 1064 832 homo
1087 802 1233 833 dubitare
1255 811 1329 833 cum
1349 801 1519 842 stupescit,
1542 803 1572 831 et
1597 799 1686 840 quasi
1711 798 1747 828 fit

967 857 1051 886 totus
1067 858 1158 886 extra
1175 865 1208 886 se
1222 865 1263 886 ex
1281 856 1399 886 intuitu
1414 855 1458 885 rei
1476 853 1672 885 admirabilis
1690 864 1696 883 z
1719 856 1747 884 et

968 908 1028 939 boc
1041 909 1136 940 modo
1152 909 1398 949 intelligendum
1415 911 1462 939 est
1479 907 1643 947 Virginem
1658 907 1749 937 dubi-

967 964 1060 1000 tasse,
1086 972 1150 993 nou
1173 965 1302 1003 propter
1323 962 1481 993 deiectum
1506 961 1589 991 [idei.
1617 961 1746 991 indubi-

969 1018 1071 1046 tanter
1101 1016 1186 1047 enim
1219 1015 1412 1046 credendum
1441 1017 1488 1045 cst
1499 1038 1507 1049 ,
1534 1014 1619 1054 quod
1649 1013 1748 1053 Virgo

970 1069 1068 1100 Maria
1083 1079 1209 1109 semper
1224 1069 1256 1099 in
1273 1069 1333 1099 side
1349 1069 1429 1099 stetit
1451 1079 1456 1098 :
1475 1067 1559 1098 unde
1576 1067 1606 1097 in
1623 1076 1659 1097 ea
1672 1067 1749 1097 sides

969 1123 1027 1153 sibi
1058 1123 1182 1153 invenit
1211 1123 1348 1153 solidum
1374 1122 1631 1152 fundamentum.
1659 1120 1746 1151 Unde

968 1176 1131 1216 discipulis
1146 1186 1209 1206 nou
1232 1176 1434 1206 credentibus
1454 1178 1485 1206 et
1505 1174 1744 1211 dubitantibus,

969 1230 1036 1270 ipsa
1060 1230 1120 1261 suit
1143 1230 1176 1260 in
1197 1240 1261 1269 qua
1280 1229 1358 1260 tides
1382 1228 1528 1260 Ecclesia}
1552 1231 1745 1260 remanserat

969 1284 1069 1315 solida
1089 1286 1121 1314 ct
1145 1285 1333 1314 inconcussa
1350 1294 1355 1313 :
1375 1285 1406 1314 et
1427 1283 1497 1314 ideo
1519 1283 1602 1314 diem
1625 1282 1746 1314 sabbati

970 1337 1155 1368 solemnizat
1176 1338 1208 1368 iu
1224 1338 1379 1368 honorem
1396 1338 1465 1377 eius
1479 1337 1584 1367 omnis
1599 1337 1747 1368 Ecclesia.

1011 1395 1040 1422 3.
1063 1392 1109 1422 Ad
1131 1392 1209 1422 illud
1231 1391 1314 1431 qnod
1331 1391 1514 1431 opponitur,
1540 1390 1624 1430 qnod
1650 1390 1754 1430 potuit

973 1447 1065 1484 mori,
1082 1445 1252 1476 dicendum
1268 1445 1351 1485 quod
1367 1454 1431 1475 non
1447 1447 1494 1475 cst
1509 1444 1626 1483 simile,
1644 1454 1701 1484 pro
1716 1453 1753 1475 eo

972 1500 1057 1540 quod
1082 1509 1145 1530 non
1173 1499 1232 1530 suit
1262 1499 1376 1529 decens
1403 1498 1521 1529 Filium
1547 1498 1599 1529 Dei
1623 1498 1740 1529 babere.

974 1556 1108 1584 matrem
1126 1553 1351 1590 immortalem,
1367 1561 1439 1582 cun]
1458 1552 1523 1591 ipse
1539 1554 1619 1582 esset
1635 1555 1752 1582 morta-

975 1607 1026 1643 lis3
1046 1607 1098 1637 sed
1114 1606 1205 1637 valde
1220 1606 1369 1636 indecens
1386 1607 1478 1642 esset,
1493 1606 1517 1635 si
1535 1605 1667 1637 haberet
1683 1615 1752 1637 ma-

975 1664 1055 1692 trem
1084 1660 1291 1701 peccatricem
1322 1669 1328 1689 :
1360 1658 1508 1698 quamvis
1540 1658 1754 1699 {lieronymus

974 1715 1053 1745 dicat
1065 1715 1088 1752 ¹,
1105 1713 1189 1754 quod
1207 1713 1311 1743 solum
1336 1713 1524 1752 peccatrices
1540 1716 1754 1744 numerantur

974 1768 1006 1798 in
1024 1767 1213 1807 genealogia
1229 1766 1403 1797 Salvatoris
1421 1776 1427 1796 :
1443 1766 1503 1797 hoc
1518 1766 1604 1796 enim
1625 1776 1690 1798 non
1709 1770 1755 1798 est

974 1823 1102 1862 propter
1118 1824 1281 1861 peccatum
1293 1844 1300 1858 ,
1319 1820 1371 1851 scii
1389 1822 1516 1860 propter
1536 1820 1665 1860 aliquod
1681 1830 1752 1861 spe-

975 1875 1051 1906 ciale
1064 1875 1195 1913 sactum,
1213 1876 1342 1914 propter
1354 1873 1440 1913 quod
1456 1873 1518 1904 illae
1534 1874 1683 1905 mulieres
1701 1884 1755 1906 ex-

974 1927 1159 1967 primuntur
1173 1926 1205 1956 in
1223 1925 1386 1965 Scriptura
1399 1949 1407 1963 ,
1424 1927 1456 1955 et
1470 1926 1647 1965 completur
1661 1926 1695 1957 in
1710 1927 1755 1958 eis

974 1980 1027 2011 illa
1041 1980 1206 2020 prophetia
1217 1982 1246 2010 ³:
1262 1980 1382 2011 Emitte
1395 1987 1525 2019 αῃηηιη,
1544 1979 1685 2019 Domine,
1701 1981 1754 2013 clo-

974 2035 1177 2070 mz'natorem,
1194 2036 1267 2071 etv„
1281 2033 1367 2073 quod
1380 2033 1419 2064 de
1435 2032 1519 2063 Rnth
1535 2034 1667 2074 exponit
1681 2035 1755 2066 ilie-

974 2097 1130 2129 ronymus
1147 2088 1198 2127 (ai.
1218 2087 1308 2118 Unde
1322 2096 1378 2127 per
1390 2091 1515 2127 petram
1529 2087 1651 2120 deserti
1664 2088 1755 2120 intel-

972 2143 1086 2182 ligitur
1101 2142 1198 2178 Ruth,
1211 2143 1247 2172 ut
1261 2141 1335 2171 dicit
1351 2140 1578 2181 Hieronymus.
1591 2140 1752 2182 Quidquid

972 2199 1079 2227 tamen
1095 2195 1134 2226 sit
1144 2195 1182 2226 de
1198 2195 1382 2235 parentibus
1394 2195 1536 2233 remotis,
1547 2195 1629 2226 nulli
1645 2199 1752 2227 tamen

973 2252 1109 2284 dubium
1125 2254 1169 2282 est
1185 2251 1223 2282 de
1239 2250 1338 2282 Matre
1356 2251 1407 2281 Dei
1419 2276 1426 2289 ,
1441 2251 1520 2292 quin
1541 2252 1610 2283 talis
1633 2252 1753 2285 debue-

974 2305 1014 2336 rit
1027 2315 1106 2344 esse,
1123 2314 1196 2346 quae
1214 2314 1278 2335 non
1294 2305 1432 2346 potuerit
1453 2305 1604 2345 redargui
1623 2307 1662 2337 de
1677 2317 1752 2347 pes·-

973 2362 1054 2397 cato‚
1071 2360 1145 2400 quia
1161 2359 1269 2390 suisset
1284 2359 1323 2390 ad
1338 2359 1570 2400 improperium
1586 2361 1710 2392 Christi.

1016 2415 1045 2444 t.
1069 2413 1117 2445 Ad
1141 2413 1218 2444 illud
1243 2413 1328 2453 quod
1351 2413 1526 2453 opponitur
1550 2414 1587 2445 de
1604 2414 1751 2454 impossi-

974 2467 1094 2498 bilitate
1109 2467 1270 2508 peccandi,
1286 2466 1457 2498 dicendum
1468 2467 1551 2507 qnod
1568 2476 1682 2498 verum
1695 2471 1752 2507 est,

975 2523 1133 2561 quantum
1156 2522 1203 2552 est
1223 2520 1262 2551 de
1290 2520 1361 2560 lege
1385 2521 1548 2551 communi
1567 2529 1574 2550 :
1599 2521 1653 2552 sed
1674 2521 1753 2553 nihil

976 2574 1108 2615 impedit
1121 2574 1201 2615 quin
1213 2574 1253 2606 de
1265 2573 1369 2614 gratia
1380 2573 1537 2614 spirituali
1548 2574 1644 2614 possit
1657 2575 1752 2607 alicui

1004 2655 1031 2680 Ἰ
1046 2655 1118 2687 Tim„
1139 2660 1179 2687 ιιι,
1193 2656 1258 2679 ’1.-
1270 2655 1281 2671 ²
1297 2654 1412 2686 uini-ou„
1435 2655 1572 2680 Commune.
1598 2657 1624 2680 ιή
1649 2656 1751 2686 Mami..

975 2699 988 2715 r·
1011 2698 1028 2717 ι.
1042 2692 1091 2711 -2
1104 2692 1174 2723 lsai„
1187 2697 1240 2723 xvi,
1259 2694 1280 2715 ι.

1778 1129 1858 1149 Sablo-

1775 1163 1818 1180 tum
1829 1167 1867 1180 cur

1766 1192 1785 1211 in
1805 1193 1874 1212 hono-

1797 1229 1842 1243 rcm

1783 1254 1851 1273 beatae

1772 1285 1868 1309 virginis

1772 1314 1869 1335 celebre-

1797 1348 1839 1366 tur.
