2017 2960
711 184 809 218 ms'l'.
833 185 883 216 lV.
908 182 986 215 ΛΒΤ

207 256 309 297 digni.
327 256 360 288 Si
375 264 452 287 vero
467 255 638 295 loquamur
651 254 690 285 de
707 253 860 284 beneflcio
875 252 979 283 invar-

207 310 344 341 nationis
364 311 522 350 quantum
543 309 581 339 :ul
605 308 755 348 temporis
774 307 981 338 circumstan-

208 363 296 399 tiam.
313 365 414 404 potest
428 363 558 393 concedi
573 362 693 402 absque
710 361 881 397 calumnia,
897 360 982 400 quod

207 417 286 447 cudit
297 417 358 447 snb
370 417 483 447 merito
495 415 700 456 praet-edentis
710 414 854 444 Ecclesiae
866 424 872 444 :
883 412 982 444 sancti

208 470 292 501 enini
308 473 411 509 pau-es
423 468 677 506 flagrantissimis
686 467 848 497 desim-riis
861 476 984 497 uit-ruc-

208 525 281 553 ruut
305 522 530 554 incarnationis
549 520 828 557 accelerationem,
847 520 877 549 iu
900 529 983 559 quo-

208 586 280 607 rum
300 586 434 616 persona
453 575 527 606 ‹licit
548 574 659 605 lsaias·
679 584 684 604 :
709 573 836 604 Utinam
858 572 984 604 (lirum-

205 638 297 670 peres
311 630 414 665 coetos,
427 633 456 661 et
471 627 684 664 descenderes,
699 628 757 657 etc.
778 626 813 657 Et
828 626 871 656 sic
887 628 982 666 patet,

208 683 292 723 quod
314 681 539 713 iucarnationis
557 681 749 712 beneficium
766 683 924 720 quantum
945 680 983 710 ad

208 737 376 768 essentiam
407 745 472 767 non
495 736 577 767 cadit
598 735 657 766 sul)
677 735 807 771 merit-n
825 737 983 774 quantum

209 800 284 822 vcro
303 791 340 821 atl
361 790 510 830 temporis
529 789 802 821 circumstantiam
821 788 905 819 vadit
925 788 985 818 sub

206 845 319 876 merito
342 846 526 875 sanctorum
552 846 696 884 patruum
722 844 880 882 quantum
908 851 984 872 vcro

205 897 243 929 ad
264 897 435 928 efficaciam
457 897 609 935 mediam,
630 897 768 937 quodam
791 895 884 926 modo
904 895 985 925 cadit

204 951 265 983 sub
283 951 407 989 merito,
423 951 563 991 quodam
579 950 673 981 modo
688 959 764 980 non.
782 949 817 980 Et
832 949 984 989 quoniam

205 1005 344 1036 rationes
369 1004 506 1035 inductae
531 1004 570 1035 ad
597 1004 734 1044 primam
761 1007 881 1043 partem
911 1012 983 1034 cur-

205 1060 292 1097 runt,
307 1060 465 1099 quantum
481 1058 520 1089 ad
537 1057 614 1088 illud
631 1057 715 1098 quod
730 1059 787 1094 cst,
803 1058 870 1088 sivc
885 1066 986 1097 quan-

206 1114 274 1144 tum
298 1112 337 1143 ad
363 1111 584 1143 excellentiam
608 1112 657 1141 sui
682 1111 716 1142 in
739 1120 787 1149 se,
815 1111 987 1141 ostendunt

206 1165 314 1207 ipsum
337 1174 402 1196 non
424 1165 535 1196 cadere
559 1165 618 1196 sul»
642 1164 756 1195 merito
781 1164 986 1204 praecedentis

206 1219 366 1256 Ecclesiae.
382 1219 453 1250 ideo
470 1221 543 1250 sunt
558 1218 779 1250 concedendae.

246 1278 277 1307 1.
293 1275 341 1306 Ad
361 1274 438 1306 illud
459 1274 545 1315 quod
566 1273 670 1314 primo
689 1273 838 1313 objicitur
857 1273 890 1303 in
909 1281 985 1303 con-

206 1329 342 1360 trarium
355 1328 393 1359 de
406 1328 514 1359 Glossa
528 1327 644 1358 Psalmi
657 1337 664 1358 :
678 1328 809 1367 Propter
820 1327 987 1359 miseriam

207 1383 352 1423 inopum,
374 1386 402 1414 et
424 1383 576 1422 qemitum
595 1390 776 1422 pauperum
784 1391 795 1420 ;
815 1382 986 1413 dicendum

207 1437 292 1477 quod
315 1436 368 1467 illa
388 1436 581 1476 intelligitur
601 1436 639 1466 de
661 1435 815 1466 beneficio
835 1435 986 1467 incarna-

207 1490 302 1522 tionis
320 1492 480 1531 quantum
494 1489 533 1520 ad
552 1489 725 1520 efficaciam
741 1491 856 1520 nostrae
871 1489 987 1520 libera-

208 1544 302 1575 tionis
315 1554 333 1574 a
346 1552 451 1584 poena,
466 1543 547 1573 sicut
563 1544 647 1582 patet
662 1551 702 1573 ex
717 1542 784 1582 ipsa
797 1541 920 1581 Glossa;
937 1542 987 1573 vel

208 1600 366 1639 quantum
387 1597 426 1628 ad
445 1595 706 1627 accelerationem
725 1596 887 1636 temporis,
906 1596 988 1627 sicut

208 1651 371 1691 colligitur
383 1659 423 1681 ex
438 1650 506 1690 ipsa
519 1649 634 1681 littera.
651 1649 684 1680 Si
699 1651 735 1680 tu
755 1649 886 1690 objicias
901 1649 987 1689 quod

208 1703 293 1736 Deus
307 1713 373 1736 non
387 1704 480 1735 citius
493 1703 676 1734 incarnatus
691 1704 749 1741 est,
765 1712 864 1743 quam
879 1703 987 1744 (lispo-

208 1761 316 1791 suerat
338 1759 378 1790 ab
402 1760 524 1790 aeterno
548 1759 677 1798 propter
705 1757 818 1788 merita
845 1761 985 1798 patrum,

207 1813 378 1846 dicendum
392 1813 478 1854 quod
494 1815 623 1854 propter
637 1813 749 1844 merita
763 1815 892 1854 patrum
905 1812 987 1844 Deus

207 1867 400 1908 praeviderat
422 1876 456 1898 se
480 1866 732 1898 acceleraturum
749 1877 756 1898 :
780 1869 811 1898 et
832 1866 876 1898 sie
895 1867 985 1905 fecit,

206 1919 288 1952 sicut
303 1920 504 1961 praeviderat.

247 1974 278 2005 2.
295 1974 343 2005 Ad
357 1973 436 2005 illud
449 1974 534 2014 quod
548 1974 732 2015 opponitur,
747 1974 834 2015 quod
846 1974 903 2015 qui
919 1983 988 2005 me-

207 2029 298 2059 retur
310 2027 494 2068 principale,
509 2029 650 2059 meretur
664 2030 695 2059 et
707 2027 930 2067 accessorium,
942 2027 989 2059 di-

207 2080 344 2112 cendum
360 2080 445 2121 quod
462 2080 538 2111 illud
552 2080 647 2112 habet
662 2080 844 2112 instantiam
858 2081 988 2121 quando

208 2134 287 2166 illud
302 2133 513 2165 accessorium
528 2143 591 2164 non
611 2133 813 2166 solummodo
830 2136 989 2176 praeparat

207 2185 247 2218 ad
264 2186 446 2226 praemium,
465 2185 518 2216 sed
539 2186 635 2217 etiam
654 2189 813 2227 praeparat
832 2187 870 2218 ad
892 2186 989 2218 meri-

208 2241 290 2271 tum.
307 2239 344 2271 Et
358 2239 510 2280 quoniam
526 2239 626 2280 ipsius
637 2240 814 2271 incarnatio
829 2240 990 2281 praebcbat

207 2293 326 2325 sanctis
340 2293 484 2334 patribus
498 2293 585 2324 viam
599 2293 743 2325 merendi
758 2303 814 2334 per
829 2294 925 2325 fldem
941 2295 988 2335 ip-

209 2346 286 2385 sius,
303 2346 379 2378 hinc
393 2349 439 2378 est
453 2346 538 2387 quod
554 2346 608 2378 illa
625 2347 798 2388 propositio
812 2357 877 2379 non
894 2347 989 2382 babet

210 2399 376 2431 veritatem
405 2399 439 2430 in
466 2400 640 2441 proposito.
670 2399 776 2432 Potest
803 2402 899 2433 etiam
926 2402 989 2432 alio

211 2453 306 2485 modo
325 2453 483 2494 praedictae
499 2453 650 2485 locutioni
666 2454 789 2486 instari.
811 2454 882 2486 Non
902 2455 989 2487 enim

212 2506 307 2539 habet
327 2507 506 2546 veritatem,
527 2508 657 2549 quando
677 2508 757 2540 illud
778 2510 989 2542 accessorium

214 2568 279 2592 non
301 2561 477 2593 necessario
491 2561 634 2594 adhaeret
656 2563 826 2605 principali
846 2575 853 2595 ι
875 2566 906 2595 ct
921 2563 991 2595 talis

245 2624 338 2654 thui..
353 2630 422 2656 unt,
437 2626 458 2650 t.

989 206 997 215 .
1023 183 1060 215 ll.
1083 184 1231 222 QUAEs'll
1258 187 1278 216 Ι.

1762 188 1812 215 ¹01

1037 254 1080 281 est
1108 253 1283 283 invni-natio
1312 252 1380 283 Filii
1407 252 1468 283 nvi.
1499 252 1603 283 Potuit
1629 252 1712 282 cuim
1739 252 1817 282 lli-vis·

1039 306 1101 336 alio
1127 306 1220 337 unuln
1244 316 1347 345 genus
1372 306 1552 337 humanum
1581 306 1760 344 glorificare
1788 309 1818 337 ct

1039 360 1173 397 salvan-«2,
1188 371 1286 400 quani
1303 370 1357 400 per
1371 359 1439 390 Filii
1458 360 1708 390 in‹·arn.¹iti‹›1u·1n
1726 369 1732 389 :
1751 369 1819 399 pro-

1041 416 1109 453 ptvr
1125 414 1183 444 hoc
1202 424 1264 444 non
1281 414 1436 454 seqnitur,
1455 413 1538 454 quod
1555 414 1580 444 si
1598 414 1696 444 sancti
1717 416 1819 453 patres

1042 471 1229 498 meruerunt
1240 468 1288 498 >ui
1303 468 1580 507 glorificationem.
1594 467 1678 508 quod
1694 477 1819 498 incrue-

1041 520 1105 550 rint
1136 521 1247 552 (lluisti
1279 522 1540 552 iuvat-nationvin.
1578 521 1683 552 Posset
1714 522 1819 552 tamen

1040 573 1180 611 convelli,
1203 574 1288 614 quod
1310 577 1467 614 (plantum
1488 575 1526 604 :ul
1546 574 1717 605 orticariam
1738 574 1817 605 lihe-

1041 626 1174 657 rationis
1194 629 1367 666 pulucrunt
1385 627 1482 657 sancti
1505 630 1608 667 patres
1628 627 1740 658 mera-ri
1763 627 1820 658 be-

1041 680 1191 710 new-ium
1215 680 1460 719 incarnationi&
1484 689 1547 711 non
1569 683 1673 711 tamen
1694 681 1820 722 simpli-

1040 735 1127 772 citer,
1144 734 1224 764 sicut
1242 734 1330 773 prius
1344 736 1508 764 ostensum
1526 735 1582 764 cst.

1082 790 1111 818 3.
1128 788 1174 818 Ad
1196 787 1271 818 illud
1289 787 1375 827 quod
1391 787 1554 826 objivitur,
1575 787 1658 827 quod
1679 787 1735 827 qui
1754 797 1822 817 mc-

1041 844 1130 872 retur
1147 840 1230 881 quod
1249 841 1365 880 majus,
1385 842 1527 870 merctur
1545 842 1576 871 ct
1593 839 1678 880 quod
1701 840 1819 878 minus,

1041 894 1211 925 dicendum
1233 894 1318 934 quod
1338 894 1489 934 p1·oe‹licta
1509 893 1681 934 propositio
1699 894 1822 924 instan-

1042 948 1118 979 tiam
1138 948 1233 979 hahet
1253 947 1284 978 in
1304 947 1407 987 gloria
1426 949 1456 978 ct
1478 947 1602 986 gratia;
1625 947 1699 987 quia
1720 946 1823 987 gloria

1042 1001 1124 1032 cadit
1137 1001 1197 1032 sub
1214 1001 1338 1039 merito,
1357 1001 1461 1040 gratia
1477 1010 1552 1031 vcro
1567 1009 1630 1031 non
1648 1011 1654 1031 ;
1670 1000 1713 1030 sic
1728 1002 1759 1031 ct
1773 1000 1823 1030 in-

1042 1055 1191 1086 stantiam
1214 1057 1314 1095 potest
1334 1054 1451 1085 habere
1472 1054 1504 1084 in
1524 1054 1694 1094 proposito.
1718 1053 1824 1084 l‘ossct

1043 1109 1138 1140 ctiam
1169 1108 1354 1149 responderi
1383 1116 1440 1148 per
1467 1107 1743 1147 interemptionem
1771 1115 1821 1137 as-

1041 1163 1234 1203 sumptionis
1251 1171 1258 1193 :
1278 1170 1351 1192 cum
1368 1160 1455 1192 enim
1471 1160 1605 1191 assumit
1619 1160 1705 1200 quod
1722 1161 1824 1199 maior

1041 1219 1087 1249 est
1103 1216 1305 1256 glorificatio,
1322 1224 1420 1256 quam
1441 1214 1628 1252 incarnatio,
1653 1214 1823 1244 (licendum

1042 1271 1127 1311 quod
1143 1270 1257 1301 salsum
1272 1272 1329 1307 est,
1344 1269 1405 1300 nisi
1421 1268 1610 1308 glorificatio
1625 1267 1825 1308 intelligatur

1043 1334 1117 1356 cum
1139 1323 1426 1365 praesuppositione
1443 1322 1682 1359 incarnationis,
1698 1321 1750 1352 vel
1765 1321 1824 1352 nisi

1042 1379 1242 1418 intelligatur
1262 1379 1407 1417 respectu
1431 1376 1568 1416 aliquus
1590 1384 1733 1415 persona}
1755 1385 1824 1415 spe-

1043 1432 1142 1468 cialis,
1159 1433 1269 1472 utpote
1286 1432 1430 1470 respectu
1448 1429 1531 1461 Petri
1551 1429 1602 1460 vel
1624 1428 1712 1460 Pauli
1729 1439 1735 1459 :
1759 1437 1825 1459 mc-

1042 1486 1105 1516 lius
1123 1485 1210 1516 enim
1231 1486 1278 1516 est
1298 1484 1390 1515 Pctro
1410 1483 1518 1515 videre
1536 1482 1636 1514 Deum
1656 1482 1688 1513 in
1708 1482 1823 1521 gloria,

1043 1548 1140 1580 quam
1162 1539 1340 1569 humanam
1359 1538 1507 1568 naturam
1528 1545 1547 1567 a
1565 1535 1668 1567 Verbo
1688 1545 1755 1566 esse
1774 1545 1823 1566 as-

1043 1595 1205 1633 sumptam
1223 1603 1229 1624 :
1247 1591 1433 1632 simpliciter
1453 1592 1559 1621 tamen
1578 1589 1739 1630 loquendo
1757 1599 1825 1620 me-

1042 1647 1106 1679 lius
1119 1649 1167 1678 est
1181 1646 1299 1678 Filium
1315 1645 1368 1677 Dei
1388 1644 1560 1683 incarnari,
1579 1652 1678 1685 quam
1694 1643 1824 1675 Petrum

1043 1700 1233 1741 glorificari,
1259 1699 1335 1740 quia
1360 1698 1430 1730 Filii
1456 1698 1511 1730 Dei
1537 1697 1715 1728 incarnatio
1740 1697 1825 1729 valet

1042 1755 1100 1786 toti
1113 1754 1225 1795 generi
1240 1753 1396 1793 humano,
1413 1752 1495 1783 Petri
1511 1751 1702 1792 glorificatio
1716 1753 1824 1782 autem

1043 1809 1104 1840 sibi
1124 1808 1193 1840 soli.
1215 1808 1253 1839 Et
1272 1808 1342 1839 idco
1361 1816 1427 1839 non
1446 1806 1592 1847 sequitur
1610 1805 1697 1846 quod
1717 1805 1743 1836 si
1765 1805 1826 1836 ali-

1043 1863 1115 1904 quis
1130 1864 1231 1903 potest
1241 1862 1299 1893 sibi
1314 1861 1429 1892 mereri
1441 1869 1534 1891 suam
1544 1859 1823 1900 glorificationem,

1043 1916 1130 1957 quod
1149 1917 1308 1946 mereatur
1324 1914 1438 1946 Christi
1452 1913 1703 1954 conceptionem.

1084 1972 1114 2001 4.
1134 1969 1181 2001 Aa
1196 1969 1275 2000 illud
1290 1968 1375 2009 qnod
1393 1968 1579 2009 opponitur,
1599 1966 1684 2008 quod
1699 1966 1756 2008 qui
1771 1976 1825 2007 pe-

1043 2024 1081 2055 tit
1103 2025 1353 2065 perseveranter,
1375 2022 1425 2062 pie
1445 2023 1477 2052 ct
1497 2021 1537 2052 ad
1553 2020 1700 2059 salutem,
1722 2029 1826 2052 mere-

1044 2081 1116 2117 tur;
1135 2077 1305 2109 (licendum
1322 2076 1407 2117 quod
1422 2084 1537 2107 verum
1552 2077 1610 2112 est,
1626 2074 1652 2105 si
1667 2076 1751 2115 petat
1769 2083 1826 2114 pro

1043 2142 1077 2164 se
1095 2143 1101 2164 z
1122 2132 1175 2163 sed
1195 2131 1304 2163 nullus
1326 2130 1416 2171 petiit
1435 2128 1521 2170 quod
1542 2128 1642 2160 Filius
1662 2128 1714 2159 nei
1735 2137 1826 2158 assu-

1046 2188 1145 2218 meret
1157 2196 1201 2225 se,
1215 2188 1245 2217 et
1259 2185 1328 2216 ideo
1342 2184 1451 2215 nullus
1463 2183 1526 2214 hoc
1538 2182 1656 2214 meruit
1670 2193 1676 2214 :
1692 2181 1826 2222 petendo

1045 2243 1153 2272 tamen
1163 2239 1243 2279 aliis,
1253 2238 1462 2270 merebantur
1471 2237 1572 2268 vitam
1584 2238 1738 2268 aeternam
1748 2235 1806 2266 sibi
1817 2246 1823 2267 :

1045 2298 1075 2327 et
1085 2295 1155 2327 ideo
1166 2304 1231 2326 non
1241 2293 1438 2325 infructuose
1449 2292 1593 2323 orabant.
1609 2289 1717 2322 Posset
1728 2290 1826 2320 etiam

1044 2350 1107 2382 dici
1134 2348 1220 2390 quod
1249 2347 1354 2380 adhuc
1383 2347 1479 2378 habet
1508 2345 1588 2377 illud
1619 2343 1825 2381 instantiam,

1045 2403 1173 2445 quando
1195 2402 1270 2443 quis
1297 2402 1455 2442 quaereret
1476 2409 1496 2431 a
1518 2399 1582 2431 Deo
1605 2397 1826 2430 excellentiam

1046 2457 1159 2499 gloriae
1173 2456 1255 2488 Petri
1268 2467 1275 2487 :
1287 2454 1343 2496 qui
1356 2456 1437 2486 esset
1452 2462 1560 2495 parvae
1574 2450 1747 2489 charitatis,
1761 2459 1826 2481 non

1045 2511 1107 2543 hoc
1127 2511 1281 2549 merctur,
1305 2508 1381 2549 quia
1401 2507 1473 2545 hoc,
1494 2505 1580 2547 quod
1602 2504 1692 2545 petit,
1713 2503 1827 2535 merita

1045 2574 1104 2597 sua
1118 2564 1242 2596 excedit
1257 2573 1264 2594 :
1282 2571 1338 2603 per
1357 2561 1444 2592 hunc
1462 2559 1595 2591 modum
1611 2558 1644 2589 in
1664 2557 1826 2599 proposito

1046 2621 1146 2660 potest
1160 2617 1310 2649 instantia
1325 2615 1444 2647 inferri.
