2017 2960
613 135 699 168 DIST
721 135 774 168 Ill.
798 135 913 169 PART.
939 137 962 168 l.

451 306 680 340 CONCLUSIO.

166 404 198 430 In
210 404 329 437 olor-tosa
345 405 458 438 Virgine
471 404 575 431 nullum
587 406 725 440 peccatum
737 406 845 433 actuale
859 406 943 434 Iocum

201 448 314 480 Ιιαὸυίίς
343 449 414 483 quod
432 450 560 484 plurimis
580 450 734 477 ratt'oni‘bus
760 450 864 482 decuit,
886 460 942 478 cum

199 493 236 520 sit
269 493 319 520 Dei
340 501 437 528 sponsa
467 497 492 521 et
522 496 620 525 muter.
659 497 740 529 atque
772 497 943 530 peccatorum

199 536 344 565 advocata.

204 640 295 682 Resp.
310 642 348 673 ad
363 651 434 681 arg.
450 641 624 673 Dicendum
639 642 725 683 quod
742 643 833 674 beata
847 643 942 683 virgo

162 693 261 726 Maria
281 704 337 735 per
351 695 607 726 sanctificationis
627 695 765 735 gratiam
780 696 941 737 copiosam

161 747 317 779 immunis
342 748 401 779 suit
425 749 465 779 ab
491 749 577 779 omni
604 749 697 789 culpa
720 750 849 786 actuali,
876 752 941 780 tam

160 801 304 840 mortali,
334 811 431 842 quam
458 802 593 840 veniali,
624 802 706 834 sicut
731 805 839 843 aperte
867 803 942 834 divit

159 855 332 886 auctoritas
359 855 567 894 Augustini&
593 855 631 886 Et
658 856 717 887 lioc
743 856 942 895 congruebat

158 908 344 940 advocatam
364 909 493 949 generis
512 909 660 948 humani,
677 912 713 942 ut
735 910 860 941 nullum
883 911 941 942 lia-

158 961 247 994 beret
274 965 459 1003 peccatum,
484 963 568 1003 quod
595 972 687 994 suam
715 964 940 995 conscientiam

158 1016 363 1046 remorderet.
383 1015 471 1046 Unde
489 1016 599 1047 audivi
616 1017 753 1055 narrari,
770 1018 855 1057 quod
874 1018 940 1057 ipsu

158 1069 286 1100 cuidam
303 1078 448 1109 personae
464 1070 630 1106 revelavit,
647 1071 732 1110 quod
752 1080 814 1101 non
832 1080 940 1111 rupre-

159 1121 315 1153 liendebat
334 1131 404 1153 eam
425 1131 480 1152 cor
499 1132 594 1153 suum
620 1123 653 1153 in
675 1124 762 1153 omni
783 1124 847 1154 vita
868 1133 935 1155 sua.

158 1175 345 1216 Congruum
367 1177 434 1206 erat
457 1178 491 1206 ut
514 1176 606 1206 beata
628 1175 727 1215 Virgo
750 1175 860 1214 Maria,
883 1186 940 1217 per

157 1237 255 1269 quam
275 1228 420 1259 aufertur
438 1228 530 1259 nobis
551 1229 775 1269 opprobrium,
797 1230 939 1261 vinceret

155 1282 329 1321 diabolum,
348 1285 385 1313 ut
405 1292 462 1313 nec
481 1283 510 1314 ei
528 1284 750 1314 succumberet
773 1284 811 1314 ad
834 1285 937 1315 modi-

156 1343 240 1366 cum.
263 1334 351 1366 Unde
368 1336 406 1366 de
423 1337 489 1376 ipsa
508 1337 639 1377 exponit
656 1339 720 1367 tam
741 1336 932 1376 Bernardus,

155 1397 252 1428 quam
267 1389 483 1429 Augustinus,
501 1389 578 1420 illud
591 1393 601 1409 ¹
616 1399 622 1419 z
641 1391 715 1431 Ipsa
726 1395 865 1424 conteret
881 1400 934 1424 ca-

153 1445 213 1482 put
228 1446 318 1475 tuum
335 1452 346 1472 .·
365 1443 391 1474 si
414 1452 492 1483 ergo
507 1444 673 1483 suggestio
692 1447 737 1475 est
755 1448 850 1485 caput
869 1446 938 1476 dia-

154 1495 230 1534 boli,
252 1496 341 1527 nulla
363 1497 531 1536 suggestio
551 1497 735 1536 ingressum
759 1498 808 1529 vel
829 1499 936 1530 locum

155 1548 266 1580 habuit
289 1549 322 1580 in
348 1553 490 1580 mentem
517 1549 678 1590 Virginis;
706 1553 736 1582 et
761 1551 804 1582 ita
829 1555 893 1583 tam
919 1562 937 1583 a

156 1603 282 1634 mortali
299 1603 454 1634 immunis
468 1603 540 1640 fnit,
557 1613 655 1644 qnam
671 1613 689 1634 a
705 1605 832 1636 veniali.
853 1605 935 1637 Con-

154 1663 276 1696 gruum
292 1655 387 1687 etiam
403 1656 464 1687 fuit
478 1658 511 1687 ut
529 1656 597 1695 illa,
614 1666 687 1697 quae
704 1657 823 1698 placuit
840 1659 936 1690 Altis-

154 1709 248 1747 sim0‚
270 1709 349 1741 adeo
372 1711 409 1741 ut
432 1710 522 1741 fieret
544 1711 613 1750 ejus
634 1720 760 1751 sponsa,
782 1714 812 1743 et
835 1715 936 1744 mater

155 1761 227 1794 Filii
258 1762 310 1794 Dei
337 1763 515 1803 unigeniti,
544 1764 589 1794 sic
621 1766 700 1795 esset
729 1765 936 1798 immaculata

155 1818 283 1854 mente,
313 1816 396 1847 sicut
424 1817 614 1848 intemerata
640 1826 744 1849 carne.
778 1818 934 1857 Quoniam

154 1878 233 1909 ergo
252 1870 343 1901 beata
358 1870 452 1910 virgo
472 1870 572 1901 Maria
590 1870 744 1902 advocata
759 1874 807 1903 est
825 1881 935 1913 pecca-

154 1925 280 1962 torum,
304 1923 408 1963 gloria
429 1925 461 1954 et
480 1933 597 1955 corona
617 1925 796 1964 justorum,
819 1935 935 1966 sponsa

154 1976 220 2015 Dei,
236 1978 268 2007 et
280 1977 380 2008 totius
393 1976 556 2008 Trinitatis
570 1977 758 2015 triclinium,
772 1981 803 2010 et
817 1979 935 2019 specia-

154 2029 312 2061 lissimum
331 2030 399 2061 Filii
417 2030 676 2069 reclinatorium
698 2031 774 2063 hine
789 2035 836 2063 est
849 2032 934 2072 quod

154 2083 281 2122 speciali
302 2083 409 2124 gratia
430 2083 483 2114 Dei
506 2083 633 2114 nullum
655 2084 689 2115 in
710 2094 748 2116 ea
771 2088 934 2125 peccatum

154 2137 268 2168 habuit
281 2137 401 2168 locum.
420 2136 508 2168 Unde
523 2137 733 2169 concedendae
747 2141 824 2170 sunt
838 2139 935 2170 ratio-

155 2199 224 2230 neS,
242 2199 315 2232 quae
331 2191 391 2221 hoe
405 2190 586 2222 ostendunt.

986 136 1076 170 ΛΒΤ.
1102 137 1140 168 11.
1164 137 1314 176 QUAEST.
1339 138 1359 168 l.
1738 140 1778 170 69

1004 206 1035 236 in
1055 205 1194 237 secunda
1213 205 1461 236 sanctificatione
1478 205 1652 243 indiguerit
1674 205 1778 243 gratia

1001 262 1040 294 ad
1054 261 1180 301 culpam
1193 260 1372 297 delendam,
1384 260 1437 290 sed
1452 259 1490 290 ad
1503 259 1604 299 culpae
1617 260 1777 299 sequelam

1000 325 1039 346 ex
1054 315 1203 354 originali
1219 316 1371 346 relictam.

1041 373 1070 401 ἰ).
1090 371 1134 401 Ad
1152 370 1227 400 illud
1243 370 1327 410 quod
1341 369 1514 410 opponitur
1529 368 1566 398 de
1581 367 1775 406 Augustino,

1000 424 1083 464 qnod
1103 436 1116 452 a
1129 434 1196 454 esse
1211 424 1278 454 sine
1294 426 1420 463 peccato
1433 423 1464 453 in
1479 422 1537 453 hac
1552 422 1627 458 vita,
1643 420 1778 461 pertinet

999 477 1037 508 ud
1055 477 1157 508 solum
1174 477 1418 516 Unigenitinn,u
1437 475 1607 506 dicendum
1621 474 1706 515 quod
1721 474 1777 504 du-

999 529 1121 570 pliciter
1135 533 1181 561 est
1196 530 1283 571 loqui
1299 531 1337 561 de
1353 530 1412 560 hac
1427 530 1492 560 vita
1505 539 1511 558 :
1529 530 1585 559 aut
1600 527 1777 559 secundum

998 591 1094 613 omne
1115 586 1242 623 tempus
1261 586 1291 614 et
1308 586 1441 620 statum,
1464 584 1520 613 aut
1539 584 1607 623 post
1623 590 1718 612 usum
1737 580 1778 611 li-

998 637 1065 668 beri
1089 637 1212 667 arbitrii
1234 647 1242 667 :
1267 637 1292 667 si
1317 637 1494 667 secundum
1518 638 1645 676 tempus
1667 644 1775 671 omne.

997 691 1057 722 hoc
1077 691 1226 721 convenit
1245 690 1302 720 soli
1323 689 1403 720 Filio
1428 690 1491 728 Dei,
1514 689 1590 729 qnia
1612 689 1668 719 iste
1691 688 1778 719 solus

997 745 1100 775 carnit
1118 743 1267 783 originali
1284 745 1431 783 peccat03
1449 744 1474 773 si
1492 746 1559 783 post
1576 752 1670 773 usnni
1686 741 1777 773 liberi

997 798 1130 835 arbitrii,
1155 799 1199 829 sic
1223 798 1372 829 convenit
1395 797 1496 828 beatae
1522 796 1646 837 Virgini
1673 797 1778 836 gratia

996 853 1132 893 speciali,
1156 862 1211 893 per
1228 861 1325 892 qnam
1342 851 1497 882 immunis
1515 851 1571 881 snit
1592 860 1657 881 non
1671 850 1776 881 solum

996 915 1014 937 a
1032 907 1169 944 mortali,
1185 915 1299 937 verum
1313 905 1407 936 eliani
1424 914 1442 935 a
1458 904 1585 935 veniali.

1037 963 1066 991 3.
1089 961 1136 991 Ad
1156 960 1232 990 illud
1251 959 1334 1000 quod
1350 959 1522 999 opponitur
1536 958 1574 988 de
1589 957 1777 988 alwioritate

996 1013 1158 1054 Magistri,
1183 1013 1267 1054 quod
1292 1013 1427 1052 Spiritus
1453 1015 1582 1042 sanctus
1607 1010 1776 1050 Virginem

996 1068 1159 1108 purgavit,
1179 1067 1350 1097 dicendum
1368 1066 1453 1106 quod
1474 1067 1639 1105 peccatum
1659 1064 1776 1095 dicitur

995 1120 1161 1159 tripliciter
1178 1130 1185 1150 :
1213 1119 1383 1159 aliquando
1411 1119 1526 1149 dicitnr
1556 1118 1666 1157 eulpa,
1695 1117 1777 1148 sicut

995 1175 1210 1206 communiter
1245 1173 1412 1205 consuevit
1448 1172 1568 1212 accipi3
1605 1171 1775 1212 aliquando

995 1238 1089 1269 poena
1106 1229 1239 1269 peccati,
1256 1229 1336 1259 sicut
1355 1227 1393 1257 ad
1415 1226 1574 1257 Romanos
1585 1225 1596 1241 ³
1613 1236 1619 1256 ;
1643 1227 1684 1257 De
1701 1233 1774 1265 pec-

994 1285 1065 1313 cato
1081 1281 1252 1312 (Icmmavz'c
1271 1284 1453 1320 peremtum
1473 1278 1644 1318 aliquando
1659 1277 1775 1308 dicitur

994 1344 1088 1366 caum
1105 1334 1234 1374 peccati,
1255 1333 1358 1364 sicut·
1376 1344 1382 1364 ι
1401 1332 1436 1364 Si
1457 1335 1563 1364 autem
1583 1330 1670 1371 quod
1689 1330 1770 1368 nolo,

995 1389 1114 1420 malum
1130 1389 1225 1427 facio,
1244 1396 1308 1419 ιιοη
1323 1395 1377 1427 eqo
1393 1394 1502 1426 operor
1513 1385 1606 1423 illud,
1620 1384 1677 1417 sed
1689 1385 1774 1425 qnod

993 1443 1119 1475 habitat
1148 1444 1184 1474 in
1210 1450 1257 1474 me
1283 1444 1461 1482 peccatum.
1489 1440 1560 1470 Dico
1585 1448 1664 1478 ergo
1687 1439 1772 1479 quod

993 1498 1088 1537 virgo
1105 1496 1203 1528 Maria
1220 1498 1287 1536 post
1302 1494 1474 1526 secundam
1490 1492 1772 1523 sanctificationem

993 1560 1057 1582 non
1081 1550 1138 1580 suit
1160 1559 1179 1580 a
1201 1551 1327 1590 peceato
1349 1547 1470 1578 munda
1492 1546 1614 1577 ratione
1635 1545 1772 1585 alicujus

993 1604 1138 1643 maculae,
1160 1603 1213 1634 sed
1232 1603 1337 1634 solum
1356 1601 1478 1632 ratione
1498 1601 1635 1640 aliquus
1655 1608 1769 1640 poenae,

992 1660 1036 1691 sic
1052 1662 1073 1690 zt
1087 1660 1202 1691 melius
1217 1659 1317 1689 intra⁶
1330 1657 1596 1688 manifestabitur.

1033 1718 1062 1746 4.
1083 1714 1131 1745 Ad
1153 1712 1231 1744 illud
1254 1711 1339 1752 quod
1365 1711 1538 1752 opponitur
1559 1711 1598 1741 de
1619 1711 1770 1751 petitione

991 1769 1044 1800 illa
1061 1779 1067 1799 ι
1088 1767 1222 1799 Dimitte
1236 1766 1346 1805 nobis,
1362 1767 1433 1802 etc„
1450 1764 1621 1795 dicendum
1636 1764 1720 1804 quod
1736 1764 1769 1795 in

992 1822 1143 1863 petitione
1165 1822 1225 1852 ista
1239 1821 1334 1860 virgo
1350 1819 1448 1851 Maria
1463 1821 1585 1860 poterat
1599 1821 1704 1860 petere
1718 1827 1771 1850 re-

994 1876 1177 1907 missionem
1197 1875 1303 1913 debiti,
1320 1874 1404 1915 quod
1421 1874 1554 1905 debebat
1566 1883 1631 1904 uon
1647 1873 1770 1905 ratione

991 1931 1052 1969 sui,
1064 1931 1116 1961 sed
1130 1930 1250 1961 ratione
1263 1929 1401 1959 aliorum
1409 1928 1631 1959 membrorum
1643 1926 1768 1966 Christi,

991 1985 1111 2025 quibus
1128 1986 1250 2024 poterat
1273 1986 1377 2024 petere
1394 1985 1429 2013 ut
1449 1982 1554 2013 debita
1571 1981 1771 2012 dimitteren-

992 2041 1062 2077 tur,
1078 2040 1110 2069 et
1124 2038 1207 2069 bona
1222 2037 1414 2068 conscientia
1433 2037 1520 2067 illam
1544 2037 1626 2067 form
1638 2046 1681 2066 ire
1697 2045 1769 2066 ora-

991 2092 1122 2130 tionem,
1138 2101 1203 2122 non
1219 2101 1276 2132 pro
1289 2101 1333 2130 se,
1350 2091 1436 2131 quia,
1453 2091 1535 2121 sicut
1551 2090 1625 2121 dicit
1638 2090 1769 2130 Augus-

991 2146 1079 2176 tinus
1092 2170 1099 2184 ,
1124 2146 1176 2176 illa
1192 2155 1254 2176 nnn
1271 2145 1453 2176 continetur
1467 2144 1527 2174 sul)
1543 2144 1596 2175 illa
1609 2143 1771 2184 generali-

993 2202 1055 2231 tate
1076 2209 1141 2240 qua
1166 2199 1299 2230 dieitur⁸
1317 2209 1324 2230 :
1343 2199 1378 2231 Si
1393 2199 1578 2231 tlioeerz'mus
1601 2200 1680 2239 quia
1702 2206 1770 2239 pec-

64 2259 140 2292 Pefuf
197 2247 226 2275 ¹=
239 2244 288 2276 Ad
302 2244 380 2276 fflud
393 2253 483 2284 ergo,
497 2244 582 2285 ‘11¹0‘l
599 2245 702 2284 primo
715 2245 887 2285 0PD⁰¹¹5¹¹¹F
902 2245 935 2276 5¹1
992 2256 1097 2286 catum
1109 2261 1174 2285 non
1197 2253 1366 2292 habemus,
1382 2261 1440 2285 nos
1461 2254 1547 2292 ipsos
1569 2252 1769 2289 seducimus,

35 2291 144 2346 ἓῒέηᾛζ
158 2297 366 2345 eontrarium,
381 2297 468 2338 quod
480 2297 573 2337 virgo
585 2297 683 2329 Maria
695 2298 754 2329 fuit
766 2299 936 2329 castificata
992 2311 1020 2340 et
1042 2308 1164 2339 veritas
1181 2307 1218 2338 in
1232 2307 1324 2340 nobis
1339 2315 1404 2340 non
1426 2310 1484 2339 est.
1502 2306 1590 2339 Unde
1609 2307 1771 2347 Augusti-

36 2350 144 2402 ffssffifflf·
157 2351 198 2383 ab
212 2352 298 2384 omni
311 2352 404 2383 sorde
416 2352 581 2390 vitiorum,
594 2352 764 2384 dicendum
777 2352 862 2393 quod
877 2352 935 2383 dis-

158 2405 217 2437 tert
231 2405 335 2437 dicere
349 2409 522 2446 peccatum,
535 2408 565 2436 et
578 2406 709 2438 vitium.
726 2405 807 2438 Nam
823 2416 935 2447 pecca-

159 2460 229 2490 tum
243 2459 318 2491 dicit
327 2459 472 2500 culpam;
487 2459 603 2490 vitium
617 2459 693 2491 dicit
707 2460 809 2501 culpae
825 2470 938 2500 seque-

159 2513 235 2546 lam.
251 2513 359 2546 Glossa
374 2523 453 2555 ergo
473 2514 527 2546 illa
544 2523 609 2546 nou
626 2515 697 2547 vult
715 2515 832 2554 dicere,
851 2515 936 2556 quod

994 2370 1056 2392 nus
1079 2361 1169 2392 vult*
1191 2360 1277 2401 quod
1301 2360 1340 2392 ad
1364 2360 1443 2391 alios
1464 2360 1594 2391 Sanctos
1619 2360 1772 2400 pertineat

994 2415 1046 2446 illa
1061 2415 1163 2446 oratio
1178 2424 1236 2456 pro
1252 2424 1300 2453 se,
1321 2415 1360 2447 ad
1380 2415 1506 2446 beatam
1522 2414 1690 2454 VirgInem
1707 2423 1772 2446 non

994 2477 1052 2508 pro
1066 2477 1098 2499 se
1115 2471 1164 2499 :et
1178 2468 1249 2499 ideo
1263 2478 1328 2500 non
1344 2468 1626 2509 comprehenditur
1641 2467 1701 2499 sub
1718 2477 1772 2508 ge-

994 2522 1160 2554 neralitate
1176 2522 1339 2563 praedicta.

193 2609 199 2626 ¹
212 2609 270 2633 vid.
281 2609 354 2635 Cone.
368 2609 447 2640 frid„
456 2617 521 2635 sese.
534 2616 571 2642 vx,
583 2617 640 2636 ean.
651 2611 690 2636 21³.
703 2624 730 2629 —
741 2611 752 2628 ἱ
763 2611 834 2640 Gen„
848 2617 888 2641 ui,
899 2613 936 2636 ¹5.

161 2644 211 2664 --Ι
227 2644 303 2675 Rom„
318 2650 364 2670 vin
376 2661 384 2674 .
398 2648 420 2670 ³.
432 2659 463 2664 —
476 2646 485 2662 δ
507 2646 576 2671 Rom.
601 2652 646 2677 vu,
665 2648 702 2671 Π.
716 2660 740 2665 -
757 2648 767 2663 ²
787 2647 882 2677 Quoest.
909 2653 937 2672 ιιι

995 2611 1048 2643 huj.
1064 2612 1262 2642 nrt—woan„
1280 2612 1395 2642 1,s.-⁷
1406 2613 1482 2641 Aua„
1501 2611 1531 2634 (ιε
1551 2611 1627 2635 eiust.
1649 2611 1706 2642 οει,
1722 2611 1765 2636 ιιι).

998 2647 1065 2678 xlv,
1076 2654 1098 2673 c.
1116 2653 1154 2679 ix,
1171 2654 1197 2672 u.
1211 2649 1234 2672 2.
