2017 2960
190 251 228 279 28
739 245 1046 279 SENTENTtARUM
1071 245 1142 276 LlB.
1169 245 1219 275 lll.

190 316 404 350 occasionem,
421 319 449 346 et
465 316 534 347 ideo
550 316 620 346 inde
642 325 767 345 sumere
782 314 889 345 debuit
908 323 957 344 re-

191 370 396 408 parationem.
416 369 449 399 Et
467 370 524 399 hoc
547 369 619 399 dicit
637 368 831 403 Bernartius,
847 367 958 406 expla-

191 431 268 451 nans
284 422 359 452 illud
376 423 462 453 Jonw
475 432 541 461 cap.
559 423 586 451 1¹
606 432 611 451 z
632 422 758 459 Propter
774 429 820 451 me
834 423 959 451 111-111131

190 474 254 506 licre
270 479 430 514 tempestas
451 476 481 514 ‘a‘
499 486 509 505 .·
532 475 628 505 tollite
651 482 713 506 mr.
739 477 766 505 et
790 474 907 505 mittite
923 474 959 504 2'72

192 536 285 559 mare.
300 529 359 558 Aut
373 531 454 557 certe
468 527 569 557 1111101Ί
580 527 663 566 quod
675 527 770 557 1101110
782 535 959 566 praesump-

191 584 269 611 serat
280 580 328 610 111-1
340 580 591 616 similitudinem,
601 580 716 610 directe
727 582 834 609 contra
844 579 958 610 Filium

192 634 327 673 peccavit
341 645 346 663 ε
361 636 389 663 ct
401 633 470 663 ideo
485 633 563 663 Filio
574 633 677 671 magis
688 633 882 672 competebat
894 632 960 662 vin-

191 687 273 716 dicta
291 689 319 716 et
342 686 551 725 indulgentia.
578 685 612 716 Et
635 686 694 715 hoc
714 688 757 715 est
782 686 864 724 quod
888 685 959 715 divit

193 740 360 770 Anselmus
375 740 498 770 inlibro
516 740 580 770 Ciu·
595 739 674 770 Dens
685 739 812 770 7101710‘2:
831 751 844 766 «
860 738 960 767 Homo

193 803 248 832 pro
267 802 330 832 quo
352 796 417 823 erat
437 793 628 828 moriturus,
653 794 684 822 et
700 791 843 821 diabolus
865 800 960 830 quem

192 851 257 878 erat
273 851 528 887 expugnaturus,
545 847 639 877 ambo
655 847 763 877 salsam
780 847 832 876 Dei
848 846 961 876 simili-

192 901 331 931 tndinein
348 903 624 941 praesumpserant.
637 900 724 930 Unde
736 900 899 939 specialius
911 900 962 929 ad-

193 964 304 985 versus
318 954 434 984 Filium
450 955 670 993 per-caverunt.
686 964 699 980 11
721 952 765 982 1111
779 953 896 991 itaque,
912 953 962 982 cui

193 1007 366 1047 specialiter
382 1008 414 1036 fit
428 1006 556 1045 injuria,
571 1006 811 1035 convenientius
822 1006 963 1035 attribui-

194 1064 245 1090 tur
260 1060 361 1099 culpae
376 1059 513 1089 vindicta
535 1062 564 1089 et
586 1058 795 1098 indulgentia.
822 1057 961 1095 Rursus,

193 1114 218 1144 si
234 1113 470 1143 consideremus
484 1113 613 1143 modum
629 1112 844 1151 reparationis,
862 1112 966 1151 magis

194 1167 341 1206 competit
371 1166 447 1196 Filio
465 1177 470 1196 τ
498 1166 631 1205 reparati
658 1165 745 1195 enim
769 1174 881 1195 sumus
911 1174 966 1203 per

195 1220 375 1251 Mediatoris
397 1219 608 1250 obedientiam
632 1222 661 1248 ct
680 1218 962 1257 supplicationem:

195 1276 225 1304 et
239 1274 313 1313 quia
327 1273 429 1312 magis
441 1273 588 1312 competit
606 1272 706 1302 tilium
719 1272 897 1312 supplicare
911 1282 965 1311 pa—

196 1327 235 1356 tri
251 1329 280 1356 et
295 1326 420 1356 obedire
431 1349 439 1362 ,
456 1326 528 1356 hinc
544 1328 586 1355 est
603 1325 687 1365 quod
702 1325 805 1363 magis
819 1326 967 1364 competit

198 1389 338 1419 personae
354 1380 423 1410 Filii
437 1379 605 1415 incarnari,
618 1388 714 1418 quam
726 1378 790 1407 alii.
805 1377 893 1408 Unde
906 1379 968 1408 An-

197 1434 332 1471 seimus,
359 1433 391 1463 in
412 1433 492 1462 libro
516 1432 618 1471 primo
643 1431 705 1462 Cur
730 1431 810 1462 Deus
832 1431 965 1462 12071103:

201 1499 215 1515 (ι
231 1486 477 1517 Convenientius
493 1487 580 1515 sonat
598 1485 699 1514 filium
719 1484 894 1523 supplicare
911 1493 967 1523 pa-

199 1539 255 1575 tri,
273 1548 368 1579 quam
390 1539 484 1568 aliam
503 1547 680 1577 personam.
698 1550 710 1563 υ
738 1536 916 1573 Postremo,
942 1537 968 1566 si

198 1592 433 1622 consideremus
446 1591 650 1631 reparationis
661 1590 797 1620 fructum
810 1589 861 1619 vel
874 1589 969 1619 1111110-
994 1605 999 1610 ·

199 1648 279 1681 tum,
295 1645 398 1684 magis
408 1644 604 1684 csu‘npetehat
618 1643 697 1673 Filio
710 1642 880 1680 incarnari,
895 1642 971 1682 quia

201 1700 374 1730 incarnatio
397 1699 436 1729 ad
455 1699 513 1728 hoc
531 1698 709 1734 ordinatur,
737 1700 772 1726 ut
795 1698 894 1727 simus
916 1697 970 1726 tilii

202 1753 251 1783 Dei
267 1763 273 1783 :
293 1753 316 1782 si
332 1762 409 1791 crgo
421 1751 575 1791 posterius
587 1759 641 1789 per
654 1750 731 1779 illud
744 1749 837 1779 habet
851 1749 969 1787 reduci,

201 1807 285 1847 quod
301 1809 346 1837 est
363 1806 449 1845 prius
464 1806 496 1835 in
512 1805 622 1835 codem
638 1813 772 1843 genere,
790 1813 971 1843 congruum

202 1860 259 1890 fuit
275 1862 309 1890 ut
329 1859 382 1888 tilii
400 1858 450 1888 Dei
467 1858 665 1888 efficeremur
680 1866 734 1896 per
749 1866 841 1894 eum,
857 1857 912 1896 qui
927 1859 973 1887 est

203 1913 285 1943 tilius
306 1912 468 1942 naturalis.
488 1910 573 1941 Unde
597 1910 816 1949 Augustinus,
834 1910 865 1939 in
882 1910 973 1940 tertio

202 1966 323 1996 decimo
343 1965 374 2003 xbi
394 1965 431 1995 de
450 1964 606 1995 Tre'm'late
619 1966 646 1993 ⁸:
664 1963 730 1993 «Ut
745 1963 841 1993 homo
856 1972 896 1993 ex
913 1962 973 1993 Deo

203 2021 402 2055 nasceretur,
424 2017 525 2056 primo
547 2026 586 2046 ex
607 2016 682 2055 ipsis
706 2018 800 2045 natus
818 2018 862 2045 est
883 2015 971 2046 Deus.

205 2072 347 2112 Oportuit
370 2071 455 2100 enim
473 2073 505 2100 ut
531 2078 673 2109 pereum
698 2070 896 2099 efficeremur
918 2070 973 2099 filii

204 2125 353 2164 adoptivi,
371 2124 425 2163 qui
443 2126 487 2153 est
503 2123 585 2153 tilius
599 2123 759 2153 naturalis.
776 2134 790 2149 »
812 2122 848 2152 Et
865 2122 910 2152 sic
923 2132 975 2162 pa-

207 2181 249 2208 tet
271 2187 465 2218 peromnem
487 2177 616 2207 modum
638 2176 723 2215 quod
746 2176 975 2215 congruentius

207 2232 265 2262 suit
290 2230 403 2261 filiun]
431 2230 606 2267 incarnari,
630 2238 728 2269 quam
750 2229 859 2259 alium.
888 2228 975 2259 Unde

207 2283 413 2314 concedendae
429 2285 502 2313 sunt
525 2283 677 2318 rationem
695 2291 768 2321 qnae
788 2282 827 2312 ad
844 2282 904 2312 1100
926 2281 974 2311 111-

207 2337 414 2368 ducebantur.

248 2393 275 2420 1.
303 2390 348 2420 Ad
372 2389 448 2420 illud
470 2389 554 2428 quod
571 2388 760 2428 opponitur⁷
783 2388 868 2427 quod
891 2387 975 2418 Patri

208 2443 310 2481 magis
333 2442 480 2472 convenit
502 2451 582 2481 opus
601 2441 800 2471 recreationis
814 2464 821 2476 ,
843 2440 923 2470 sicut
946 2443 977 2470 et

207 2495 384 2532 creationis,
401 2495 568 2525 dicendum
581 2494 664 2534 quod
680 2494 771 2524 Pater
783 2494 827 2523 sic
841 2496 887 2523 est
901 2503 976 2523 auc-

206 2550 256 2579 tor
271 2549 471 2579 recreationis
481 2572 488 2584 ‚
509 2549 590 2578 sicut
605 2550 635 2578 et
650 2547 815 2578 creationis
828 2558 833 2577 :
853 2549 883 2577 et
898 2546 977 2576 sieut

241 2637 245 2649 ³
261 2636 327 2660 Jon„
344 2641 369 2665 1,
386 2638 419 2658 t.’.
430 2636 478 2652 —2
494 2636 615 2665 Ansrim„
629 2636 678 2658 Cur
697 2635 761 2658 Deus
773 2634 844 2657 homo
858 2652 864 2661 ,
881 2633 923 2657 lib.
940 2634 956 2655 11
972 2650 976 2657 ,

242 2683 271 2708 (ai
287 2682 369 2708 Yula..
385 2683 487 2712 Propter
502 2690 538 2705 me
553 2684 683 2712 tempeslm
694 2681 743 2704 lm.-
758 2680 862 2711 (χι-[1111111-
872 2680 979 2703 venit.—

220 2719 241 2744 1'1)
259 2718 318 2741 Coer.
331 2718 394 2741 crlct.
408 2734 411 2737 .
423 2735 428 2740 .

1013 322 1069 352 per
1083 311 1222 342 Verbum
1237 311 1345 342 omnia
1359 312 1429 343 fecit
1440 336 1448 351 ‚
1464 314 1508 344 sio
1523 314 1619 345 etiam
1632 324 1689 355 per
1703 314 1783 346 Ver-

1014 365 1091 394 bum
1109 365 1216 394 omnia
1231 364 1348 394 refecit.
1367 364 1426 395 Sed
1442 375 1481 396 ex
1493 366 1552 397 hoc.
1566 376 1631 398 non
1642 368 1785 408 sequitur

1014 417 1097 457 quod
1120 417 1211 448 Pater
1230 417 1335 456 magis
1350 417 1492 449 debuerit
1507 420 1684 459 incarnari;
1708 421 1784 461 quia

1014 470 1189 500 incarnatio
1212 479 1275 500 non
1291 470 1416 510 respicit
1440 480 1606 510 personam
1627 474 1783 512 auctoris,

1014 523 1066 553 sed
1083 523 1264 553 mediatoris
1281 532 1288 553 :
1304 525 1333 553 et
1346 523 1420 563 quia
1436 524 1515 554 ratio
1530 526 1707 557 mediatoris
1722 536 1786 557 non

1015 575 1161 605 convenit
1175 575 1270 611 Patri,
1280 576 1332 606 scd
1346 577 1448 615 potius
1460 576 1550 615 Filio,
1562 577 1638 608 hinc
1647 579 1787 618 estquod

1016 637 1079 657 non
1096 628 1240 667 sequitur
1254 628 1337 667 quod
1355 629 1531 659 incarnatio
1547 630 1651 669 magis
1669 640 1787 662 conve-

1017 681 1079 710 niat
1091 680 1186 716 Patri,
1195 690 1292 720 quam
1304 681 1398 719 Filio;
1412 682 1476 712 imo
1486 683 1589 721 potius
1598 692 1614 713 e
1624 692 1787 714 converso.

1056 735 1085 763 2.
1103 733 1148 763 Ad
1166 733 1240 763 illud
1257 734 1340 773 quod
1357 735 1529 774 opponitur
1544 735 1582 766 de
1599 735 1766 776 adoptione
1778 760 1787 775 ‚

1016 787 1184 817 dicendum
1216 787 1299 826 quod
1332 796 1444 817 verum
1469 790 1514 818 est
1544 788 1629 828 quod
1662 788 1790 828 adoptio

1018 840 1167 870 convenit
1189 839 1271 870 Patri
1293 842 1444 880 tanquam
1462 841 1627 881 principali
1641 841 1763 872 auctori
1781 852 1788 872 :

1017 893 1069 923 sed
1090 893 1149 923 hoc
1164 902 1227 923 non
1246 895 1368 933 oportet
1389 894 1490 924 facere
1507 894 1567 924 nisi
1583 903 1638 934 per
1652 894 1768 925 Filium
1780 917 1789 933 ‚

1018 946 1067 984 cuj
1075 954 1110 975 us
1125 947 1188 975 tota
1200 947 1246 975 est
1259 945 1440 984 haereditas,
1456 949 1487 977 et
1501 955 1557 986 per
1569 956 1666 986 quem
1680 946 1732 978 alii
1750 946 1788 977 ad

1018 998 1233 1028 haereditatem
1248 998 1362 1029 debent
1376 999 1510 1029 admitti.

1060 1053 1090 1081 3.
1110 1050 1157 1080 Ad
1182 1050 1259 1081 illud
1280 1051 1364 1090 quod
1387 1051 1568 1091 opponitur,
1586 1052 1671 1091 quod
1693 1052 1792 1084 Filius

1020 1103 1115 1133 habet
1126 1113 1143 1133 a
1154 1103 1244 1133 Patre
1251 1103 1403 1143 quidquid
1413 1104 1518 1141 habet,
1526 1104 1696 1135 dicendum
1707 1104 1792 1144 quod

1021 1156 1117 1187 Filius
1131 1156 1244 1187 (licitur
1258 1157 1375 1196 aliquid
1396 1157 1512 1188 habere
1534 1166 1590 1194 per
1612 1157 1791 1188 naturalem

1021 1209 1191 1249 originem,
1218 1209 1335 1249 aliquid
1358 1219 1414 1249 per
1433 1210 1606 1249 gratuitam
1625 1210 1790 1241 unionem.

1021 1262 1053 1293 Si
1069 1263 1173 1302 primo
1188 1263 1280 1293 modo
1296 1263 1504 1302 intelligatur,
1517 1264 1673 1304 quidquid
1685 1264 1792 1303 habet,

1022 1317 1147 1347 habeta
1158 1316 1260 1353 Patre,
1277 1317 1320 1347 ita
1330 1317 1414 1356 quod
1430 1317 1513 1347 idem
1529 1317 1612 1357 quod
1628 1319 1673 1348 est
1687 1317 1721 1348 in
1737 1316 1793 1348 Fi-

1022 1370 1065 1400 lio
1081 1379 1099 1400 a
1113 1369 1214 1407 Patre,
1230 1373 1275 1400 est
1289 1370 1322 1400 in
1339 1369 1429 1400 Patre
1444 1380 1462 1400 a
1474 1371 1586 1410 seipso,
1598 1371 1631 1401 in
1643 1370 1795 1402 essentia-

1023 1423 1107 1453 libus
1125 1423 1295 1462 loquendo.
1317 1423 1349 1453 Si
1373 1425 1480 1453 autem
1509 1423 1680 1463 loquamur
1699 1423 1738 1454 de
1757 1432 1795 1453 eo

1023 1477 1109 1515 quod
1125 1476 1219 1506 habet
1228 1485 1284 1516 per
1298 1476 1474 1515 gratuitam
1491 1476 1654 1514 unionem,
1670 1476 1713 1506 sic
1733 1475 1796 1506 ha·-

1024 1529 1076 1559 bet
1094 1539 1111 1559 a
1132 1528 1222 1559 Patre
1244 1531 1396 1568 tanquam
1418 1538 1436 1559 a
1461 1529 1614 1569 principio
1638 1529 1793 1567 effectivo,

1025 1592 1089 1612 non
1104 1584 1257 1621 tanquam
1272 1591 1290 1611 a
1304 1583 1478 1620 generante
1489 1605 1496 1619 ,
1521 1582 1596 1621 quia
1617 1581 1796 1612 secundum

1026 1635 1102 1665 illud
1118 1634 1217 1665 Filius
1232 1637 1278 1665 est
1294 1635 1399 1665 minor
1423 1634 1514 1665 Patre
1534 1642 1540 1663 :
1557 1636 1587 1665 et
1601 1634 1676 1674 quia
1693 1634 1796 1674 magis

1026 1689 1113 1719 decet
1128 1688 1245 1718 Filium
1262 1688 1438 1718 secundum
1455 1687 1631 1718 humanam
1649 1690 1795 1718 naturam

1027 1751 1092 1771 esse
1108 1741 1265 1772 minorem
1276 1740 1377 1777 Patre,
1390 1741 1463 1770 ltine
1477 1741 1618 1780 estquod
1629 1741 1688 1772 isto
1705 1741 1797 1772 modo

1029 1795 1132 1834 magis
1146 1795 1292 1834 competit
1306 1793 1422 1824 Filium
1436 1793 1554 1824 habere
1574 1793 1695 1833 aliquid
1711 1794 1798 1834 quod

1028 1857 1093 1878 non
1109 1848 1223 1878 habeat
1238 1848 1340 1883 Pater,
1357 1856 1454 1887 quam
1469 1856 1485 1877 e
1500 1856 1662 1878 converso.

1068 1904 1096 1931 -1,
1112 1901 1158 1931 Ad
1180 1900 1256 1931 illud
1278 1899 1361 1940 quod
1387 1900 1569 1939 opponitur,
1595 1900 1679 1939 quod
1696 1900 1799 1940 magis

1029 1954 1176 1985 convenit
1189 1953 1317 1993 Spiritui
1333 1955 1452 1990 sancto,
1468 1953 1544 1992 quia
1561 1953 1631 1983 haee
1651 1955 1697 1983 est
1713 1962 1799 1983 sum-

1030 2018 1081 2038 ma
1094 2008 1206 2047 gratia,
1223 2007 1390 2038 dicendum
1408 2007 1491 2046 quod
1514 2015 1570 2046 per
1591 2006 1679 2037 illam
1703 2006 1799 2038 ratio-

1030 2072 1102 2092 nem
1118 2071 1182 2092 non
1197 2061 1397 2091 concluditur
1407 2060 1490 2100 quod
1502 2060 1675 2090 incarnatio
1689 2060 1801 2090 debeat

1030 2115 1097 2145 sieri
1124 2115 1155 2144 in
1181 2123 1313 2153 persona
1337 2113 1475 2153 Spiritus
1495 2113 1611 2150 saneti,
1636 2112 1689 2143 sed
1716 2112 1800 2152 quod

1029 2179 1109 2209 opus
1135 2167 1359 2198 incarnationis
1380 2167 1490 2197 debeat
1513 2166 1643 2196 attribui
1666 2166 1801 2206 Spiritui

1030 2224 1136 2253 sancto
1153 2233 1159 2252 2
1178 2224 1208 2251 et
1222 2221 1282 2251 hoc
1304 2220 1417 2250 melius
1439 2219 1599 2250 videbitur
1620 2219 1733 2250 iufra'.
1763 2218 1802 2250 Et

1030 2276 1173 2306 similiter
1198 2273 1453 2314 respondendum
1480 2274 1526 2302 est
1552 2271 1591 2303 ad
1619 2272 1691 2310 hoe,
1716 2271 1800 2312 quod

1030 2329 1174 2369 sequitur
1189 2328 1227 2359 de
1242 2327 1420 2367 adoptione.

1071 2384 1100 2413 5.
1116 2382 1162 2413 Ad
1181 2380 1256 2411 illud
1279 2379 1365 2420 quod
1384 2377 1555 2418 opponitur
1576 2377 1614 2408 de
1640 2376 1799 2414 missione,

1032 2435 1198 2466 dicendum
1215 2432 1299 2473 quod
1318 2432 1424 2462 missio
1437 2432 1469 2461 in
1485 2439 1613 2461 carnem
1626 2429 1685 2460 fuit
1698 2430 1736 2460 ad
1751 2439 1803 2460 re-

1031 2487 1216 2519 dimendum
1232 2496 1251 2516 a
1267 2485 1440 2515 servitute:
1453 2485 1484 2514 et
1494 2483 1569 2523 quia
1583 2485 1705 2522 oportet
1714 2483 1802 2522 prius

1032 2541 1194 2571 hominem
1210 2538 1336 2569 liberari
1358 2547 1377 2568 a
1395 2536 1565 2573 servitute,
1589 2545 1686 2576 quam
1708 2535 1802 2576 adop-

1035 2658 1054 2669 1.
1072 2656 1075 2670 ι
1090 2661 1121 2670 »β
1132 2648 1154 2663 -”
1173 2646 1232 2668 111111.
1245 2645 1287 2668 lib.
1301 2644 1349 2672 1,ο.
1362 2643 1528 2671 ηιμ-111119.
1539 2642 1570 2664 de
1581 2643 1801 2673 1¹1·1‘n›'1.,tit»‚xw,

1070 2689 1083 2706 1,
1100 2686 1121 2705 οι
1138 2689 1208 2712 >043
1224 2682 1251 2703 de
1268 2680 1373 2704 Nativr't.
1392 2679 1500 2705 Domini,
1515 2684 1582 2701 serm
1605 2684 1629 2701 ix
1643 2697 1648 2706 ,
1664 2679 1696 2702 at.
1712 2683 1781 2702 men
1794 2696 1801 2709 ,

1035 2726 1059 2742 n.
1078 2723 1128 2740 1.-
1141 2718 1228 2740 ⁵1J12t.
1246 2722 1279 2744 iv,
1295 2718 1341 2738 art.
1361 2717 1381 2744 t,
1400 2721 1426 2744 q.
1442 2719 1459 2736 1.
