2017 2960
78 2120 112 2142 Ad
122 2126 173 2147 opp.

640 159 829 192 DISTINCT.
851 159 914 190 XV.
939 159 1029 191 ART.
1054 159 1078 190 I.
1102 157 1252 196 QUAEST.
1278 159 1315 190 11.

183 229 279 267 dum,
296 227 465 259 dicendum
491 227 576 267 quod
598 229 644 257 est
666 227 769 259 virtus
788 227 953 264 naturalis,

183 282 214 311 et
227 282 273 311 est
286 280 388 311 virtus
404 278 535 309 moralis
553 287 560 309 τ
577 280 608 309 et
623 279 799 309 secundum
816 278 876 309 1100
895 278 954 308 du-

184 334 256 374 plex
269 335 314 364 est
329 341 439 372 pugna
465 334 496 362 et
510 332 628 372 duplex
647 334 693 362 est
708 332 841 362 victoria
856 343 862 362 z
879 341 955 367 una,

184 395 256 426 quae
288 385 441 417 virtutem
465 385 643 415 naturalem
675 385 821 424 respicit;
847 385 955 421 altera,

184 448 257 479 quae
269 439 421 470 virtutem
436 438 601 468 moralem.
620 437 734 477 Pugna
749 447 828 476 ergo
843 440 873 468 et
887 438 958 468 vic-

184 492 266 523 toria
288 494 398 522 contra
418 494 583 532 peccatum
604 493 721 531 spectat
743 491 782 522 ad
807 492 959 522 virtutem

185 546 349 577 moralem.
378 545 520 577 Christus
550 547 679 583 autem,
710 554 783 575 cnm
813 545 899 576 venit
920 544 959 575 ad

184 599 377 630 vincendum
410 598 653 637 adversarium,
675 598 762 628 venit
791 598 830 628 ad
858 607 961 637 expu-

186 653 355 693 gnandum
384 653 414 683 et
443 651 676 683 devincendum
710 653 874 691 peccatum
901 660 907 680 :
931 652 962 681 et

186 704 257 735 ideo
276 703 473 743 competebat
483 703 511 733 ei
525 703 628 733 virtus
649 702 792 741 moralis,
808 704 844 733 ut
859 704 963 742 posset

187 766 349 797 superare.
377 756 485 787 Virtus
510 758 619 787 autem
634 755 789 787 naturalis
813 755 848 786 in
873 755 962 786 nullo

188 811 368 841 conferebat
393 810 431 840 ad
454 809 538 840 hanc
561 809 746 846 victoriam3
764 808 844 848 quin
859 808 964 848 potius

188 864 258 903 ejus
280 863 462 903 oppositum
492 872 498 892 :
525 862 630 902 magis
655 862 743 893 enim
766 862 906 892 vincitur
934 864 965 892 et

188 917 333 947 diabolus
351 918 381 948 et
401 919 567 957 peccatum
589 917 623 947 in
645 916 827 947 humilitate
851 918 881 946 et
905 925 962 955 pa-

189 971 309 1001 tientia.
338 971 469 1010 Propter
497 971 581 1010 quod
612 970 727 1001 dicitur
743 970 773 1000 ¹:
797 970 909 1002 Virtus
929 970 965 1001 in

191 1024 383 1063 infirmitate
416 1024 597 1064 perficitur.
629 1023 707 1054 Cum
744 1032 824 1062 ergo
853 1023 966 1053 dicitur

191 1078 276 1118 quod
299 1077 437 1108 defectus
455 1078 527 1117 plus
555 1077 662 1108 valent
685 1077 723 1107 ad
754 1077 967 1107 succumben-

191 1131 270 1162 dum
284 1141 382 1171 quam
397 1131 436 1162 ad
453 1131 646 1162 vincendum
660 1154 667 1168 ,
684 1130 854 1161 dicendum
880 1130 966 1169 quod

192 1184 270 1215 illud
292 1193 358 1215 non
384 1184 480 1215 hahet
494 1184 672 1221 veritatem,
696 1183 757 1213 nisi
772 1183 969 1222 intelligatur

191 1238 230 1268 de
252 1246 363 1277 pugna
387 1239 418 1267 et
444 1237 576 1268 victoria
603 1237 637 1267 in
660 1237 771 1268 eodem
788 1245 918 1275 genere,
934 1236 968 1265 in

191 1299 255 1331 quo
270 1291 347 1321 sunt
361 1290 406 1320 illi
422 1290 562 1321 defectus
579 1301 586 1321 t
602 1293 633 1321 et
646 1290 716 1321 ideo
731 1299 797 1320 11011
812 1289 908 1319 habet
927 1289 970 1319 lo-

192 1353 266 1375 cum
281 1344 316 1374 in
329 1344 502 1384 proposito,
520 1345 576 1375 ubi
594 1347 641 1375 est
655 1343 787 1375 victoria
807 1351 862 1383 per
877 1342 969 1373 forti-

194 1397 337 1427 tudinem
350 1397 500 1436 justitiae,
519 1407 584 1428 non
606 1407 661 1437 per
676 1396 896 1427 fortitudinem
914 1404 970 1435 po-

194 1450 311 1481 tentiae.
337 1450 374 1480 Et
387 1450 425 1481 de
447 1451 506 1481 hac
526 1450 711 1481 fortitudine
733 1450 807 1480 dicit
834 1449 971 1488 Prophe-

194 1505 226 1533 ta
243 1503 402 1535 :Induere
432 1504 660 1543 fortitudinem
677 1528 684 1541 ,
715 1502 882 1534 brachium
907 1503 972 1534 Do-

194 1557 289 1588 mini.
318 1557 426 1588 Posset
449 1560 557 1588 tamen
581 1557 716 1596 intelligi
733 1557 771 1588 de
786 1556 971 1587 fortitudine

194 1611 344 1650 potentiae
369 1622 376 1641 :
401 1611 440 1642 ad
462 1611 680 1642 fortitudinem
696 1611 780 1641 enim
792 1609 925 1650 Justitiae
938 1609 971 1639 in

194 1665 343 1703 praesenti
354 1664 389 1695 in
398 1665 521 1701 merito,
533 1664 738 1702 subsequitur
750 1663 901 1694 fortitudo
915 1672 970 1702 po-

194 1718 302 1748 tentiae
329 1719 363 1748 in
386 1719 520 1759 praemio
533 1743 541 1757 ,
558 1719 638 1749 sicut
660 1720 746 1759 patet
767 1718 800 1747 in
823 1717 945 1748 Christo
963 1727 969 1749 :

195 1772 271 1811 quia
296 1772 354 1803 etsi
375 1774 385 1791 ³
405 1781 515 1812 passus
533 1772 574 1802 sit
598 1779 638 1803 ex
668 1771 874 1810 infirmitate,
898 1778 970 1800 sur-

194 1825 277 1856 rexit
291 1827 399 1857 tamen
413 1834 454 1858 ex
466 1827 596 1857 virtute.

456 1919 635 1958 QUAESTIO
659 1919 698 1950 II.

229 1979 274 2006 An
292 1978 413 2006 Christus
428 1980 603 2014 assumpserit
617 1986 705 2006 omnes
719 1978 834 2011 defectus
847 1980 949 2013 proeter

500 2025 638 2058 peccatum
650 2023 669 2048 ³.

238 2091 352 2123 Utrum
368 2092 510 2123 Christus
524 2091 730 2131 assumpserit
744 2099 855 2122 omnes
873 2090 975 2121 defec-

197 2148 248 2177 tus
269 2147 393 2177 nostros
416 2149 531 2185 praeter
556 2147 720 2184 peccatum
734 2155 742 2182 ;
758 2146 788 2175 et
809 2144 896 2184 quod
917 2144 973 2182 sic,

196 2200 324 2231 videtur
338 2208 394 2239 per
409 2199 657 2236 Damascenum,
684 2198 741 2238 qui
753 2198 840 2229 hune
855 2198 889 2228 in
905 2207 973 2229 mo-

196 2253 274 2284 dum
290 2253 353 2284 ait‘
370 2264 377 2284 ·.
397 2264 410 2281 «
426 2252 524 2283 Totus
539 2255 642 2283 totum
663 2252 834 2291 assumpsit
854 2261 921 2290 me,
940 2254 977 2282 ut

197 2308 301 2337 totum
327 2316 378 2337 me
402 2308 545 2344 curaret,
571 2309 626 2336 aut
649 2306 705 2336 toti
734 2305 813 2336 mihi
840 2305 975 2336 salutem

198 2360 400 2399 gratificaret.
416 2372 430 2389 ))
454 2360 539 2399 Ergo
561 2360 587 2390 si
606 2369 718 2390 omnes
741 2360 880 2391 defectus
901 2369 976 2391 nos-v

198 2415 263 2443 tros
277 2414 365 2445 venit
379 2423 504 2453 curare,
524 2414 650 2446 videtur
664 2414 749 2454 quod
765 2414 874 2445 debuit
889 2423 977 2445 assu-

200 2475 297 2498 mere.

239 2523 269 2552 2.
296 2521 385 2560 Item,
409 2522 495 2562 quod
530 2522 592 2553 fuit
616 2521 891 2562 inassumptibile,
917 2522 978 2553 fuit

233 2602 240 2618 ¹
255 2602 275 2626 ll
287 2602 356 2632 Cor„
371 2607 418 2632 ΧΠ,
433 2603 455 2625 9.
467 2616 493 2620 -
506 2603 516 2618 ¹
529 2602 603 2633 wid„
617 2609 676 2634 xm,
692 2604 716 2628 4.
732 2617 758 2621 —
773 2603 784 2620 ³
795 2604 835 2634 Cf.
852 2603 975 2628 Alexand.

200 2638 308 2668 Alensis,
329 2645 354 2669 p.
372 2638 415 2668 111,
435 2645 460 2669 q.
477 2644 505 2668 11,
524 2639 620 2662 memb.
636 2640 663 2670 2,
685 2641 733 2664 art.
749 2642 777 2670 25
803 2641 829 2664 S.
846 2640 976 2671 Thomas,

1729 162 1787 191 335

1011 227 1186 257 incurabile
1213 237 1219 257 ε
1245 235 1323 265 ergo
1349 225 1374 256 si
1403 225 1502 265 aliqui
1527 226 1666 256 defectus
1689 228 1788 257 nostri

1012 278 1142 308 suerunt
1167 288 1185 309 a
1210 277 1332 309 Christo
1354 277 1637 316 inassmnptiblles,
1662 277 1792 308 fuerunt

1013 331 1214 361 incurabiles.
1237 330 1268 361 Si
1283 340 1360 369 ergo
1380 339 1492 361 omnes
1513 330 1643 360 fuerunt
1663 331 1792 361 curabi-

1014 384 1074 421 les,
1091 394 1202 415 omnes
1216 385 1346 415 fuerunt
1368 384 1601 424 assumptibiles
1618 393 1625 413 :
1642 393 1721 423 ergo
1740 384 1793 415 vi-

1014 438 1106 468 ‹letnr
1121 439 1205 477 quod
1220 438 1428 477 assumpserit
1443 447 1563 468 omnes.

1056 495 1083 522 3.
1104 492 1193 529 Item,
1211 492 1244 522 in
1263 492 1478 531 assumptione
1493 494 1676 522 nostrorum
1691 492 1792 522 defec-

1015 547 1108 575 tuum
1147 545 1368 575 manifestatur
1401 545 1511 575 divlna
1545 545 1758 576 misericordia
1785 555 1792 575 :

1015 607 1094 637 ergo
1119 598 1150 628 in
1176 598 1392 638 assumptione
1424 598 1567 637 plurium
1593 599 1793 636 defectuum,

1016 651 1193 682 ostenditur
1229 652 1333 690 maj0r
1367 650 1599 688 misericordia3
1630 653 1661 682 et
1690 651 1723 681 in
1747 660 1796 682 as-

1017 705 1198 744 sumptione
1211 704 1369 741 omnimn,
1380 704 1555 735 ostenditur
1571 705 1724 735 maxima.
1737 704 1798 735 Sed

1018 759 1161 788 maxima
1182 757 1398 788 misericordia
1413 757 1465 788 Dei
1481 759 1607 788 ostensa
1620 758 1679 788 fuit
1695 758 1728 788 in
1747 767 1796 787 as-

1018 812 1199 851 sumptione
1229 813 1411 841 nostrarum
1439 810 1665 841 infirmitatum
1693 814 1723 841 et
1748 811 1798 841 de-

1018 865 1160 896 fectuum
1174 876 1180 895 :
1195 874 1274 903 ergo
1291 864 1418 895 videtur
1433 864 1518 904 quod
1534 864 1675 895 Christus
1688 873 1800 895 omnes

1020 918 1158 949 defectus
1173 921 1296 949 nostros
1309 917 1419 949 debuit
1433 926 1606 948 assumere.

1061 975 1090 1003 4.
1110 973 1187 1003 Item
1203 973 1236 1003 in
1251 974 1434 1003 nostrorum
1450 971 1631 1002 defectuum
1650 980 1799 1011 assump-

1022 1026 1106 1056 tione
1128 1026 1186 1057 fuit
1201 1025 1380 1056 humiliatio
1399 1036 1404 1055 ε
1422 1025 1475 1055 sed
1492 1026 1620 1056 tantum
1635 1034 1667 1055 se
1690 1025 1801 1055 humi-

1021 1080 1129 1117 liavit,
1148 1081 1304 1119 quantum
1325 1079 1444 1118 potuit,
1462 1079 1638 1109 secundum
1657 1079 1742 1118 quod
1757 1078 1802 1108 di-

1022 1133 1063 1163 cit
1088 1133 1269 1163 Bernardus
1296 1142 1303 1162 :
1331 1144 1345 1161 «
1372 1132 1536 1162 Descendit
1558 1134 1716 1171 quantum
1735 1132 1803 1162 des-

1023 1187 1156 1217 cendere
1172 1186 1284 1226 potuit.
1304 1197 1317 1214 n
1334 1185 1366 1216 Si
1379 1194 1459 1224 ergo
1476 1186 1578 1225 maj0r
1593 1188 1639 1215 est
1654 1185 1804 1216 humilia-

1023 1240 1067 1269 tio
1102 1239 1133 1269 in
1171 1239 1387 1278 assumptione
1421 1238 1564 1278 plurium
1598 1239 1779 1269 defectuum
1795 1262 1802 1276 ,

1024 1301 1122 1332 quam
1146 1301 1342 1332 paucorum;
1371 1294 1400 1322 et
1434 1291 1467 1321 in
1495 1292 1711 1332 assumptione
1734 1301 1803 1322 om-

1025 1346 1132 1383 nium,
1165 1354 1263 1384 quam
1295 1345 1509 1384 quorumdam
1524 1356 1531 1383 ;
1561 1345 1687 1376 videtur
1720 1345 1805 1384 quod

1026 1399 1167 1429 Christus
1197 1408 1359 1429 assumere
1388 1398 1534 1429 debuerit
1564 1399 1806 1430 universitatem

1026 1452 1206 1482 defectuum
1226 1454 1421 1482 nostrorum.

1068 1505 1128 1536 Sed
1156 1507 1266 1536 contra
1292 1516 1298 1535 :
1326 1505 1362 1536 In
1387 1504 1477 1535 nobis
1500 1505 1646 1536 videmus
1667 1505 1806 1536 defectus

1029 1560 1266 1596 membrorum,
1283 1560 1313 1588 et
1335 1558 1519 1597 aliquorum
1540 1568 1693 1589 sensuum
1718 1561 1807 1589 exte-

1027 1612 1165 1649 riorum,
1188 1612 1271 1642 sicut
1295 1611 1396 1649 visus,
1422 1613 1453 1641 et
1476 1611 1629 1642 auditus:
1654 1612 1707 1642 sed
1730 1612 1807 1642 tales

1029 1665 1170 1696 Christus
1185 1674 1250 1695 non
1265 1664 1450 1704 assumpsit,
1472 1674 1528 1694 1100
1551 1665 1655 1695 decuit
1673 1674 1747 1695 eum
1761 1674 1808 1695 as-

1027 1727 1155 1749 sumere
1173 1729 1179 1748 :
1203 1727 1281 1757 ergo
1303 1727 1367 1748 non
1389 1717 1496 1748 decuit
1518 1718 1625 1757 ipsum
1646 1727 1808 1749 assumere

1027 1780 1139 1802 omnes
1154 1771 1294 1802 defectus
1308 1773 1433 1801 nostros
1450 1771 1600 1810 poenales.

1070 1824 1164 1862 ltem,
1192 1824 1226 1854 in
1249 1824 1341 1855 nobis
1372 1825 1576 1864 reperiuntur
1599 1824 1808 1863 aegritudines

1029 1877 1211 1916 contrariae,
1228 1877 1308 1908 sicut
1323 1879 1408 1917 patet
1424 1878 1457 1907 in
1472 1878 1630 1915 febribus,
1650 1879 1681 1908 et
1695 1877 1728 1907 in
1741 1878 1809 1908 aliis

1028 1931 1290 1970 infirmitatibus3
1307 1932 1514 1971 reperiuntur
1529 1932 1624 1962 etiam
1641 1931 1809 1970 aegritudi-

1029 1994 1085 2016 nes
1103 1984 1294 2015 incurabiles
1311 1994 1319 2015 :
1337 1993 1415 2024 ergo
1437 1984 1463 2014 si
1478 1985 1636 2015 contraria
1651 1993 1716 2015 non
1734 1994 1808 2024 pos-

1030 2041 1106 2070 sunt
1120 2039 1218 2069 simul
1233 2048 1300 2070 esse
1314 2039 1347 2069 in
1363 2038 1486 2076 eodem,
1502 2038 1629 2069 videtur
1644 2039 1730 2078 quod
1745 2047 1811 2069 om-

1030 2102 1086 2124 nes
1106 2092 1245 2123 defectus
1270 2095 1395 2123 nostros
1416 2092 1556 2132 poenales
1578 2102 1636 2124 nec
1653 2092 1808 2132 potuerit,

1031 2155 1088 2176 nec
1103 2145 1250 2176 debuerit
1266 2145 1362 2176 simul
1378 2155 1550 2177 assumere.

1072 2199 1151 2230 Item
1162 2199 1274 2236 fomes,
1291 2201 1322 2229 et
1336 2199 1477 2239 pronitas
1491 2199 1530 2230 ad
1547 2199 1669 2230 malum
1683 2208 1748 2229 non
1764 2201 1810 2229 est

1031 2254 1143 2294 culpa,
1160 2254 1236 2293 quia
1250 2255 1353 2293 potest
1370 2262 1436 2284 esse
1451 2253 1486 2283 in
1502 2253 1594 2284 nobis
1613 2253 1700 2284 omni
1715 2253 1810 2292 eulpa

1031 2307 1133 2338 deleta
1149 2318 1155 2337 ε
1174 2307 1228 2338 sed
1242 2306 1384 2338 Christus
1400 2306 1496 2337 talem
1512 2306 1670 2337 defectum
1685 2315 1741 2336 1100
1756 2305 1810 2335 lia-

1031 2360 1120 2398 buit,
1146 2369 1205 2391 nec
1228 2360 1346 2391 hahere
1369 2360 1490 2400 potuit,
1518 2360 1594 2400 quia
1618 2369 1682 2390 non
1706 2358 1810 2398 potuit

1032 2423 1160 2454 peccare
1177 2425 1183 2444 :
1201 2423 1280 2453 ergo
1301 2423 1359 2444 nee
1377 2413 1417 2444 ad
1438 2415 1603 2453 peccatum
1621 2412 1810 2452 pronitatem

1031 2468 1148 2499 habere
1165 2477 1172 2498 :
1187 2470 1218 2499 et
1234 2468 1305 2499 ideo
1319 2468 1399 2499 redit
1414 2467 1510 2506 idem,
1528 2467 1612 2507 quod
1629 2466 1728 2506 prius.

1032 2539 1057 2562 p.
1074 2531 1116 2561 111,
1133 2537 1159 2561 q.
1175 2536 1229 2561 ΧΠ,
1248 2532 1295 2555 art.
1311 2532 1340 2561 11;
1352 2533 1377 2554 et
1392 2531 1424 2554 111
1436 2531 1514 2561 Sent.,
1528 2530 1586 2553 dist.
1597 2535 1640 2560 xv,
1649 2536 1673 2560 q.
1688 2535 1703 2560 1,
1720 2530 1766 2553 art.
1779 2530 1809 2559 2;

1033 2571 1057 2593 et
1073 2569 1159 2600 Opusc.
1174 2569 1216 2598 ΙΙΙ,
1232 2575 1254 2592 c.
1273 2568 1526 2599 ccxx1113Richa1·d.‚
1547 2568 1577 2591 ΙΙΙ
1595 2567 1674 2596 Seni„
1690 2567 1747 2591 dist.
1766 2572 1808 2598 xV,

1033 2612 1058 2635 q.
1074 2610 1122 2634 111,
1140 2604 1227 2634 Steph.
1245 2604 1348 2635 Brulef.,
1368 2605 1398 2628 111
1414 2604 1492 2634 Sent.,
1507 2604 1564 2627 dist.
1577 2609 1619 2632 xv,
1636 2609 1659 2633 q.
1673 2609 1728 2627 11—
1739 2604 1747 2617 ⁴
1763 2603 1809 2627 Da-

1033 2646 1177 2669 maseenus,
1191 2639 1221 2663 de
1236 2639 1298 2663 Fide
1310 2639 1419 2669 orthod„
1432 2639 1474 2662 lib.
1495 2640 1536 2669 ΙΙΙ,
1548 2646 1569 2663 e.
1584 2644 1620 2662 w.

1822 1517 1925 1538 Fundam.
