<?xml version="1.0" encoding="UTF-8"?>
<!DOCTYPE html PUBLIC "-//W3C//DTD XHTML 1.0 Transitional//EN"
    "http://www.w3.org/TR/xhtml1/DTD/xhtml1-transitional.dtd">
<html xmlns="http://www.w3.org/1999/xhtml" xml:lang="en" lang="en">
 <head>
  <title>
</title>
<meta http-equiv="Content-Type" content="text/html;charset=utf-8" />
  <meta name='ocr-system' content='tesseract 3.04.00' />
  <meta name='ocr-capabilities' content='ocr_page ocr_carea ocr_par ocr_line ocrx_word'/>
</head>
<body>
  <div class='ocr_page' id='page_1' title='image "./operaomniasixtiv04bonauoft/operaomniasixtiv04bonauoft_0031.png"; bbox 0 0 1997 2986; ppageno 0'>
   <div class='ocr_carea' id='block_1_1' title="bbox 663 189 913 222">
    <p class='ocr_par' dir='ltr' id='par_1_1' title="bbox 663 189 913 222">
     <span class='ocr_line' id='line_1_1' title="bbox 663 189 913 222; baseline -0.008 0"><span class='ocrx_word' id='word_1_1' title='bbox 663 189 759 222; x_wconf 79' lang='lat' dir='ltr'>DlST.</span> <span class='ocrx_word' id='word_1_2' title='bbox 788 190 810 221; x_wconf 94' lang='grc'>1.</span> <span class='ocrx_word' id='word_1_3' title='bbox 835 189 913 221; x_wconf 71' lang='grc' dir='ltr'>ΛΒΤ</span> 
     </span>
    </p>
   </div>
   <div class='ocr_carea' id='block_1_2' title="bbox 132 257 929 2716">
    <p class='ocr_par' dir='ltr' id='par_1_2' title="bbox 132 257 921 2011">
     <span class='ocr_line' id='line_1_2' title="bbox 132 257 910 302; baseline -0.008 -8"><span class='ocrx_word' id='word_1_4' title='bbox 132 271 208 294; x_wconf 91' lang='lat' dir='ltr'>cum</span> <span class='ocrx_word' id='word_1_5' title='bbox 218 269 352 302; x_wconf 88' lang='lat' dir='ltr'>persona</span> <span class='ocrx_word' id='word_1_6' title='bbox 367 259 436 290; x_wconf 86' lang='lat' dir='ltr'><strong>Filii</strong></span> <span class='ocrx_word' id='word_1_7' title='bbox 452 259 505 290; x_wconf 88' lang='lat' dir='ltr'>Dei</span> <span class='ocrx_word' id='word_1_8' title='bbox 520 259 560 290; x_wconf 92' lang='lat' dir='ltr'>sit</span> <span class='ocrx_word' id='word_1_9' title='bbox 577 258 755 300; x_wconf 80' lang='lat' dir='ltr'><strong>hypostasis</strong></span> <span class='ocrx_word' id='word_1_10' title='bbox 769 257 910 289; x_wconf 80' lang='lat' dir='ltr'>intellec-</span> 
     </span>
     <span class='ocr_line' id='line_1_3' title="bbox 133 312 908 354; baseline -0.008 -7"><span class='ocrx_word' id='word_1_11' title='bbox 133 315 241 353; x_wconf 85' lang='lat' dir='ltr'>tualis,</span> <span class='ocrx_word' id='word_1_12' title='bbox 254 317 286 346; x_wconf 85' lang='lat' dir='ltr'>et</span> <span class='ocrx_word' id='word_1_13' title='bbox 299 313 472 354; x_wconf 86' lang='lat' dir='ltr'>spiritualis</span> <span class='ocrx_word' id='word_1_14' title='bbox 483 338 491 350; x_wconf 97' lang='lat'>,</span> <span class='ocrx_word' id='word_1_15' title='bbox 512 315 542 344; x_wconf 88' lang='lat' dir='ltr'>et</span> <span class='ocrx_word' id='word_1_16' title='bbox 567 313 704 344; x_wconf 85' lang='lat' dir='ltr'>increata</span> <span class='ocrx_word' id='word_1_17' title='bbox 718 312 758 343; x_wconf 90' lang='lat' dir='ltr'>ab</span> <span class='ocrx_word' id='word_1_18' title='bbox 773 314 908 350; x_wconf 75' lang='lat' dir='ltr'>aeternn,</span> 
     </span>
     <span class='ocr_line' id='line_1_4' title="bbox 135 367 911 407; baseline -0.005 -6"><span class='ocrx_word' id='word_1_19' title='bbox 135 370 167 401; x_wconf 91' lang='lat' dir='ltr'>in</span> <span class='ocrx_word' id='word_1_20' title='bbox 188 369 277 401; x_wconf 91' lang='lat' dir='ltr'>nullo</span> <span class='ocrx_word' id='word_1_21' title='bbox 301 368 432 407; x_wconf 83' lang='lat' dir='ltr'>derogat</span> <span class='ocrx_word' id='word_1_22' title='bbox 455 368 482 398; x_wconf 91' lang='lat' dir='ltr'>ei</span> <span class='ocrx_word' id='word_1_23' title='bbox 504 368 531 398; x_wconf 91' lang='lat' dir='ltr'>si</span> <span class='ocrx_word' id='word_1_24' title='bbox 553 368 594 398; x_wconf 90' lang='lat' dir='ltr'>sit</span> <span class='ocrx_word' id='word_1_25' title='bbox 614 367 792 407; x_wconf 71' lang='lat' dir='ltr'>hypostasis</span> <span class='ocrx_word' id='word_1_26' title='bbox 814 367 911 397; x_wconf 86' lang='lat' dir='ltr'>ratio-</span> 
     </span>
     <span class='ocr_line' id='line_1_5' title="bbox 134 420 912 460; baseline -0.005 -6"><span class='ocrx_word' id='word_1_27' title='bbox 134 423 215 454; x_wconf 89' lang='lat' dir='ltr'>nalis</span> <span class='ocrx_word' id='word_1_28' title='bbox 231 424 357 454; x_wconf 82' lang='lat' dir='ltr'>naturae</span> <span class='ocrx_word' id='word_1_29' title='bbox 384 424 497 453; x_wconf 62' lang='lat' dir='ltr'>creatae</span> <span class='ocrx_word' id='word_1_30' title='bbox 516 421 548 452; x_wconf 91' lang='lat' dir='ltr'>in</span> <span class='ocrx_word' id='word_1_31' title='bbox 570 423 722 460; x_wconf 87' lang='lat' dir='ltr'>tempore.</span> <span class='ocrx_word' id='word_1_32' title='bbox 747 420 784 451; x_wconf 82' lang='lat' dir='ltr'>Et</span> <span class='ocrx_word' id='word_1_33' title='bbox 801 429 912 460; x_wconf 78' lang='lat' dir='ltr'>quem-</span> 
     </span>
     <span class='ocr_line' id='line_1_6' title="bbox 133 474 912 508; baseline -0.008 0"><span class='ocrx_word' id='word_1_34' title='bbox 133 476 308 508; x_wconf 80' lang='lat' dir='ltr'><strong>admodum</strong></span> <span class='ocrx_word' id='word_1_35' title='bbox 335 475 417 506; x_wconf 84' lang='lat' dir='ltr'>Deus</span> <span class='ocrx_word' id='word_1_36' title='bbox 441 475 479 505; x_wconf 86' lang='lat' dir='ltr'>de</span> <span class='ocrx_word' id='word_1_37' title='bbox 504 483 570 505; x_wconf 91' lang='lat' dir='ltr'>non</span> <span class='ocrx_word' id='word_1_38' title='bbox 594 475 721 504; x_wconf 75' lang='lat' dir='ltr'><strong>creante</strong></span> <span class='ocrx_word' id='word_1_39' title='bbox 742 474 777 503; x_wconf 81' lang='lat' dir='ltr'>fit</span> <span class='ocrx_word' id='word_1_40' title='bbox 801 482 912 503; x_wconf 86' lang='lat' dir='ltr'>creans</span> 
     </span>
     <span class='ocr_line' id='line_1_7' title="bbox 134 526 912 569; baseline -0.006 -8"><span class='ocrx_word' id='word_1_41' title='bbox 134 531 167 561; x_wconf 91' lang='lat' dir='ltr'>in</span> <span class='ocrx_word' id='word_1_42' title='bbox 181 532 254 560; x_wconf 86' lang='lat' dir='ltr'>actu</span> <span class='ocrx_word' id='word_1_43' title='bbox 269 529 389 569; x_wconf 81' lang='lat' dir='ltr'>absque</span> <span class='ocrx_word' id='word_1_44' title='bbox 408 528 458 559; x_wconf 91' lang='lat' dir='ltr'>sui</span> <span class='ocrx_word' id='word_1_45' title='bbox 478 527 584 567; x_wconf 88' lang='lat' dir='ltr'>aliqua</span> <span class='ocrx_word' id='word_1_46' title='bbox 600 526 776 557; x_wconf 72' lang='lat' dir='ltr'>mutatione</span> <span class='ocrx_word' id='word_1_47' title='bbox 793 526 841 556; x_wconf 88' lang='lat' dir='ltr'>vel</span> <span class='ocrx_word' id='word_1_48' title='bbox 858 526 912 557; x_wconf 92' lang='lat' dir='ltr'>in-</span> 
     </span>
     <span class='ocr_line' id='line_1_8' title="bbox 133 579 911 620; baseline -0.004 -6"><span class='ocrx_word' id='word_1_49' title='bbox 133 583 305 615; x_wconf 79' lang='lat' dir='ltr'>novatione</span> <span class='ocrx_word' id='word_1_50' title='bbox 318 606 326 620; x_wconf 94' lang='lat'>,</span> <span class='ocrx_word' id='word_1_51' title='bbox 341 582 394 613; x_wconf 90' lang='lat' dir='ltr'>sed</span> <span class='ocrx_word' id='word_1_52' title='bbox 410 581 514 612; x_wconf 88' lang='lat' dir='ltr'>solum</span> <span class='ocrx_word' id='word_1_53' title='bbox 530 581 609 611; x_wconf 81' lang='lat' dir='ltr'>sacta</span> <span class='ocrx_word' id='word_1_54' title='bbox 625 579 847 611; x_wconf 78' lang='lat' dir='ltr'>immutatione</span> <span class='ocrx_word' id='word_1_55' title='bbox 871 590 911 611; x_wconf 78' lang='lat' dir='ltr'>ex</span> 
     </span>
     <span class='ocr_line' id='line_1_9' title="bbox 135 632 910 678; baseline -0.006 -10"><span class='ocrx_word' id='word_1_56' title='bbox 135 638 223 678; x_wconf 89' lang='lat' dir='ltr'>parte</span> <span class='ocrx_word' id='word_1_57' title='bbox 244 638 364 666; x_wconf 75' lang='lat' dir='ltr'>natm-m</span> <span class='ocrx_word' id='word_1_58' title='bbox 383 636 496 665; x_wconf 60' lang='lat' dir='ltr'>creatae</span> <span class='ocrx_word' id='word_1_59' title='bbox 510 643 518 672; x_wconf 93' lang='lat'>;</span> <span class='ocrx_word' id='word_1_60' title='bbox 534 633 578 664; x_wconf 87' lang='lat' dir='ltr'>sic</span> <span class='ocrx_word' id='word_1_61' title='bbox 594 642 729 674; x_wconf 90' lang='lat' dir='ltr'>persona</span> <span class='ocrx_word' id='word_1_62' title='bbox 745 632 814 663; x_wconf 91' lang='lat' dir='ltr'>Filii</span> <span class='ocrx_word' id='word_1_63' title='bbox 837 633 887 664; x_wconf 81' lang='lat' dir='ltr'>Dei</span> <span class='ocrx_word' id='word_1_64' title='bbox 902 658 910 671; x_wconf 90' lang='lat'>,</span> 
     </span>
     <span class='ocr_line' id='line_1_10' title="bbox 133 687 911 730; baseline -0.005 -9"><span class='ocrx_word' id='word_1_65' title='bbox 133 699 208 730; x_wconf 84' lang='lat' dir='ltr'>quae</span> <span class='ocrx_word' id='word_1_66' title='bbox 225 698 289 720; x_wconf 93' lang='lat' dir='ltr'>non</span> <span class='ocrx_word' id='word_1_67' title='bbox 299 691 366 719; x_wconf 85' lang='lat' dir='ltr'>erat</span> <span class='ocrx_word' id='word_1_68' title='bbox 380 687 559 728; x_wconf 76' lang='lat' dir='ltr'>hypostasis</span> <span class='ocrx_word' id='word_1_69' title='bbox 571 687 722 718; x_wconf 85' lang='lat' dir='ltr'>humanae</span> <span class='ocrx_word' id='word_1_70' title='bbox 735 689 860 718; x_wconf 84' lang='lat' dir='ltr'>naturae</span> <span class='ocrx_word' id='word_1_71' title='bbox 878 688 911 718; x_wconf 93' lang='lat' dir='ltr'>in</span> 
     </span>
     <span class='ocr_line' id='line_1_11' title="bbox 133 740 912 781; baseline -0.004 -7"><span class='ocrx_word' id='word_1_72' title='bbox 133 745 207 774; x_wconf 86' lang='lat' dir='ltr'>actu</span> <span class='ocrx_word' id='word_1_73' title='bbox 218 766 227 781; x_wconf 93' lang='lat'>,</span> <span class='ocrx_word' id='word_1_74' title='bbox 247 742 341 772; x_wconf 89' lang='lat' dir='ltr'>habet</span> <span class='ocrx_word' id='word_1_75' title='bbox 355 742 426 781; x_wconf 87' lang='lat' dir='ltr'>ejus</span> <span class='ocrx_word' id='word_1_76' title='bbox 440 750 507 772; x_wconf 84' lang='lat' dir='ltr'>esse</span> <span class='ocrx_word' id='word_1_77' title='bbox 523 740 703 781; x_wconf 77' lang='lat' dir='ltr'>hypostasis</span> <span class='ocrx_word' id='word_1_78' title='bbox 717 740 836 780; x_wconf 84' lang='lat' dir='ltr'>absque</span> <span class='ocrx_word' id='word_1_79' title='bbox 851 741 912 771; x_wconf 90' lang='lat' dir='ltr'>ali-</span> 
     </span>
     <span class='ocr_line' id='line_1_12' title="bbox 134 794 914 838; baseline -0.004 -10"><span class='ocrx_word' id='word_1_80' title='bbox 134 806 199 838; x_wconf 85' lang='lat' dir='ltr'>qua</span> <span class='ocrx_word' id='word_1_81' title='bbox 228 796 277 828; x_wconf 88' lang='lat' dir='ltr'>sui</span> <span class='ocrx_word' id='word_1_82' title='bbox 307 795 484 827; x_wconf 74' lang='lat' dir='ltr'>mutatione</span> <span class='ocrx_word' id='word_1_83' title='bbox 512 795 562 825; x_wconf 84' lang='lat' dir='ltr'>vel</span> <span class='ocrx_word' id='word_1_84' title='bbox 589 794 792 825; x_wconf 82' lang='lat' dir='ltr'>innovatione</span> <span class='ocrx_word' id='word_1_85' title='bbox 805 818 813 831; x_wconf 92' lang='lat'>,</span> <span class='ocrx_word' id='word_1_86' title='bbox 848 794 914 825; x_wconf 85' lang='lat' dir='ltr'>sola</span> 
     </span>
     <span class='ocr_line' id='line_1_13' title="bbox 134 850 911 889; baseline -0.004 -7"><span class='ocrx_word' id='word_1_87' title='bbox 134 851 215 882; x_wconf 82' lang='lat' dir='ltr'>facta</span> <span class='ocrx_word' id='word_1_88' title='bbox 232 850 408 881; x_wconf 78' lang='lat' dir='ltr'>mutatione</span> <span class='ocrx_word' id='word_1_89' title='bbox 423 858 461 880; x_wconf 86' lang='lat' dir='ltr'>ex</span> <span class='ocrx_word' id='word_1_90' title='bbox 486 851 574 889; x_wconf 88' lang='lat' dir='ltr'>parte</span> <span class='ocrx_word' id='word_1_91' title='bbox 586 851 709 879; x_wconf 66' lang='lat' dir='ltr'>naturae</span> <span class='ocrx_word' id='word_1_92' title='bbox 724 850 911 889; x_wconf 80' lang='lat' dir='ltr'>assumptoe.</span> 
     </span>
     <span class='ocr_line' id='line_1_14' title="bbox 137 902 914 945; baseline -0.004 -9"><span class='ocrx_word' id='word_1_93' title='bbox 137 903 175 936; x_wconf 88' lang='lat' dir='ltr'>Et</span> <span class='ocrx_word' id='word_1_94' title='bbox 187 903 461 945; x_wconf 83' lang='lat' dir='ltr'>quemadmodum</span> <span class='ocrx_word' id='word_1_95' title='bbox 475 903 571 939; x_wconf 81' lang='lat' dir='ltr'>Deus,</span> <span class='ocrx_word' id='word_1_96' title='bbox 588 902 643 943; x_wconf 92' lang='lat' dir='ltr'>qui</span> <span class='ocrx_word' id='word_1_97' title='bbox 658 905 703 933; x_wconf 88' lang='lat' dir='ltr'>est</span> <span class='ocrx_word' id='word_1_98' title='bbox 719 902 750 932; x_wconf 94' lang='lat' dir='ltr'>in</span> <span class='ocrx_word' id='word_1_99' title='bbox 767 905 914 933; x_wconf 88' lang='lat' dir='ltr'>creatura</span> 
     </span>
     <span class='ocr_line' id='line_1_15' title="bbox 135 956 912 998; baseline -0.003 -10"><span class='ocrx_word' id='word_1_100' title='bbox 135 966 193 998; x_wconf 87' lang='lat' dir='ltr'>per</span> <span class='ocrx_word' id='word_1_101' title='bbox 215 957 384 988; x_wconf 67' lang='lat' dir='ltr'>essentiam</span> <span class='ocrx_word' id='word_1_102' title='bbox 399 981 407 993; x_wconf 84' lang='lat'>,</span> <span class='ocrx_word' id='word_1_103' title='bbox 432 957 637 997; x_wconf 65' lang='lat' dir='ltr'>praesentiam</span> <span class='ocrx_word' id='word_1_104' title='bbox 667 958 698 987; x_wconf 87' lang='lat' dir='ltr'>et</span> <span class='ocrx_word' id='word_1_105' title='bbox 720 956 912 996; x_wconf 79' lang='lat' dir='ltr'>potentiam,</span> 
     </span>
     <span class='ocr_line' id='line_1_16' title="bbox 135 1009 914 1050; baseline -0.004 -8"><span class='ocrx_word' id='word_1_106' title='bbox 135 1010 170 1042; x_wconf 87' lang='lat' dir='ltr'>in</span> <span class='ocrx_word' id='word_1_107' title='bbox 194 1009 285 1041; x_wconf 89' lang='lat' dir='ltr'>nullo</span> <span class='ocrx_word' id='word_1_108' title='bbox 305 1009 462 1050; x_wconf 78' lang='lat' dir='ltr'>dependet</span> <span class='ocrx_word' id='word_1_109' title='bbox 484 1009 524 1040; x_wconf 85' lang='lat' dir='ltr'>ab</span> <span class='ocrx_word' id='word_1_110' title='bbox 546 1009 632 1050; x_wconf 88' lang='lat' dir='ltr'>ipsa,</span> <span class='ocrx_word' id='word_1_111' title='bbox 653 1009 706 1040; x_wconf 88' lang='lat' dir='ltr'>sed</span> <span class='ocrx_word' id='word_1_112' title='bbox 736 1009 841 1049; x_wconf 90' lang='lat' dir='ltr'>potius</span> <span class='ocrx_word' id='word_1_113' title='bbox 860 1009 914 1039; x_wconf 87' lang='lat' dir='ltr'>de-</span> 
     </span>
     <span class='ocr_line' id='line_1_17' title="bbox 135 1063 916 1104; baseline -0.001 -10"><span class='ocrx_word' id='word_1_114' title='bbox 135 1063 250 1104; x_wconf 82' lang='lat' dir='ltr'>pendet</span> <span class='ocrx_word' id='word_1_115' title='bbox 272 1063 313 1094; x_wconf 90' lang='lat' dir='ltr'>ab</span> <span class='ocrx_word' id='word_1_116' title='bbox 336 1064 403 1104; x_wconf 82' lang='lat' dir='ltr'>ipso</span> <span class='ocrx_word' id='word_1_117' title='bbox 427 1066 574 1094; x_wconf 85' lang='lat' dir='ltr'>creatura</span> <span class='ocrx_word' id='word_1_118' title='bbox 601 1066 755 1103; x_wconf 80' lang='lat' dir='ltr'>tanquam</span> <span class='ocrx_word' id='word_1_119' title='bbox 780 1072 798 1093; x_wconf 83' lang='lat' dir='ltr'>a</span> <span class='ocrx_word' id='word_1_120' title='bbox 821 1072 916 1094; x_wconf 86' lang='lat' dir='ltr'>causa</span> 
     </span>
     <span class='ocr_line' id='line_1_18' title="bbox 135 1115 915 1154; baseline -0.004 -6"><span class='ocrx_word' id='word_1_121' title='bbox 135 1119 343 1148; x_wconf 82' lang='lat' dir='ltr'>conservante</span> <span class='ocrx_word' id='word_1_122' title='bbox 367 1119 397 1147; x_wconf 85' lang='lat' dir='ltr'>et</span> <span class='ocrx_word' id='word_1_123' title='bbox 416 1118 634 1154; x_wconf 75' lang='lat' dir='ltr'>sustentante3</span> <span class='ocrx_word' id='word_1_124' title='bbox 651 1116 695 1146; x_wconf 83' lang='lat' dir='ltr'>sic</span> <span class='ocrx_word' id='word_1_125' title='bbox 717 1115 818 1153; x_wconf 71' lang='lat' dir='ltr'>Deus,</span> <span class='ocrx_word' id='word_1_126' title='bbox 840 1124 915 1146; x_wconf 85' lang='lat' dir='ltr'>cum</span> 
     </span>
     <span class='ocr_line' id='line_1_19' title="bbox 134 1169 915 1210; baseline -0.004 -8"><span class='ocrx_word' id='word_1_127' title='bbox 134 1173 182 1202; x_wconf 87' lang='lat' dir='ltr'>est</span> <span class='ocrx_word' id='word_1_128' title='bbox 202 1170 235 1201; x_wconf 93' lang='lat' dir='ltr'>in</span> <span class='ocrx_word' id='word_1_129' title='bbox 251 1172 397 1201; x_wconf 89' lang='lat' dir='ltr'>creatura</span> <span class='ocrx_word' id='word_1_130' title='bbox 413 1170 558 1201; x_wconf 87' lang='lat' dir='ltr'>rationali</span> <span class='ocrx_word' id='word_1_131' title='bbox 582 1179 638 1210; x_wconf 89' lang='lat' dir='ltr'>per</span> <span class='ocrx_word' id='word_1_132' title='bbox 653 1169 807 1201; x_wconf 82' lang='lat' dir='ltr'>unionem</span> <span class='ocrx_word' id='word_1_133' title='bbox 821 1193 829 1207; x_wconf 92' lang='lat'>,</span> <span class='ocrx_word' id='word_1_134' title='bbox 851 1178 915 1199; x_wconf 91' lang='lat' dir='ltr'>nou</span> 
     </span>
     <span class='ocr_line' id='line_1_20' title="bbox 135 1223 912 1265; baseline -0.004 -9"><span class='ocrx_word' id='word_1_135' title='bbox 135 1223 293 1265; x_wconf 86' lang='lat' dir='ltr'>dependet</span> <span class='ocrx_word' id='word_1_136' title='bbox 307 1233 348 1255; x_wconf 83' lang='lat' dir='ltr'>ex</span> <span class='ocrx_word' id='word_1_137' title='bbox 365 1224 432 1264; x_wconf 81' lang='lat' dir='ltr'>ipsa</span> <span class='ocrx_word' id='word_1_138' title='bbox 446 1248 453 1261; x_wconf 95' lang='lat'>,</span> <span class='ocrx_word' id='word_1_139' title='bbox 472 1223 525 1254; x_wconf 87' lang='lat' dir='ltr'>sed</span> <span class='ocrx_word' id='word_1_140' title='bbox 540 1223 646 1264; x_wconf 92' lang='lat' dir='ltr'>potius</span> <span class='ocrx_word' id='word_1_141' title='bbox 660 1232 677 1254; x_wconf 88' lang='lat' dir='ltr'>e</span> <span class='ocrx_word' id='word_1_142' title='bbox 689 1232 843 1254; x_wconf 82' lang='lat' dir='ltr'>converso</span> <span class='ocrx_word' id='word_1_143' title='bbox 861 1232 912 1253; x_wconf 86' lang='lat' dir='ltr'>ra-</span> 
     </span>
     <span class='ocr_line' id='line_1_21' title="bbox 135 1276 911 1318; baseline -0.003 -9"><span class='ocrx_word' id='word_1_144' title='bbox 135 1278 261 1310; x_wconf 90' lang='lat' dir='ltr'>tionalis</span> <span class='ocrx_word' id='word_1_145' title='bbox 282 1280 429 1309; x_wconf 87' lang='lat' dir='ltr'>creatura</span> <span class='ocrx_word' id='word_1_146' title='bbox 447 1277 603 1318; x_wconf 83' lang='lat' dir='ltr'>dependet</span> <span class='ocrx_word' id='word_1_147' title='bbox 623 1286 661 1308; x_wconf 84' lang='lat' dir='ltr'>ex</span> <span class='ocrx_word' id='word_1_148' title='bbox 683 1277 844 1317; x_wconf 73' lang='lat' dir='ltr'>hypostasi</span> <span class='ocrx_word' id='word_1_149' title='bbox 865 1276 911 1307; x_wconf 94' lang='lat' dir='ltr'>di-</span> 
     </span>
     <span class='ocr_line' id='line_1_22' title="bbox 136 1331 915 1369; baseline -0.004 -5"><span class='ocrx_word' id='word_1_150' title='bbox 136 1332 230 1369; x_wconf 88' lang='lat' dir='ltr'>vina,</span> <span class='ocrx_word' id='word_1_151' title='bbox 254 1334 284 1363; x_wconf 90' lang='lat' dir='ltr'>et</span> <span class='ocrx_word' id='word_1_152' title='bbox 310 1331 404 1362; x_wconf 86' lang='lat' dir='ltr'>habet</span> <span class='ocrx_word' id='word_1_153' title='bbox 428 1331 651 1362; x_wconf 81' lang='lat' dir='ltr'>sustentincari</span> <span class='ocrx_word' id='word_1_154' title='bbox 677 1331 710 1361; x_wconf 91' lang='lat' dir='ltr'>in</span> <span class='ocrx_word' id='word_1_155' title='bbox 736 1331 808 1369; x_wconf 87' lang='lat' dir='ltr'>illa,</span> <span class='ocrx_word' id='word_1_156' title='bbox 834 1331 915 1362; x_wconf 88' lang='lat' dir='ltr'>sicut</span> 
     </span>
     <span class='ocr_line' id='line_1_23' title="bbox 138 1384 915 1426; baseline -0.003 -9"><span class='ocrx_word' id='word_1_157' title='bbox 138 1388 254 1417; x_wconf 89' lang='lat' dir='ltr'>natura</span> <span class='ocrx_word' id='word_1_158' title='bbox 267 1388 468 1417; x_wconf 85' lang='lat' dir='ltr'>sustentatur</span> <span class='ocrx_word' id='word_1_159' title='bbox 485 1385 518 1416; x_wconf 90' lang='lat' dir='ltr'>in</span> <span class='ocrx_word' id='word_1_160' title='bbox 533 1394 681 1426; x_wconf 90' lang='lat' dir='ltr'>persona.</span> <span class='ocrx_word' id='word_1_161' title='bbox 698 1384 735 1416; x_wconf 88' lang='lat' dir='ltr'>Et</span> <span class='ocrx_word' id='word_1_162' title='bbox 751 1385 796 1416; x_wconf 88' lang='lat' dir='ltr'>sic</span> <span class='ocrx_word' id='word_1_163' title='bbox 810 1387 895 1425; x_wconf 86' lang='lat' dir='ltr'>patet</span> <span class='ocrx_word' id='word_1_164' title='bbox 908 1409 915 1421; x_wconf 81' lang='grc'><em>,</em></span> 
     </span>
     <span class='ocr_line' id='line_1_24' title="bbox 138 1438 917 1480; baseline -0.003 -9"><span class='ocrx_word' id='word_1_165' title='bbox 138 1440 224 1480; x_wconf 88' lang='lat' dir='ltr'>quod</span> <span class='ocrx_word' id='word_1_166' title='bbox 248 1440 325 1471; x_wconf 91' lang='lat' dir='ltr'>unio</span> <span class='ocrx_word' id='word_1_167' title='bbox 346 1439 464 1471; x_wconf 83' lang='lat' dir='ltr'>divinae</span> <span class='ocrx_word' id='word_1_168' title='bbox 480 1442 605 1470; x_wconf 64' lang='lat' dir='ltr'>naturae</span> <span class='ocrx_word' id='word_1_169' title='bbox 620 1447 695 1470; x_wconf 89' lang='lat' dir='ltr'>cum</span> <span class='ocrx_word' id='word_1_170' title='bbox 717 1438 860 1469; x_wconf 88' lang='lat' dir='ltr'>humana</span> <span class='ocrx_word' id='word_1_171' title='bbox 883 1439 917 1469; x_wconf 93' lang='lat' dir='ltr'>in</span> 
     </span>
     <span class='ocr_line' id='line_1_25' title="bbox 140 1493 916 1534; baseline -0.004 -8"><span class='ocrx_word' id='word_1_172' title='bbox 140 1494 229 1526; x_wconf 91' lang='lat' dir='ltr'>nullo</span> <span class='ocrx_word' id='word_1_173' title='bbox 244 1494 379 1534; x_wconf 84' lang='lat' dir='ltr'>derogat</span> <span class='ocrx_word' id='word_1_174' title='bbox 392 1494 549 1525; x_wconf 86' lang='lat' dir='ltr'>nobilitati</span> <span class='ocrx_word' id='word_1_175' title='bbox 566 1493 686 1524; x_wconf 83' lang='lat' dir='ltr'>divinae</span> <span class='ocrx_word' id='word_1_176' title='bbox 699 1503 706 1522; x_wconf 73' lang='grc' dir='ltr'><strong><em>ι</em></strong></span> <span class='ocrx_word' id='word_1_177' title='bbox 719 1497 749 1524; x_wconf 87' lang='lat' dir='ltr'>et</span> <span class='ocrx_word' id='word_1_178' title='bbox 760 1493 830 1524; x_wconf 89' lang='lat' dir='ltr'>ideo</span> <span class='ocrx_word' id='word_1_179' title='bbox 843 1502 916 1524; x_wconf 90' lang='lat' dir='ltr'>cum</span> 
     </span>
     <span class='ocr_line' id='line_1_26' title="bbox 140 1546 916 1586; baseline -0.003 -7"><span class='ocrx_word' id='word_1_180' title='bbox 140 1548 249 1579; x_wconf 83' lang='lat' dir='ltr'>omnia</span> <span class='ocrx_word' id='word_1_181' title='bbox 270 1547 471 1579; x_wconf 87' lang='lat' dir='ltr'>attribuenda</span> <span class='ocrx_word' id='word_1_182' title='bbox 490 1547 554 1577; x_wconf 89' lang='lat' dir='ltr'>sint</span> <span class='ocrx_word' id='word_1_183' title='bbox 577 1546 659 1583; x_wconf 87' lang='lat' dir='ltr'>Deo,</span> <span class='ocrx_word' id='word_1_184' title='bbox 680 1555 754 1586; x_wconf 84' lang='lat' dir='ltr'>quae</span> <span class='ocrx_word' id='word_1_185' title='bbox 775 1555 840 1577; x_wconf 90' lang='lat' dir='ltr'>non</span> <span class='ocrx_word' id='word_1_186' title='bbox 862 1546 916 1577; x_wconf 88' lang='lat' dir='ltr'>de·</span> 
     </span>
     <span class='ocr_line' id='line_1_27' title="bbox 141 1601 917 1643; baseline -0.005 -9"><span class='ocrx_word' id='word_1_187' title='bbox 141 1605 258 1643; x_wconf 85' lang='lat' dir='ltr'>rogant</span> <span class='ocrx_word' id='word_1_188' title='bbox 272 1602 512 1642; x_wconf 63' lang='lat' dir='ltr'>omnipotentiae</span> <span class='ocrx_word' id='word_1_189' title='bbox 528 1603 609 1641; x_wconf 81' lang='lat' dir='ltr'>ejus,</span> <span class='ocrx_word' id='word_1_190' title='bbox 628 1601 846 1632; x_wconf 79' lang='lat' dir='ltr'>indubitanter</span> <span class='ocrx_word' id='word_1_191' title='bbox 861 1610 917 1641; x_wconf 89' lang='lat' dir='ltr'>po-</span> 
     </span>
     <span class='ocr_line' id='line_1_28' title="bbox 141 1654 917 1696; baseline -0.004 -8"><span class='ocrx_word' id='word_1_192' title='bbox 141 1657 284 1688; x_wconf 85' lang='lat' dir='ltr'>nendum</span> <span class='ocrx_word' id='word_1_193' title='bbox 308 1658 354 1688; x_wconf 83' lang='lat' dir='ltr'>est</span> <span class='ocrx_word' id='word_1_194' title='bbox 379 1657 450 1696; x_wconf 85' lang='lat' dir='ltr'>ejus</span> <span class='ocrx_word' id='word_1_195' title='bbox 474 1655 700 1686; x_wconf 86' lang='lat' dir='ltr'>incarnationis</span> <span class='ocrx_word' id='word_1_196' title='bbox 726 1654 917 1695; x_wconf 77' lang='lat' dir='ltr'>mysterium</span> 
     </span>
     <span class='ocr_line' id='line_1_29' title="bbox 140 1708 919 1750; baseline -0.005 -8"><span class='ocrx_word' id='word_1_197' title='bbox 140 1718 208 1741; x_wconf 85' lang='lat' dir='ltr'>esse</span> <span class='ocrx_word' id='word_1_198' title='bbox 231 1709 294 1741; x_wconf 88' lang='lat' dir='ltr'>Deo</span> <span class='ocrx_word' id='word_1_199' title='bbox 311 1709 470 1750; x_wconf 90' lang='lat' dir='ltr'>possibile.</span> <span class='ocrx_word' id='word_1_200' title='bbox 499 1708 632 1748; x_wconf 86' lang='lat' dir='ltr'>Propter</span> <span class='ocrx_word' id='word_1_201' title='bbox 647 1708 731 1748; x_wconf 89' lang='lat' dir='ltr'>quod</span> <span class='ocrx_word' id='word_1_202' title='bbox 751 1708 830 1739; x_wconf 79' lang='lat' dir='ltr'>dixit</span> <span class='ocrx_word' id='word_1_203' title='bbox 853 1709 919 1739; x_wconf 83' lang='lat' dir='ltr'>An-</span> 
     </span>
     <span class='ocr_line' id='line_1_30' title="bbox 141 1761 920 1804; baseline -0.004 -9"><span class='ocrx_word' id='word_1_204' title='bbox 141 1763 234 1804; x_wconf 79' lang='lat' dir='ltr'>gelus</span> <span class='ocrx_word' id='word_1_205' title='bbox 248 1763 286 1794; x_wconf 87' lang='lat' dir='ltr'>ad</span> <span class='ocrx_word' id='word_1_206' title='bbox 303 1762 434 1794; x_wconf 88' lang='lat' dir='ltr'>Mariam</span> <span class='ocrx_word' id='word_1_207' title='bbox 452 1762 485 1793; x_wconf 91' lang='lat' dir='ltr'>in</span> <span class='ocrx_word' id='word_1_208' title='bbox 500 1763 570 1802; x_wconf 80' lang='lat' dir='ltr'>ejus</span> <span class='ocrx_word' id='word_1_209' title='bbox 586 1761 761 1803; x_wconf 89' lang='lat' dir='ltr'>primordio</span> <span class='ocrx_word' id='word_1_210' title='bbox 774 1762 920 1802; x_wconf 87' lang='lat' dir='ltr'>aperiens</span> 
     </span>
     <span class='ocr_line' id='line_1_31' title="bbox 141 1815 919 1857; baseline 0.001 -9"><span class='ocrx_word' id='word_1_211' title='bbox 141 1817 368 1848; x_wconf 87' lang='lat' dir='ltr'>incarnationis</span> <span class='ocrx_word' id='word_1_212' title='bbox 383 1817 573 1857; x_wconf 84' lang='lat' dir='ltr'>mysterium</span> <span class='ocrx_word' id='word_1_213' title='bbox 588 1817 595 1833; x_wconf 84' lang='lat'><strong>¹</strong></span> <span class='ocrx_word' id='word_1_214' title='bbox 611 1827 618 1847; x_wconf 71' lang='grc' dir='ltr'>ι</span> <span class='ocrx_word' id='word_1_215' title='bbox 635 1815 706 1848; x_wconf 85' lang='lat' dir='ltr'>Non</span> <span class='ocrx_word' id='word_1_216' title='bbox 723 1817 786 1848; x_wconf 83' lang='lat' dir='ltr'>erit</span> <span class='ocrx_word' id='word_1_217' title='bbox 800 1817 919 1856; x_wconf 77' lang='lat' dir='ltr'>impos-</span> 
     </span>
     <span class='ocr_line' id='line_1_32' title="bbox 141 1869 921 1911; baseline -0.003 -8"><span class='ocrx_word' id='word_1_218' title='bbox 141 1870 235 1903; x_wconf 79' lang='lat' dir='ltr'>sibile</span> <span class='ocrx_word' id='word_1_219' title='bbox 258 1870 348 1911; x_wconf 81' lang='lat' dir='ltr'>apud</span> <span class='ocrx_word' id='word_1_220' title='bbox 372 1871 468 1902; x_wconf 81' lang='lat' dir='ltr'>Deum</span> <span class='ocrx_word' id='word_1_221' title='bbox 493 1878 582 1902; x_wconf 80' lang='lat' dir='ltr'>omne</span> <span class='ocrx_word' id='word_1_222' title='bbox 611 1869 754 1902; x_wconf 76' lang='lat' dir='ltr'>verbum.</span> <span class='ocrx_word' id='word_1_223' title='bbox 779 1869 868 1901; x_wconf 88' lang='lat' dir='ltr'>Unde</span> <span class='ocrx_word' id='word_1_224' title='bbox 890 1872 921 1901; x_wconf 85' lang='lat' dir='ltr'>et</span> 
     </span>
     <span class='ocr_line' id='line_1_33' title="bbox 142 1924 919 1965; baseline -0.001 -9"><span class='ocrx_word' id='word_1_225' title='bbox 142 1924 351 1956; x_wconf 86' lang='lat' dir='ltr'>concedendae</span> <span class='ocrx_word' id='word_1_226' title='bbox 372 1927 448 1955; x_wconf 87' lang='lat' dir='ltr'>sunt</span> <span class='ocrx_word' id='word_1_227' title='bbox 467 1924 625 1962; x_wconf 90' lang='lat' dir='ltr'>rationes,</span> <span class='ocrx_word' id='word_1_228' title='bbox 647 1933 720 1965; x_wconf 84' lang='lat' dir='ltr'>quae</span> <span class='ocrx_word' id='word_1_229' title='bbox 735 1924 794 1955; x_wconf 92' lang='lat' dir='ltr'>hoc</span> <span class='ocrx_word' id='word_1_230' title='bbox 815 1927 919 1955; x_wconf 89' lang='lat' dir='ltr'>oslen-</span> 
     </span>
     <span class='ocr_line' id='line_1_34' title="bbox 143 1979 235 2011; baseline 0 -1"><span class='ocrx_word' id='word_1_231' title='bbox 143 1979 235 2011; x_wconf 57' lang='lat' dir='ltr'>dunt</span> 
     </span>
    </p>

    <p class='ocr_par' dir='ltr' id='par_1_3' title="bbox 143 2031 929 2663">
     <span class='ocr_line' id='line_1_35' title="bbox 187 2031 922 2072; baseline -0.001 -8"><span class='ocrx_word' id='word_1_232' title='bbox 187 2035 215 2064; x_wconf 83' lang='lat' dir='ltr'>l.</span> <span class='ocrx_word' id='word_1_233' title='bbox 241 2032 289 2064; x_wconf 82' lang='lat' dir='ltr'>Ad</span> <span class='ocrx_word' id='word_1_234' title='bbox 314 2031 391 2063; x_wconf 90' lang='lat' dir='ltr'>illud</span> <span class='ocrx_word' id='word_1_235' title='bbox 412 2040 491 2072; x_wconf 83' lang='lat' dir='ltr'>ergo</span> <span class='ocrx_word' id='word_1_236' title='bbox 514 2031 600 2072; x_wconf 90' lang='lat' dir='ltr'>quod</span> <span class='ocrx_word' id='word_1_237' title='bbox 622 2031 772 2072; x_wconf 89' lang='lat' dir='ltr'>objicitur</span> <span class='ocrx_word' id='word_1_238' title='bbox 789 2032 822 2063; x_wconf 92' lang='lat' dir='ltr'>in</span> <span class='ocrx_word' id='word_1_239' title='bbox 841 2041 922 2063; x_wconf 90' lang='lat' dir='ltr'>con-</span> 
     </span>
     <span class='ocr_line' id='line_1_36' title="bbox 144 2085 920 2127; baseline -0.004 -9"><span class='ocrx_word' id='word_1_240' title='bbox 144 2087 300 2125; x_wconf 88' lang='lat' dir='ltr'>trarium,</span> <span class='ocrx_word' id='word_1_241' title='bbox 330 2086 417 2127; x_wconf 91' lang='lat' dir='ltr'>quod</span> <span class='ocrx_word' id='word_1_242' title='bbox 443 2085 527 2116; x_wconf 89' lang='lat' dir='ltr'>uniri</span> <span class='ocrx_word' id='word_1_243' title='bbox 562 2088 610 2116; x_wconf 86' lang='lat' dir='ltr'>est</span> <span class='ocrx_word' id='word_1_244' title='bbox 638 2085 725 2126; x_wconf 79' lang='lat' dir='ltr'>pati,</span> <span class='ocrx_word' id='word_1_245' title='bbox 751 2085 920 2117; x_wconf 89' lang='lat' dir='ltr'>dicendum</span> 
     </span>
     <span class='ocr_line' id='line_1_37' title="bbox 143 2138 924 2182; baseline -0.001 -10"><span class='ocrx_word' id='word_1_246' title='bbox 143 2140 229 2182; x_wconf 88' lang='lat' dir='ltr'>quod</span> <span class='ocrx_word' id='word_1_247' title='bbox 243 2164 251 2178; x_wconf 93' lang='lat'>,</span> <span class='ocrx_word' id='word_1_248' title='bbox 271 2140 354 2171; x_wconf 86' lang='lat' dir='ltr'>sicut</span> <span class='ocrx_word' id='word_1_249' title='bbox 367 2139 441 2171; x_wconf 90' lang='lat' dir='ltr'>dicit</span> <span class='ocrx_word' id='word_1_250' title='bbox 456 2138 655 2177; x_wconf 82' lang='lat' dir='ltr'>Priscianus,</span> <span class='ocrx_word' id='word_1_251' title='bbox 681 2139 830 2180; x_wconf 82' lang='lat' dir='ltr'>quaedam</span> <span class='ocrx_word' id='word_1_252' title='bbox 847 2142 924 2171; x_wconf 88' lang='lat' dir='ltr'>sunt</span> 
     </span>
     <span class='ocr_line' id='line_1_38' title="bbox 144 2193 922 2235; baseline -0.001 -9"><span class='ocrx_word' id='word_1_253' title='bbox 144 2195 262 2232; x_wconf 83' lang='lat' dir='ltr'>verba,</span> <span class='ocrx_word' id='word_1_254' title='bbox 284 2202 359 2235; x_wconf 89' lang='lat' dir='ltr'>quae</span> <span class='ocrx_word' id='word_1_255' title='bbox 379 2193 413 2224; x_wconf 93' lang='lat' dir='ltr'>in</span> <span class='ocrx_word' id='word_1_256' title='bbox 428 2202 506 2224; x_wconf 84' lang='lat' dir='ltr'>voce</span> <span class='ocrx_word' id='word_1_257' title='bbox 521 2193 623 2224; x_wconf 86' lang='lat' dir='ltr'>activa</span> <span class='ocrx_word' id='word_1_258' title='bbox 645 2193 829 2233; x_wconf 81' lang='lat' dir='ltr'>significant</span> <span class='ocrx_word' id='word_1_259' title='bbox 847 2203 922 2234; x_wconf 87' lang='lat' dir='ltr'>pas-</span> 
     </span>
     <span class='ocr_line' id='line_1_39' title="bbox 143 2247 924 2288; baseline -0.001 -8"><span class='ocrx_word' id='word_1_260' title='bbox 143 2249 289 2286; x_wconf 89' lang='lat' dir='ltr'>sionem;</span> <span class='ocrx_word' id='word_1_261' title='bbox 315 2250 346 2279; x_wconf 87' lang='lat' dir='ltr'>et</span> <span class='ocrx_word' id='word_1_262' title='bbox 375 2247 524 2288; x_wconf 85' lang='lat' dir='ltr'>quaedam</span> <span class='ocrx_word' id='word_1_263' title='bbox 555 2250 629 2278; x_wconf 91' lang='lat' dir='ltr'>sunt</span> <span class='ocrx_word' id='word_1_264' title='bbox 651 2247 765 2286; x_wconf 88' lang='lat' dir='ltr'>verba,</span> <span class='ocrx_word' id='word_1_265' title='bbox 790 2257 864 2288; x_wconf 80' lang='lat' dir='ltr'>quae</span> <span class='ocrx_word' id='word_1_266' title='bbox 890 2248 924 2279; x_wconf 89' lang='lat' dir='ltr'>in</span> 
     </span>
     <span class='ocr_line' id='line_1_40' title="bbox 146 2301 924 2342; baseline -0.003 -8"><span class='ocrx_word' id='word_1_267' title='bbox 146 2311 224 2334; x_wconf 87' lang='lat' dir='ltr'>voce</span> <span class='ocrx_word' id='word_1_268' title='bbox 251 2302 377 2342; x_wconf 82' lang='lat' dir='ltr'>passiva</span> <span class='ocrx_word' id='word_1_269' title='bbox 396 2301 580 2341; x_wconf 82' lang='lat' dir='ltr'>significant</span> <span class='ocrx_word' id='word_1_270' title='bbox 599 2301 756 2332; x_wconf 87' lang='lat' dir='ltr'>actionem</span> <span class='ocrx_word' id='word_1_271' title='bbox 779 2310 785 2331; x_wconf 93' lang='lat'>:</span> <span class='ocrx_word' id='word_1_272' title='bbox 810 2305 841 2333; x_wconf 89' lang='lat' dir='ltr'>et</span> <span class='ocrx_word' id='word_1_273' title='bbox 864 2302 924 2333; x_wconf 78' lang='lat' dir='ltr'>hoc</span> 
     </span>
     <span class='ocr_line' id='line_1_41' title="bbox 148 2354 924 2395; baseline -0.001 -8"><span class='ocrx_word' id='word_1_274' title='bbox 148 2355 243 2387; x_wconf 89' lang='lat' dir='ltr'>modo</span> <span class='ocrx_word' id='word_1_275' title='bbox 265 2354 510 2395; x_wconf 84' lang='lat' dir='ltr'>intelligendum</span> <span class='ocrx_word' id='word_1_276' title='bbox 527 2356 575 2385; x_wconf 82' lang='lat' dir='ltr'>est</span> <span class='ocrx_word' id='word_1_277' title='bbox 587 2379 594 2392; x_wconf 96' lang='lat'>,</span> <span class='ocrx_word' id='word_1_278' title='bbox 619 2364 695 2385; x_wconf 89' lang='lat' dir='ltr'>cum</span> <span class='ocrx_word' id='word_1_279' title='bbox 713 2354 828 2386; x_wconf 88' lang='lat' dir='ltr'>dicitnr</span> <span class='ocrx_word' id='word_1_280' title='bbox 842 2355 924 2386; x_wconf 83' lang='lat' dir='ltr'>divi·</span> 
     </span>
     <span class='ocr_line' id='line_1_42' title="bbox 147 2408 926 2449; baseline -0.001 -9"><span class='ocrx_word' id='word_1_281' title='bbox 147 2417 223 2440; x_wconf 88' lang='lat' dir='ltr'>nam</span> <span class='ocrx_word' id='word_1_282' title='bbox 239 2411 389 2439; x_wconf 88' lang='lat' dir='ltr'>naturam</span> <span class='ocrx_word' id='word_1_283' title='bbox 401 2408 554 2439; x_wconf 86' lang='lat' dir='ltr'>humanae</span> <span class='ocrx_word' id='word_1_284' title='bbox 571 2408 656 2439; x_wconf 90' lang='lat' dir='ltr'>uniri</span> <span class='ocrx_word' id='word_1_285' title='bbox 670 2433 678 2446; x_wconf 96' lang='lat'>‚</span> <span class='ocrx_word' id='word_1_286' title='bbox 695 2417 760 2439; x_wconf 91' lang='lat' dir='ltr'>non</span> <span class='ocrx_word' id='word_1_287' title='bbox 776 2409 861 2449; x_wconf 89' lang='lat' dir='ltr'>qnod</span> <span class='ocrx_word' id='word_1_288' title='bbox 877 2409 926 2440; x_wconf 82' lang='lat' dir='ltr'>‹li-</span> 
     </span>
     <span class='ocr_line' id='line_1_43' title="bbox 149 2462 926 2503; baseline 0 -10"><span class='ocrx_word' id='word_1_289' title='bbox 149 2462 226 2493; x_wconf 86' lang='lat' dir='ltr'>vina</span> <span class='ocrx_word' id='word_1_290' title='bbox 240 2463 356 2493; x_wconf 87' lang='lat' dir='ltr'>natura</span> <span class='ocrx_word' id='word_1_291' title='bbox 371 2462 492 2502; x_wconf 89' lang='lat' dir='ltr'>aliquid</span> <span class='ocrx_word' id='word_1_292' title='bbox 516 2462 654 2502; x_wconf 89' lang='lat' dir='ltr'>patiatur</span> <span class='ocrx_word' id='word_1_293' title='bbox 666 2486 673 2499; x_wconf 88' lang='lat'><strong>‚</strong></span> <span class='ocrx_word' id='word_1_294' title='bbox 690 2462 743 2493; x_wconf 90' lang='lat' dir='ltr'>sed</span> <span class='ocrx_word' id='word_1_295' title='bbox 758 2463 843 2503; x_wconf 87' lang='lat' dir='ltr'>quod</span> <span class='ocrx_word' id='word_1_296' title='bbox 860 2463 926 2503; x_wconf 81' lang='lat' dir='ltr'>ipsa</span> 
     </span>
     <span class='ocr_line' id='line_1_44' title="bbox 149 2515 926 2547; baseline 0.001 -1"><span class='ocrx_word' id='word_1_297' title='bbox 149 2515 261 2547; x_wconf 86' lang='lat' dir='ltr'>divina</span> <span class='ocrx_word' id='word_1_298' title='bbox 272 2518 387 2547; x_wconf 85' lang='lat' dir='ltr'>natura</span> <span class='ocrx_word' id='word_1_299' title='bbox 394 2515 571 2546; x_wconf 87' lang='lat' dir='ltr'>humanam</span> <span class='ocrx_word' id='word_1_300' title='bbox 582 2517 731 2546; x_wconf 89' lang='lat' dir='ltr'>naturam</span> <span class='ocrx_word' id='word_1_301' title='bbox 741 2516 812 2546; x_wconf 91' lang='lat' dir='ltr'>unit</span> <span class='ocrx_word' id='word_1_302' title='bbox 822 2516 882 2546; x_wconf 89' lang='lat' dir='ltr'>sibi</span> <span class='ocrx_word' id='word_1_303' title='bbox 894 2516 926 2547; x_wconf 92' lang='lat' dir='ltr'>in</span> 
     </span>
     <span class='ocr_line' id='line_1_45' title="bbox 150 2568 925 2609; baseline 0 -9"><span class='ocrx_word' id='word_1_304' title='bbox 150 2569 313 2609; x_wconf 81' lang='lat' dir='ltr'>propriam</span> <span class='ocrx_word' id='word_1_305' title='bbox 328 2577 497 2609; x_wconf 85' lang='lat' dir='ltr'>personam</span> <span class='ocrx_word' id='word_1_306' title='bbox 510 2593 518 2607; x_wconf 96' lang='lat'>,</span> <span class='ocrx_word' id='word_1_307' title='bbox 535 2569 602 2599; x_wconf 81' lang='lat' dir='ltr'>sive</span> <span class='ocrx_word' id='word_1_308' title='bbox 616 2568 827 2609; x_wconf 83' lang='lat' dir='ltr'>hypostasim.</span> <span class='ocrx_word' id='word_1_309' title='bbox 850 2568 925 2600; x_wconf 84' lang='lat' dir='ltr'>Pos-</span> 
     </span>
     <span class='ocr_line' id='line_1_46' title="bbox 151 2622 929 2663; baseline 0.003 -10"><span class='ocrx_word' id='word_1_310' title='bbox 151 2623 198 2653; x_wconf 87' lang='lat' dir='ltr'>set</span> <span class='ocrx_word' id='word_1_311' title='bbox 211 2622 307 2654; x_wconf 83' lang='lat' dir='ltr'>etiam</span> <span class='ocrx_word' id='word_1_312' title='bbox 320 2622 411 2654; x_wconf 86' lang='lat' dir='ltr'>aliter</span> <span class='ocrx_word' id='word_1_313' title='bbox 425 2622 498 2660; x_wconf 88' lang='lat' dir='ltr'>dici,</span> <span class='ocrx_word' id='word_1_314' title='bbox 514 2623 600 2663; x_wconf 90' lang='lat' dir='ltr'>quod</span> <span class='ocrx_word' id='word_1_315' title='bbox 620 2623 703 2654; x_wconf 87' lang='lat' dir='ltr'>sicut</span> <span class='ocrx_word' id='word_1_316' title='bbox 721 2632 878 2663; x_wconf 81' lang='lat' dir='ltr'>generare</span> <span class='ocrx_word' id='word_1_317' title='bbox 898 2627 929 2656; x_wconf 92' lang='lat' dir='ltr'>et</span> 
     </span>
    </p>

    <p class='ocr_par' dir='ltr' id='par_1_4' title="bbox 186 2685 589 2716">
     <span class='ocr_line' id='line_1_47' title="bbox 186 2685 589 2716; baseline -0.002 -5"><span class='ocrx_word' id='word_1_318' title='bbox 186 2686 194 2703; x_wconf 91' lang='lat'>¹</span> <span class='ocrx_word' id='word_1_319' title='bbox 209 2685 277 2716; x_wconf 67' lang='lat' dir='ltr'>Luc„</span> <span class='ocrx_word' id='word_1_320' title='bbox 293 2687 316 2716; x_wconf 85' lang='lat' dir='ltr'>l,</span> <span class='ocrx_word' id='word_1_321' title='bbox 333 2686 372 2710; x_wconf 76' lang='lat'>³7.</span> <span class='ocrx_word' id='word_1_322' title='bbox 387 2686 437 2704; x_wconf 72' lang='lat'>—1</span> <span class='ocrx_word' id='word_1_323' title='bbox 450 2685 514 2711; x_wconf 75' lang='lat' dir='ltr'>Dist.</span> <span class='ocrx_word' id='word_1_324' title='bbox 527 2691 589 2710; x_wconf 81' lang='lat' dir='ltr'>xxx.</span> 
     </span>
    </p>
   </div>
   <div class='ocr_carea' id='block_1_3' title="bbox 918 189 1746 227">
    <p class='ocr_par' dir='ltr' id='par_1_5' title="bbox 918 189 1746 227">
     <span class='ocr_line' id='line_1_48' title="bbox 918 189 1746 227; baseline 0 -5"><span class='ocrx_word' id='word_1_325' title='bbox 918 214 925 222; x_wconf 91' lang='lat'><strong>.</strong></span> <span class='ocrx_word' id='word_1_326' title='bbox 951 190 973 221; x_wconf 93' lang='grc'>1.</span> <span class='ocrx_word' id='word_1_327' title='bbox 997 189 1146 227; x_wconf 78' lang='lat' dir='ltr'>QUAEST.</span> <span class='ocrx_word' id='word_1_328' title='bbox 1174 190 1192 220; x_wconf 92' lang='grc'>1.</span> <span class='ocrx_word' id='word_1_329' title='bbox 1727 195 1746 222; x_wconf 76' lang='grc'><strong>9</strong></span> 
     </span>
    </p>
   </div>
   <div class='ocr_carea' id='block_1_4' title="bbox 966 258 1761 2717">
    <p class='ocr_par' dir='ltr' id='par_1_6' title="bbox 966 258 1750 771">
     <span class='ocr_line' id='line_1_49' title="bbox 968 258 1745 298; baseline 0.001 -9"><span class='ocrx_word' id='word_1_330' title='bbox 968 258 1116 298; x_wconf 84' lang='lat' dir='ltr'>generari</span> <span class='ocrx_word' id='word_1_331' title='bbox 1132 267 1198 289; x_wconf 92' lang='lat' dir='ltr'>non</span> <span class='ocrx_word' id='word_1_332' title='bbox 1208 258 1339 298; x_wconf 86' lang='lat' dir='ltr'>signant</span> <span class='ocrx_word' id='word_1_333' title='bbox 1350 258 1382 289; x_wconf 92' lang='lat' dir='ltr'>in</span> <span class='ocrx_word' id='word_1_334' title='bbox 1393 258 1510 289; x_wconf 92' lang='lat' dir='ltr'>divinis</span> <span class='ocrx_word' id='word_1_335' title='bbox 1525 259 1683 290; x_wconf 85' lang='lat' dir='ltr'>actionem</span> <span class='ocrx_word' id='word_1_336' title='bbox 1697 261 1745 291; x_wconf 76' lang='lat' dir='ltr'>vel</span> 
     </span>
     <span class='ocr_line' id='line_1_50' title="bbox 968 311 1747 352; baseline 0.004 -11"><span class='ocrx_word' id='word_1_337' title='bbox 968 311 1146 352; x_wconf 86' lang='lat' dir='ltr'>passionem</span> <span class='ocrx_word' id='word_1_338' title='bbox 1159 336 1167 350; x_wconf 90' lang='lat'>,</span> <span class='ocrx_word' id='word_1_339' title='bbox 1185 311 1238 342; x_wconf 83' lang='lat' dir='ltr'>sed</span> <span class='ocrx_word' id='word_1_340' title='bbox 1257 311 1442 342; x_wconf 83' lang='lat' dir='ltr'>relationem</span> <span class='ocrx_word' id='word_1_341' title='bbox 1462 321 1468 340; x_wconf 90' lang='lat'>:</span> <span class='ocrx_word' id='word_1_342' title='bbox 1486 311 1529 342; x_wconf 82' lang='lat' dir='ltr'>sic.</span> <span class='ocrx_word' id='word_1_343' title='bbox 1546 312 1642 342; x_wconf 83' lang='lat' dir='ltr'>etiam</span> <span class='ocrx_word' id='word_1_344' title='bbox 1656 314 1747 344; x_wconf 77' lang='lat' dir='ltr'>uniri</span> 
     </span>
     <span class='ocr_line' id='line_1_51' title="bbox 967 365 1746 405; baseline 0.001 -10"><span class='ocrx_word' id='word_1_345' title='bbox 967 365 1088 395; x_wconf 79' lang='lat' dir='ltr'>dictum</span> <span class='ocrx_word' id='word_1_346' title='bbox 1103 365 1142 396; x_wconf 91' lang='lat' dir='ltr'>de</span> <span class='ocrx_word' id='word_1_347' title='bbox 1156 365 1266 396; x_wconf 88' lang='lat' dir='ltr'>divina</span> <span class='ocrx_word' id='word_1_348' title='bbox 1283 368 1416 403; x_wconf 86' lang='lat' dir='ltr'>natura,</span> <span class='ocrx_word' id='word_1_349' title='bbox 1439 365 1487 396; x_wconf 75' lang='lat' dir='ltr'>vel</span> <span class='ocrx_word' id='word_1_350' title='bbox 1504 374 1639 405; x_wconf 75' lang='lat' dir='ltr'>persona</span> <span class='ocrx_word' id='word_1_351' title='bbox 1653 389 1660 402; x_wconf 84' lang='lat'>‚</span> <span class='ocrx_word' id='word_1_352' title='bbox 1683 375 1746 396; x_wconf 89' lang='lat' dir='ltr'>non</span> 
     </span>
     <span class='ocr_line' id='line_1_52' title="bbox 966 419 1748 460; baseline 0 -11"><span class='ocrx_word' id='word_1_353' title='bbox 966 419 1042 449; x_wconf 88' lang='lat' dir='ltr'>dicit</span> <span class='ocrx_word' id='word_1_354' title='bbox 1057 420 1214 450; x_wconf 79' lang='lat' dir='ltr'>actionem</span> <span class='ocrx_word' id='word_1_355' title='bbox 1235 419 1394 460; x_wconf 83' lang='lat' dir='ltr'>aliquam,</span> <span class='ocrx_word' id='word_1_356' title='bbox 1416 420 1468 450; x_wconf 88' lang='lat' dir='ltr'>sed</span> <span class='ocrx_word' id='word_1_357' title='bbox 1489 419 1674 450; x_wconf 81' lang='lat' dir='ltr'>relationem</span> <span class='ocrx_word' id='word_1_358' title='bbox 1691 429 1748 459; x_wconf 87' lang='lat' dir='ltr'>po-</span> 
     </span>
     <span class='ocr_line' id='line_1_53' title="bbox 969 472 1749 512; baseline 0.001 -10"><span class='ocrx_word' id='word_1_359' title='bbox 969 472 1053 503; x_wconf 87' lang='lat' dir='ltr'>tius:</span> <span class='ocrx_word' id='word_1_360' title='bbox 1078 482 1153 512; x_wconf 67' lang='lat' dir='ltr'>quae</span> <span class='ocrx_word' id='word_1_361' title='bbox 1176 473 1306 512; x_wconf 86' lang='lat' dir='ltr'>quidem</span> <span class='ocrx_word' id='word_1_362' title='bbox 1331 472 1441 503; x_wconf 84' lang='lat' dir='ltr'>relatio</span> <span class='ocrx_word' id='word_1_363' title='bbox 1465 473 1539 503; x_wconf 67' lang='lat' dir='ltr'>divit</span> <span class='ocrx_word' id='word_1_364' title='bbox 1565 472 1749 512; x_wconf 81' lang='lat' dir='ltr'>dependen-</span> 
     </span>
     <span class='ocr_line' id='line_1_54' title="bbox 968 525 1748 562; baseline 0.001 -7"><span class='ocrx_word' id='word_1_365' title='bbox 968 525 1044 556; x_wconf 91' lang='lat' dir='ltr'>tiam</span> <span class='ocrx_word' id='word_1_366' title='bbox 1065 525 1168 556; x_wconf 89' lang='lat' dir='ltr'>solum</span> <span class='ocrx_word' id='word_1_367' title='bbox 1194 526 1227 556; x_wconf 92' lang='lat' dir='ltr'>in</span> <span class='ocrx_word' id='word_1_368' title='bbox 1251 529 1365 557; x_wconf 88' lang='lat' dir='ltr'>natura</span> <span class='ocrx_word' id='word_1_369' title='bbox 1389 529 1504 562; x_wconf 83' lang='lat' dir='ltr'>creata,</span> <span class='ocrx_word' id='word_1_370' title='bbox 1527 526 1609 557; x_wconf 89' lang='lat' dir='ltr'>sicut</span> <span class='ocrx_word' id='word_1_371' title='bbox 1640 526 1748 557; x_wconf 85' lang='lat' dir='ltr'>haberi</span> 
     </span>
     <span class='ocr_line' id='line_1_55' title="bbox 968 579 1748 619; baseline 0.001 -10"><span class='ocrx_word' id='word_1_372' title='bbox 968 581 1069 619; x_wconf 87' lang='lat' dir='ltr'>potest</span> <span class='ocrx_word' id='word_1_373' title='bbox 1091 589 1131 610; x_wconf 83' lang='lat' dir='ltr'>ex</span> <span class='ocrx_word' id='word_1_374' title='bbox 1154 579 1219 615; x_wconf 85' lang='lat' dir='ltr'>his,</span> <span class='ocrx_word' id='word_1_375' title='bbox 1240 588 1313 619; x_wconf 87' lang='lat' dir='ltr'>qnae</span> <span class='ocrx_word' id='word_1_376' title='bbox 1335 579 1367 609; x_wconf 89' lang='lat' dir='ltr'>in</span> <span class='ocrx_word' id='word_1_377' title='bbox 1395 580 1498 619; x_wconf 88' lang='lat' dir='ltr'>primo</span> <span class='ocrx_word' id='word_1_378' title='bbox 1518 580 1599 610; x_wconf 78' lang='lat' dir='ltr'>libro</span> <span class='ocrx_word' id='word_1_379' title='bbox 1613 581 1623 596; x_wconf 72' lang='lat'>³</span> <span class='ocrx_word' id='word_1_380' title='bbox 1644 579 1748 610; x_wconf 86' lang='lat' dir='ltr'>deter-</span> 
     </span>
     <span class='ocr_line' id='line_1_56' title="bbox 970 632 1748 672; baseline 0 -9"><span class='ocrx_word' id='word_1_381' title='bbox 970 632 1090 663; x_wconf 83' lang='lat' dir='ltr'>minata</span> <span class='ocrx_word' id='word_1_382' title='bbox 1109 635 1203 670; x_wconf 89' lang='lat' dir='ltr'>sunt,</span> <span class='ocrx_word' id='word_1_383' title='bbox 1227 642 1301 663; x_wconf 91' lang='lat' dir='ltr'>cum</span> <span class='ocrx_word' id='word_1_384' title='bbox 1323 633 1481 672; x_wconf 81' lang='lat' dir='ltr'>agebatur</span> <span class='ocrx_word' id='word_1_385' title='bbox 1498 633 1535 663; x_wconf 90' lang='lat' dir='ltr'>de</span> <span class='ocrx_word' id='word_1_386' title='bbox 1557 633 1675 663; x_wconf 81' lang='lat' dir='ltr'>divinis</span> <span class='ocrx_word' id='word_1_387' title='bbox 1691 642 1748 663; x_wconf 88' lang='lat' dir='ltr'>no-</span> 
     </span>
     <span class='ocr_line' id='line_1_57' title="bbox 969 686 1750 727; baseline 0 -11"><span class='ocrx_word' id='word_1_388' title='bbox 969 686 1128 724; x_wconf 84' lang='lat' dir='ltr'>minibus,</span> <span class='ocrx_word' id='word_1_389' title='bbox 1154 696 1228 727; x_wconf 72' lang='lat' dir='ltr'>quze</span> <span class='ocrx_word' id='word_1_390' title='bbox 1242 686 1353 717; x_wconf 86' lang='lat' dir='ltr'>dicunt</span> <span class='ocrx_word' id='word_1_391' title='bbox 1369 689 1547 726; x_wconf 81' lang='lat' dir='ltr'>respectum</span> <span class='ocrx_word' id='word_1_392' title='bbox 1569 686 1606 716; x_wconf 87' lang='lat' dir='ltr'>ad</span> <span class='ocrx_word' id='word_1_393' title='bbox 1624 689 1750 717; x_wconf 86' lang='lat' dir='ltr'>creatu-</span> 
     </span>
     <span class='ocr_line' id='line_1_58' title="bbox 968 749 1050 771; baseline 0.012 -1"><span class='ocrx_word' id='word_1_394' title='bbox 968 749 1050 771; x_wconf 88' lang='lat' dir='ltr'>ram.</span> 
     </span>
    </p>

    <p class='ocr_par' dir='ltr' id='par_1_7' title="bbox 969 792 1754 1576">
     <span class='ocr_line' id='line_1_59' title="bbox 1009 792 1750 833; baseline 0 -9"><span class='ocrx_word' id='word_1_395' title='bbox 1009 795 1039 824; x_wconf 69' lang='lat'>2.</span> <span class='ocrx_word' id='word_1_396' title='bbox 1057 793 1103 824; x_wconf 74' lang='lat' dir='ltr'>Ad</span> <span class='ocrx_word' id='word_1_397' title='bbox 1118 793 1196 824; x_wconf 91' lang='lat' dir='ltr'>illud</span> <span class='ocrx_word' id='word_1_398' title='bbox 1210 793 1295 833; x_wconf 88' lang='lat' dir='ltr'>quod</span> <span class='ocrx_word' id='word_1_399' title='bbox 1311 793 1486 833; x_wconf 83' lang='lat' dir='ltr'>objicitur:</span> <span class='ocrx_word' id='word_1_400' title='bbox 1507 806 1521 822; x_wconf 78' lang='grc' dir='ltr'>α</span> <span class='ocrx_word' id='word_1_401' title='bbox 1533 792 1610 831; x_wconf 79' lang='lat' dir='ltr'>Quae</span> <span class='ocrx_word' id='word_1_402' title='bbox 1627 794 1750 824; x_wconf 91' lang='lat' dir='ltr'>uniun-</span> 
     </span>
     <span class='ocr_line' id='line_1_60' title="bbox 969 847 1749 888; baseline -0.001 -10"><span class='ocrx_word' id='word_1_403' title='bbox 969 849 1037 885; x_wconf 88' lang='lat' dir='ltr'>tur,</span> <span class='ocrx_word' id='word_1_404' title='bbox 1061 850 1319 888; x_wconf 82' lang='lat' dir='ltr'>componuntur;</span> <span class='ocrx_word' id='word_1_405' title='bbox 1349 859 1362 875; x_wconf 77' lang='lat' dir='ltr'>n</span> <span class='ocrx_word' id='word_1_406' title='bbox 1389 847 1559 878; x_wconf 85' lang='lat' dir='ltr'>dicendum</span> <span class='ocrx_word' id='word_1_407' title='bbox 1583 847 1669 887; x_wconf 87' lang='lat' dir='ltr'>quod</span> <span class='ocrx_word' id='word_1_408' title='bbox 1693 848 1749 878; x_wconf 83' lang='lat' dir='ltr'>etsi</span> 
     </span>
     <span class='ocr_line' id='line_1_61' title="bbox 970 901 1750 942; baseline 0.001 -10"><span class='ocrx_word' id='word_1_409' title='bbox 970 901 1096 942; x_wconf 82' lang='lat' dir='ltr'>proprie</span> <span class='ocrx_word' id='word_1_410' title='bbox 1131 901 1304 941; x_wconf 79' lang='lat' dir='ltr'>accipiatur</span> <span class='ocrx_word' id='word_1_411' title='bbox 1341 901 1481 932; x_wconf 90' lang='lat' dir='ltr'>verbum</span> <span class='ocrx_word' id='word_1_412' title='bbox 1521 902 1750 941; x_wconf 76' lang='lat' dir='ltr'>componendi,</span> 
     </span>
     <span class='ocr_line' id='line_1_62' title="bbox 970 955 1750 995; baseline 0 -10"><span class='ocrx_word' id='word_1_413' title='bbox 970 955 1066 986; x_wconf 90' lang='lat' dir='ltr'>etiam</span> <span class='ocrx_word' id='word_1_414' title='bbox 1083 955 1155 995; x_wconf 87' lang='lat' dir='ltr'>plus</span> <span class='ocrx_word' id='word_1_415' title='bbox 1168 957 1216 985; x_wconf 87' lang='lat' dir='ltr'>est</span> <span class='ocrx_word' id='word_1_416' title='bbox 1231 955 1324 992; x_wconf 92' lang='lat' dir='ltr'>unio,</span> <span class='ocrx_word' id='word_1_417' title='bbox 1342 964 1441 994; x_wconf 87' lang='lat' dir='ltr'>quam</span> <span class='ocrx_word' id='word_1_418' title='bbox 1456 955 1655 995; x_wconf 84' lang='lat' dir='ltr'>compositio.</span> <span class='ocrx_word' id='word_1_419' title='bbox 1669 955 1750 985; x_wconf 90' lang='lat' dir='ltr'>Unio</span> 
     </span>
     <span class='ocr_line' id='line_1_63' title="bbox 970 1008 1748 1048; baseline 0.001 -10"><span class='ocrx_word' id='word_1_420' title='bbox 970 1010 1056 1039; x_wconf 86' lang='lat' dir='ltr'>enim</span> <span class='ocrx_word' id='word_1_421' title='bbox 1071 1008 1146 1039; x_wconf 87' lang='lat' dir='ltr'>dicit</span> <span class='ocrx_word' id='word_1_422' title='bbox 1165 1008 1424 1048; x_wconf 81' lang='lat' dir='ltr'>conjunctionem</span> <span class='ocrx_word' id='word_1_423' title='bbox 1439 1008 1578 1039; x_wconf 87' lang='lat' dir='ltr'>duorum</span> <span class='ocrx_word' id='word_1_424' title='bbox 1596 1009 1628 1039; x_wconf 93' lang='lat' dir='ltr'>in</span> <span class='ocrx_word' id='word_1_425' title='bbox 1645 1009 1748 1044; x_wconf 90' lang='lat' dir='ltr'>tertio,</span> 
     </span>
     <span class='ocr_line' id='line_1_64' title="bbox 970 1062 1750 1100; baseline -0.001 -7"><span class='ocrx_word' id='word_1_426' title='bbox 970 1063 1037 1093; x_wconf 80' lang='lat' dir='ltr'>sive</span> <span class='ocrx_word' id='word_1_427' title='bbox 1054 1063 1210 1093; x_wconf 89' lang='lat' dir='ltr'>uniantur</span> <span class='ocrx_word' id='word_1_428' title='bbox 1223 1062 1262 1092; x_wconf 88' lang='lat' dir='ltr'>ad</span> <span class='ocrx_word' id='word_1_429' title='bbox 1279 1062 1539 1092; x_wconf 85' lang='lat' dir='ltr'>constitutionem</span> <span class='ocrx_word' id='word_1_430' title='bbox 1561 1062 1662 1100; x_wconf 82' lang='lat' dir='ltr'>tertii,</span> <span class='ocrx_word' id='word_1_431' title='bbox 1683 1063 1750 1093; x_wconf 80' lang='lat' dir='ltr'>sive</span> 
     </span>
     <span class='ocr_line' id='line_1_65' title="bbox 972 1115 1750 1156; baseline 0 -10"><span class='ocrx_word' id='word_1_432' title='bbox 972 1126 1055 1154; x_wconf 89' lang='lat' dir='ltr'>non;</span> <span class='ocrx_word' id='word_1_433' title='bbox 1079 1115 1266 1156; x_wconf 83' lang='lat' dir='ltr'>compositio</span> <span class='ocrx_word' id='word_1_434' title='bbox 1291 1125 1366 1146; x_wconf 77' lang='lat' dir='ltr'>vero</span> <span class='ocrx_word' id='word_1_435' title='bbox 1390 1115 1465 1146; x_wconf 91' lang='lat' dir='ltr'>dicit</span> <span class='ocrx_word' id='word_1_436' title='bbox 1491 1116 1750 1156; x_wconf 73' lang='lat' dir='ltr'>conjunctionem</span> 
     </span>
     <span class='ocr_line' id='line_1_66' title="bbox 971 1168 1752 1210; baseline 0 -10"><span class='ocrx_word' id='word_1_437' title='bbox 971 1169 1168 1210; x_wconf 88' lang='lat' dir='ltr'>aliquorum,</span> <span class='ocrx_word' id='word_1_438' title='bbox 1186 1169 1229 1199; x_wconf 88' lang='lat' dir='ltr'>ita</span> <span class='ocrx_word' id='word_1_439' title='bbox 1245 1169 1330 1208; x_wconf 88' lang='lat' dir='ltr'>quod</span> <span class='ocrx_word' id='word_1_440' title='bbox 1348 1169 1482 1199; x_wconf 85' lang='lat' dir='ltr'>veniunt</span> <span class='ocrx_word' id='word_1_441' title='bbox 1499 1168 1537 1199; x_wconf 87' lang='lat' dir='ltr'>ad</span> <span class='ocrx_word' id='word_1_442' title='bbox 1554 1169 1752 1200; x_wconf 87' lang='lat' dir='ltr'>constitutio·</span> 
     </span>
     <span class='ocr_line' id='line_1_67' title="bbox 973 1221 1754 1262; baseline -0.001 -9"><span class='ocrx_word' id='word_1_443' title='bbox 973 1232 1046 1253; x_wconf 83' lang='lat' dir='ltr'>nem</span> <span class='ocrx_word' id='word_1_444' title='bbox 1069 1223 1150 1254; x_wconf 88' lang='lat' dir='ltr'>tertii</span> <span class='ocrx_word' id='word_1_445' title='bbox 1173 1225 1227 1254; x_wconf 88' lang='lat' dir='ltr'>:et</span> <span class='ocrx_word' id='word_1_446' title='bbox 1252 1231 1348 1253; x_wconf 89' lang='lat' dir='ltr'>omne</span> <span class='ocrx_word' id='word_1_447' title='bbox 1370 1221 1431 1253; x_wconf 85' lang='lat' dir='ltr'>tale</span> <span class='ocrx_word' id='word_1_448' title='bbox 1458 1222 1566 1262; x_wconf 86' lang='lat' dir='ltr'>aliquo</span> <span class='ocrx_word' id='word_1_449' title='bbox 1589 1221 1685 1252; x_wconf 83' lang='lat' dir='ltr'>modo</span> <span class='ocrx_word' id='word_1_450' title='bbox 1707 1225 1754 1253; x_wconf 89' lang='lat' dir='ltr'>est</span> 
     </span>
     <span class='ocr_line' id='line_1_68' title="bbox 973 1275 1754 1316; baseline -0.001 -9"><span class='ocrx_word' id='word_1_451' title='bbox 973 1276 1134 1307; x_wconf 84' lang='lat' dir='ltr'>materiale</span> <span class='ocrx_word' id='word_1_452' title='bbox 1159 1281 1303 1316; x_wconf 86' lang='lat' dir='ltr'>respectu</span> <span class='ocrx_word' id='word_1_453' title='bbox 1319 1275 1459 1307; x_wconf 88' lang='lat' dir='ltr'>alterius.</span> <span class='ocrx_word' id='word_1_454' title='bbox 1482 1275 1520 1306; x_wconf 86' lang='lat' dir='ltr'>Et</span> <span class='ocrx_word' id='word_1_455' title='bbox 1537 1275 1607 1306; x_wconf 78' lang='lat' dir='ltr'>ideo</span> <span class='ocrx_word' id='word_1_456' title='bbox 1623 1284 1754 1316; x_wconf 89' lang='lat' dir='ltr'>compo-</span> 
     </span>
     <span class='ocr_line' id='line_1_69' title="bbox 972 1329 1753 1370; baseline -0.001 -9"><span class='ocrx_word' id='word_1_457' title='bbox 972 1331 1046 1362; x_wconf 91' lang='lat' dir='ltr'>sitio</span> <span class='ocrx_word' id='word_1_458' title='bbox 1074 1339 1200 1370; x_wconf 84' lang='lat' dir='ltr'>semper</span> <span class='ocrx_word' id='word_1_459' title='bbox 1232 1330 1384 1370; x_wconf 88' lang='lat' dir='ltr'>importat</span> <span class='ocrx_word' id='word_1_460' title='bbox 1416 1329 1692 1370; x_wconf 79' lang='lat' dir='ltr'>imperfectionem</span> <span class='ocrx_word' id='word_1_461' title='bbox 1721 1330 1753 1360; x_wconf 92' lang='lat' dir='ltr'>in</span> 
     </span>
     <span class='ocr_line' id='line_1_70' title="bbox 972 1383 1754 1424; baseline -0.001 -10"><span class='ocrx_word' id='word_1_462' title='bbox 972 1383 1248 1424; x_wconf 87' lang='lat' dir='ltr'>componentibus,</span> <span class='ocrx_word' id='word_1_463' title='bbox 1263 1383 1341 1414; x_wconf 91' lang='lat' dir='ltr'>unio</span> <span class='ocrx_word' id='word_1_464' title='bbox 1355 1392 1431 1414; x_wconf 80' lang='lat' dir='ltr'>vero</span> <span class='ocrx_word' id='word_1_465' title='bbox 1444 1392 1509 1413; x_wconf 91' lang='lat' dir='ltr'>non</span> <span class='ocrx_word' id='word_1_466' title='bbox 1523 1392 1531 1413; x_wconf 89' lang='lat'>:</span> <span class='ocrx_word' id='word_1_467' title='bbox 1546 1385 1575 1414; x_wconf 88' lang='lat' dir='ltr'>et</span> <span class='ocrx_word' id='word_1_468' title='bbox 1587 1386 1754 1423; x_wconf 82' lang='lat' dir='ltr'>propterca</span> 
     </span>
     <span class='ocr_line' id='line_1_71' title="bbox 973 1437 1752 1478; baseline -0.001 -10"><span class='ocrx_word' id='word_1_469' title='bbox 973 1447 1038 1469; x_wconf 92' lang='lat' dir='ltr'>non</span> <span class='ocrx_word' id='word_1_470' title='bbox 1053 1438 1210 1478; x_wconf 84' lang='lat' dir='ltr'>sequitur,</span> <span class='ocrx_word' id='word_1_471' title='bbox 1227 1437 1314 1478; x_wconf 91' lang='lat' dir='ltr'>quod</span> <span class='ocrx_word' id='word_1_472' title='bbox 1328 1437 1354 1467; x_wconf 88' lang='lat' dir='ltr'>si</span> <span class='ocrx_word' id='word_1_473' title='bbox 1369 1437 1478 1468; x_wconf 87' lang='lat' dir='ltr'>divina</span> <span class='ocrx_word' id='word_1_474' title='bbox 1489 1439 1604 1468; x_wconf 85' lang='lat' dir='ltr'>natura</span> <span class='ocrx_word' id='word_1_475' title='bbox 1620 1445 1684 1467; x_wconf 92' lang='lat' dir='ltr'>non</span> <span class='ocrx_word' id='word_1_476' title='bbox 1699 1446 1752 1477; x_wconf 86' lang='lat' dir='ltr'>po-</span> 
     </span>
     <span class='ocr_line' id='line_1_72' title="bbox 973 1490 1752 1532; baseline -0.003 -9"><span class='ocrx_word' id='word_1_477' title='bbox 973 1494 1033 1523; x_wconf 88' lang='lat' dir='ltr'>test</span> <span class='ocrx_word' id='word_1_478' title='bbox 1052 1491 1141 1523; x_wconf 88' lang='lat' dir='ltr'>alteri</span> <span class='ocrx_word' id='word_1_479' title='bbox 1165 1491 1328 1532; x_wconf 88' lang='lat' dir='ltr'>componi,</span> <span class='ocrx_word' id='word_1_480' title='bbox 1349 1491 1434 1531; x_wconf 89' lang='lat' dir='ltr'>quod</span> <span class='ocrx_word' id='word_1_481' title='bbox 1453 1500 1516 1522; x_wconf 90' lang='lat' dir='ltr'>non</span> <span class='ocrx_word' id='word_1_482' title='bbox 1541 1493 1641 1531; x_wconf 86' lang='lat' dir='ltr'>potest</span> <span class='ocrx_word' id='word_1_483' title='bbox 1662 1490 1752 1522; x_wconf 88' lang='lat' dir='ltr'>alteri</span> 
     </span>
     <span class='ocr_line' id='line_1_73' title="bbox 975 1545 1073 1576; baseline -0.01 0"><span class='ocrx_word' id='word_1_484' title='bbox 975 1545 1073 1576; x_wconf 90' lang='lat' dir='ltr'>uniri.</span> 
     </span>
    </p>

    <p class='ocr_par' dir='ltr' id='par_1_8' title="bbox 975 1597 1761 2717">
     <span class='ocr_line' id='line_1_74' title="bbox 1015 1597 1753 1637; baseline 0 -9"><span class='ocrx_word' id='word_1_485' title='bbox 1015 1600 1044 1628; x_wconf 84' lang='lat'>3.</span> <span class='ocrx_word' id='word_1_486' title='bbox 1063 1597 1123 1628; x_wconf 89' lang='lat' dir='ltr'>Sed</span> <span class='ocrx_word' id='word_1_487' title='bbox 1136 1597 1174 1628; x_wconf 87' lang='lat' dir='ltr'>ad</span> <span class='ocrx_word' id='word_1_488' title='bbox 1186 1597 1263 1628; x_wconf 92' lang='lat' dir='ltr'>illud</span> <span class='ocrx_word' id='word_1_489' title='bbox 1279 1597 1364 1637; x_wconf 89' lang='lat' dir='ltr'>quod</span> <span class='ocrx_word' id='word_1_490' title='bbox 1375 1597 1528 1637; x_wconf 86' lang='lat' dir='ltr'>objicitur</span> <span class='ocrx_word' id='word_1_491' title='bbox 1538 1621 1546 1635; x_wconf 88' lang='lat'>,</span> <span class='ocrx_word' id='word_1_492' title='bbox 1560 1597 1645 1637; x_wconf 88' lang='lat' dir='ltr'>quod</span> <span class='ocrx_word' id='word_1_493' title='bbox 1657 1606 1753 1628; x_wconf 88' lang='lat' dir='ltr'>omne</span> 
     </span>
     <span class='ocr_line' id='line_1_75' title="bbox 975 1651 1752 1691; baseline -0.001 -9"><span class='ocrx_word' id='word_1_494' title='bbox 975 1651 1095 1682; x_wconf 86' lang='lat' dir='ltr'>unibile</span> <span class='ocrx_word' id='word_1_495' title='bbox 1115 1661 1178 1682; x_wconf 92' lang='lat' dir='ltr'>non</span> <span class='ocrx_word' id='word_1_496' title='bbox 1201 1651 1329 1682; x_wconf 87' lang='lat' dir='ltr'>unitum</span> <span class='ocrx_word' id='word_1_497' title='bbox 1354 1654 1401 1682; x_wconf 85' lang='lat' dir='ltr'>est</span> <span class='ocrx_word' id='word_1_498' title='bbox 1420 1651 1459 1682; x_wconf 87' lang='lat' dir='ltr'>ad</span> <span class='ocrx_word' id='word_1_499' title='bbox 1481 1651 1752 1691; x_wconf 88' lang='lat' dir='ltr'>complementum</span> 
     </span>
     <span class='ocr_line' id='line_1_76' title="bbox 975 1705 1753 1745; baseline 0 -10"><span class='ocrx_word' id='word_1_500' title='bbox 975 1705 1104 1736; x_wconf 84' lang='lat' dir='ltr'>unionis</span> <span class='ocrx_word' id='word_1_501' title='bbox 1122 1705 1287 1745; x_wconf 88' lang='lat' dir='ltr'>possibile,</span> <span class='ocrx_word' id='word_1_502' title='bbox 1305 1705 1477 1736; x_wconf 86' lang='lat' dir='ltr'>dicendum</span> <span class='ocrx_word' id='word_1_503' title='bbox 1498 1705 1582 1745; x_wconf 87' lang='lat' dir='ltr'>quod</span> <span class='ocrx_word' id='word_1_504' title='bbox 1599 1705 1677 1736; x_wconf 92' lang='lat' dir='ltr'>illud</span> <span class='ocrx_word' id='word_1_505' title='bbox 1697 1714 1753 1735; x_wconf 87' lang='lat' dir='ltr'>ve—</span> 
     </span>
     <span class='ocr_line' id='line_1_77' title="bbox 975 1758 1754 1799; baseline -0.001 -9"><span class='ocrx_word' id='word_1_506' title='bbox 975 1768 1048 1790; x_wconf 91' lang='lat' dir='ltr'>rum</span> <span class='ocrx_word' id='word_1_507' title='bbox 1063 1761 1110 1790; x_wconf 89' lang='lat' dir='ltr'>est</span> <span class='ocrx_word' id='word_1_508' title='bbox 1124 1758 1162 1790; x_wconf 88' lang='lat' dir='ltr'>de</span> <span class='ocrx_word' id='word_1_509' title='bbox 1177 1758 1230 1789; x_wconf 92' lang='lat' dir='ltr'>illo</span> <span class='ocrx_word' id='word_1_510' title='bbox 1256 1758 1370 1789; x_wconf 89' lang='lat' dir='ltr'>unibili</span> <span class='ocrx_word' id='word_1_511' title='bbox 1384 1783 1391 1795; x_wconf 84' lang='lat'>,</span> <span class='ocrx_word' id='word_1_512' title='bbox 1407 1759 1493 1799; x_wconf 86' lang='lat' dir='ltr'>quod</span> <span class='ocrx_word' id='word_1_513' title='bbox 1517 1758 1612 1790; x_wconf 91' lang='lat' dir='ltr'>habet</span> <span class='ocrx_word' id='word_1_514' title='bbox 1624 1758 1754 1798; x_wconf 83' lang='lat' dir='ltr'>perduci</span> 
     </span>
     <span class='ocr_line' id='line_1_78' title="bbox 975 1811 1753 1852; baseline -0.003 -9"><span class='ocrx_word' id='word_1_515' title='bbox 975 1812 1014 1843; x_wconf 90' lang='lat' dir='ltr'>ad</span> <span class='ocrx_word' id='word_1_516' title='bbox 1030 1814 1137 1843; x_wconf 89' lang='lat' dir='ltr'>actum</span> <span class='ocrx_word' id='word_1_517' title='bbox 1153 1811 1284 1842; x_wconf 90' lang='lat' dir='ltr'>unionis</span> <span class='ocrx_word' id='word_1_518' title='bbox 1298 1821 1354 1852; x_wconf 91' lang='lat' dir='ltr'>per</span> <span class='ocrx_word' id='word_1_519' title='bbox 1369 1811 1497 1852; x_wconf 84' lang='lat' dir='ltr'>aliquod</span> <span class='ocrx_word' id='word_1_520' title='bbox 1513 1811 1706 1851; x_wconf 90' lang='lat' dir='ltr'>acquisitum</span> <span class='ocrx_word' id='word_1_521' title='bbox 1722 1811 1753 1842; x_wconf 94' lang='lat' dir='ltr'>in</span> 
     </span>
     <span class='ocr_line' id='line_1_79' title="bbox 977 1865 1753 1906; baseline -0.001 -10"><span class='ocrx_word' id='word_1_522' title='bbox 977 1866 1046 1906; x_wconf 89' lang='lat' dir='ltr'>ipso</span> <span class='ocrx_word' id='word_1_523' title='bbox 1066 1877 1072 1897; x_wconf 83' lang='lat' dir='ltr'>z</span> <span class='ocrx_word' id='word_1_524' title='bbox 1090 1866 1128 1897; x_wconf 90' lang='lat' dir='ltr'>de</span> <span class='ocrx_word' id='word_1_525' title='bbox 1143 1865 1196 1896; x_wconf 90' lang='lat' dir='ltr'>illo</span> <span class='ocrx_word' id='word_1_526' title='bbox 1211 1868 1318 1896; x_wconf 88' lang='lat' dir='ltr'>autem</span> <span class='ocrx_word' id='word_1_527' title='bbox 1339 1865 1425 1906; x_wconf 88' lang='lat' dir='ltr'>quod</span> <span class='ocrx_word' id='word_1_528' title='bbox 1449 1868 1495 1897; x_wconf 90' lang='lat' dir='ltr'>est</span> <span class='ocrx_word' id='word_1_529' title='bbox 1511 1865 1634 1896; x_wconf 87' lang='lat' dir='ltr'>unibile</span> <span class='ocrx_word' id='word_1_530' title='bbox 1648 1865 1753 1896; x_wconf 89' lang='lat' dir='ltr'>solum</span> 
     </span>
     <span class='ocr_line' id='line_1_80' title="bbox 977 1918 1756 1961; baseline -0.003 -10"><span class='ocrx_word' id='word_1_531' title='bbox 977 1929 1033 1961; x_wconf 87' lang='lat' dir='ltr'>per</span> <span class='ocrx_word' id='word_1_532' title='bbox 1056 1919 1142 1951; x_wconf 87' lang='lat' dir='ltr'>aliud</span> <span class='ocrx_word' id='word_1_533' title='bbox 1163 1919 1356 1960; x_wconf 89' lang='lat' dir='ltr'>acquisitum</span> <span class='ocrx_word' id='word_1_534' title='bbox 1376 1919 1408 1950; x_wconf 91' lang='lat' dir='ltr'>in</span> <span class='ocrx_word' id='word_1_535' title='bbox 1433 1919 1551 1955; x_wconf 87' lang='lat' dir='ltr'>altero,</span> <span class='ocrx_word' id='word_1_536' title='bbox 1576 1928 1641 1949; x_wconf 89' lang='lat' dir='ltr'>non</span> <span class='ocrx_word' id='word_1_537' title='bbox 1661 1918 1756 1949; x_wconf 88' lang='lat' dir='ltr'>habet</span> 
     </span>
     <span class='ocr_line' id='line_1_81' title="bbox 978 1972 1756 2005; baseline -0.004 0"><span class='ocrx_word' id='word_1_538' title='bbox 978 1974 1144 2005; x_wconf 80' lang='lat' dir='ltr'>veritatem</span> <span class='ocrx_word' id='word_1_539' title='bbox 1161 1984 1168 2004; x_wconf 76' lang='grc' dir='ltr'>ε</span> <span class='ocrx_word' id='word_1_540' title='bbox 1188 1975 1219 2004; x_wconf 87' lang='lat' dir='ltr'>et</span> <span class='ocrx_word' id='word_1_541' title='bbox 1240 1973 1300 2004; x_wconf 88' lang='lat' dir='ltr'>hoc</span> <span class='ocrx_word' id='word_1_542' title='bbox 1319 1973 1413 2004; x_wconf 91' lang='lat' dir='ltr'>modo</span> <span class='ocrx_word' id='word_1_543' title='bbox 1432 1976 1478 2004; x_wconf 87' lang='lat' dir='ltr'>est</span> <span class='ocrx_word' id='word_1_544' title='bbox 1495 1972 1625 2004; x_wconf 88' lang='lat' dir='ltr'>unibilis</span> <span class='ocrx_word' id='word_1_545' title='bbox 1645 1972 1756 2003; x_wconf 89' lang='lat' dir='ltr'>divina</span> 
     </span>
     <span class='ocr_line' id='line_1_82' title="bbox 977 2026 1755 2067; baseline -0.004 -8"><span class='ocrx_word' id='word_1_546' title='bbox 977 2030 1094 2059; x_wconf 89' lang='lat' dir='ltr'>natura</span> <span class='ocrx_word' id='word_1_547' title='bbox 1119 2027 1274 2058; x_wconf 88' lang='lat' dir='ltr'>humanae</span> <span class='ocrx_word' id='word_1_548' title='bbox 1306 2029 1431 2058; x_wconf 88' lang='lat' dir='ltr'>naturae</span> <span class='ocrx_word' id='word_1_549' title='bbox 1461 2036 1517 2067; x_wconf 90' lang='lat' dir='ltr'>per</span> <span class='ocrx_word' id='word_1_550' title='bbox 1543 2026 1755 2057; x_wconf 87' lang='lat' dir='ltr'>mutationem</span> 
     </span>
     <span class='ocr_line' id='line_1_83' title="bbox 978 2080 1755 2113; baseline -0.005 0"><span class='ocrx_word' id='word_1_551' title='bbox 978 2082 1093 2113; x_wconf 80' lang='lat' dir='ltr'>factam</span> <span class='ocrx_word' id='word_1_552' title='bbox 1110 2081 1142 2112; x_wconf 93' lang='lat' dir='ltr'>in</span> <span class='ocrx_word' id='word_1_553' title='bbox 1163 2083 1310 2112; x_wconf 89' lang='lat' dir='ltr'>creatura</span> <span class='ocrx_word' id='word_1_554' title='bbox 1325 2092 1331 2111; x_wconf 91' lang='lat'>:</span> <span class='ocrx_word' id='word_1_555' title='bbox 1351 2083 1382 2112; x_wconf 87' lang='lat' dir='ltr'>et</span> <span class='ocrx_word' id='word_1_556' title='bbox 1397 2081 1467 2112; x_wconf 89' lang='lat' dir='ltr'>ideo</span> <span class='ocrx_word' id='word_1_557' title='bbox 1489 2090 1531 2111; x_wconf 80' lang='lat' dir='ltr'>ex</span> <span class='ocrx_word' id='word_1_558' title='bbox 1545 2080 1606 2111; x_wconf 91' lang='lat' dir='ltr'>hoc</span> <span class='ocrx_word' id='word_1_559' title='bbox 1620 2088 1685 2111; x_wconf 94' lang='lat' dir='ltr'>non</span> <span class='ocrx_word' id='word_1_560' title='bbox 1702 2088 1755 2110; x_wconf 88' lang='lat' dir='ltr'>se-</span> 
     </span>
     <span class='ocr_line' id='line_1_84' title="bbox 978 2134 1758 2178; baseline -0.005 -10"><span class='ocrx_word' id='word_1_561' title='bbox 978 2137 1089 2178; x_wconf 88' lang='lat' dir='ltr'>quitur</span> <span class='ocrx_word' id='word_1_562' title='bbox 1101 2160 1109 2174; x_wconf 91' lang='lat'>‚</span> <span class='ocrx_word' id='word_1_563' title='bbox 1133 2135 1218 2176; x_wconf 89' lang='lat' dir='ltr'>quod</span> <span class='ocrx_word' id='word_1_564' title='bbox 1237 2135 1345 2176; x_wconf 88' lang='lat' dir='ltr'>aliqua</span> <span class='ocrx_word' id='word_1_565' title='bbox 1363 2135 1403 2166; x_wconf 85' lang='lat' dir='ltr'>sit</span> <span class='ocrx_word' id='word_1_566' title='bbox 1425 2134 1618 2175; x_wconf 88' lang='lat' dir='ltr'>possibilitas</span> <span class='ocrx_word' id='word_1_567' title='bbox 1636 2134 1758 2174; x_wconf 92' lang='lat' dir='ltr'>imper-</span> 
     </span>
     <span class='ocr_line' id='line_1_85' title="bbox 979 2188 1757 2228; baseline -0.005 -6"><span class='ocrx_word' id='word_1_568' title='bbox 979 2190 1140 2228; x_wconf 82' lang='lat' dir='ltr'>fectionis,</span> <span class='ocrx_word' id='word_1_569' title='bbox 1161 2189 1212 2220; x_wconf 88' lang='lat' dir='ltr'>vel</span> <span class='ocrx_word' id='word_1_570' title='bbox 1233 2189 1435 2227; x_wconf 86' lang='lat' dir='ltr'>mutationis,</span> <span class='ocrx_word' id='word_1_571' title='bbox 1453 2189 1486 2219; x_wconf 92' lang='lat' dir='ltr'>in</span> <span class='ocrx_word' id='word_1_572' title='bbox 1502 2188 1561 2219; x_wconf 89' lang='lat' dir='ltr'>hac</span> <span class='ocrx_word' id='word_1_573' title='bbox 1584 2188 1701 2219; x_wconf 88' lang='lat' dir='ltr'>unione</span> <span class='ocrx_word' id='word_1_574' title='bbox 1717 2196 1757 2218; x_wconf 81' lang='lat' dir='ltr'>ex</span> 
     </span>
     <span class='ocr_line' id='line_1_86' title="bbox 980 2241 1757 2286; baseline -0.008 -10"><span class='ocrx_word' id='word_1_575' title='bbox 980 2246 1068 2286; x_wconf 88' lang='lat' dir='ltr'>parte</span> <span class='ocrx_word' id='word_1_576' title='bbox 1092 2243 1212 2275; x_wconf 86' lang='lat' dir='ltr'>divinae</span> <span class='ocrx_word' id='word_1_577' title='bbox 1236 2245 1378 2280; x_wconf 71' lang='lat' dir='ltr'>naturae,</span> <span class='ocrx_word' id='word_1_578' title='bbox 1401 2242 1454 2273; x_wconf 88' lang='lat' dir='ltr'>sed</span> <span class='ocrx_word' id='word_1_579' title='bbox 1476 2241 1581 2272; x_wconf 89' lang='lat' dir='ltr'>solum</span> <span class='ocrx_word' id='word_1_580' title='bbox 1605 2250 1644 2272; x_wconf 84' lang='lat' dir='ltr'>ex</span> <span class='ocrx_word' id='word_1_581' title='bbox 1669 2242 1757 2281; x_wconf 85' lang='lat' dir='ltr'>parte</span> 
     </span>
     <span class='ocr_line' id='line_1_87' title="bbox 981 2293 1758 2335; baseline -0.006 -6"><span class='ocrx_word' id='word_1_582' title='bbox 981 2300 1106 2329; x_wconf 83' lang='lat' dir='ltr'>naturae</span> <span class='ocrx_word' id='word_1_583' title='bbox 1120 2299 1246 2328; x_wconf 78' lang='lat' dir='ltr'>creatae.</span> <span class='ocrx_word' id='word_1_584' title='bbox 1265 2295 1303 2327; x_wconf 91' lang='lat' dir='ltr'>Et</span> <span class='ocrx_word' id='word_1_585' title='bbox 1316 2296 1398 2326; x_wconf 87' lang='lat' dir='ltr'>ratio</span> <span class='ocrx_word' id='word_1_586' title='bbox 1413 2296 1497 2326; x_wconf 90' lang='lat' dir='ltr'>illius</span> <span class='ocrx_word' id='word_1_587' title='bbox 1513 2297 1574 2333; x_wconf 88' lang='lat' dir='ltr'>est,</span> <span class='ocrx_word' id='word_1_588' title='bbox 1589 2295 1666 2335; x_wconf 87' lang='lat' dir='ltr'>quia</span> <span class='ocrx_word' id='word_1_589' title='bbox 1681 2293 1758 2325; x_wconf 89' lang='lat' dir='ltr'>unio</span> 
     </span>
     <span class='ocr_line' id='line_1_88' title="bbox 981 2346 1758 2383; baseline -0.006 0"><span class='ocrx_word' id='word_1_590' title='bbox 981 2352 1057 2383; x_wconf 89' lang='lat' dir='ltr'>dicit</span> <span class='ocrx_word' id='word_1_591' title='bbox 1066 2350 1254 2382; x_wconf 85' lang='lat' dir='ltr'>relationem</span> <span class='ocrx_word' id='word_1_592' title='bbox 1265 2361 1272 2380; x_wconf 74' lang='lat' dir='ltr'>t</span> <span class='ocrx_word' id='word_1_593' title='bbox 1284 2349 1394 2381; x_wconf 87' lang='lat' dir='ltr'>relatio</span> <span class='ocrx_word' id='word_1_594' title='bbox 1405 2358 1482 2381; x_wconf 77' lang='lat' dir='ltr'>vero</span> <span class='ocrx_word' id='word_1_595' title='bbox 1494 2347 1650 2379; x_wconf 87' lang='lat' dir='ltr'>introduci</span> <span class='ocrx_word' id='word_1_596' title='bbox 1663 2346 1758 2378; x_wconf 86' lang='lat' dir='ltr'>habet</span> 
     </span>
     <span class='ocr_line' id='line_1_89' title="bbox 982 2403 1758 2446; baseline -0.008 -8"><span class='ocrx_word' id='word_1_597' title='bbox 982 2408 1014 2438; x_wconf 91' lang='lat' dir='ltr'>in</span> <span class='ocrx_word' id='word_1_598' title='bbox 1034 2416 1100 2438; x_wconf 77' lang='lat' dir='ltr'>esse</span> <span class='ocrx_word' id='word_1_599' title='bbox 1120 2415 1176 2446; x_wconf 89' lang='lat' dir='ltr'>per</span> <span class='ocrx_word' id='word_1_600' title='bbox 1193 2405 1404 2436; x_wconf 89' lang='lat' dir='ltr'>mutationem</span> <span class='ocrx_word' id='word_1_601' title='bbox 1430 2404 1542 2435; x_wconf 72' lang='lat' dir='ltr'>factam</span> <span class='ocrx_word' id='word_1_602' title='bbox 1565 2403 1598 2433; x_wconf 92' lang='lat' dir='ltr'>in</span> <span class='ocrx_word' id='word_1_603' title='bbox 1619 2411 1684 2433; x_wconf 93' lang='lat' dir='ltr'>uno</span> <span class='ocrx_word' id='word_1_604' title='bbox 1699 2411 1758 2433; x_wconf 81' lang='lat' dir='ltr'>ex-</span> 
     </span>
     <span class='ocr_line' id='line_1_90' title="bbox 983 2457 1756 2498; baseline -0.008 -6"><span class='ocrx_word' id='word_1_605' title='bbox 983 2463 1097 2498; x_wconf 85' lang='lat' dir='ltr'>tremo,</span> <span class='ocrx_word' id='word_1_606' title='bbox 1108 2459 1207 2490; x_wconf 88' lang='lat' dir='ltr'>altero</span> <span class='ocrx_word' id='word_1_607' title='bbox 1219 2459 1352 2490; x_wconf 91' lang='lat' dir='ltr'>omnino</span> <span class='ocrx_word' id='word_1_608' title='bbox 1366 2457 1521 2489; x_wconf 80' lang='lat' dir='ltr'>immobili</span> <span class='ocrx_word' id='word_1_609' title='bbox 1536 2459 1756 2497; x_wconf 86' lang='lat' dir='ltr'>permanente;</span> 
     </span>
     <span class='ocr_line' id='line_1_91' title="bbox 983 2512 1761 2555; baseline -0.006 -9"><span class='ocrx_word' id='word_1_610' title='bbox 983 2515 1064 2546; x_wconf 89' lang='lat' dir='ltr'>sicut</span> <span class='ocrx_word' id='word_1_611' title='bbox 1079 2516 1162 2555; x_wconf 89' lang='lat' dir='ltr'>patet</span> <span class='ocrx_word' id='word_1_612' title='bbox 1180 2522 1187 2544; x_wconf 92' lang='lat'><strong>:</strong></span> <span class='ocrx_word' id='word_1_613' title='bbox 1203 2513 1228 2544; x_wconf 90' lang='lat' dir='ltr'>si</span> <span class='ocrx_word' id='word_1_614' title='bbox 1249 2521 1311 2552; x_wconf 83' lang='lat' dir='ltr'>ego</span> <span class='ocrx_word' id='word_1_615' title='bbox 1332 2513 1393 2543; x_wconf 88' lang='lat' dir='ltr'>sim</span> <span class='ocrx_word' id='word_1_616' title='bbox 1409 2512 1515 2549; x_wconf 88' lang='lat' dir='ltr'>albus,</span> <span class='ocrx_word' id='word_1_617' title='bbox 1539 2513 1569 2542; x_wconf 82' lang='lat' dir='ltr'>ct</span> <span class='ocrx_word' id='word_1_618' title='bbox 1587 2513 1761 2551; x_wconf 82' lang='lat' dir='ltr'>generetur</span> 
     </span>
     <span class='ocr_line' id='line_1_92' title="bbox 983 2564 1760 2608; baseline -0.006 -9"><span class='ocrx_word' id='word_1_619' title='bbox 983 2568 1067 2600; x_wconf 89' lang='lat' dir='ltr'>alius</span> <span class='ocrx_word' id='word_1_620' title='bbox 1081 2567 1138 2608; x_wconf 88' lang='lat' dir='ltr'>qui</span> <span class='ocrx_word' id='word_1_621' title='bbox 1161 2567 1200 2598; x_wconf 89' lang='lat' dir='ltr'>sit</span> <span class='ocrx_word' id='word_1_622' title='bbox 1214 2566 1325 2603; x_wconf 90' lang='lat' dir='ltr'>albus,</span> <span class='ocrx_word' id='word_1_623' title='bbox 1342 2566 1448 2597; x_wconf 81' lang='lat' dir='ltr'>statim</span> <span class='ocrx_word' id='word_1_624' title='bbox 1464 2565 1572 2606; x_wconf 88' lang='lat' dir='ltr'>incipit</span> <span class='ocrx_word' id='word_1_625' title='bbox 1593 2564 1673 2595; x_wconf 88' lang='lat' dir='ltr'>mibi</span> <span class='ocrx_word' id='word_1_626' title='bbox 1693 2573 1760 2595; x_wconf 70' lang='lat' dir='ltr'>esse</span> 
     </span>
     <span class='ocr_line' id='line_1_93' title="bbox 985 2617 1760 2655; baseline -0.008 -2"><span class='ocrx_word' id='word_1_627' title='bbox 985 2621 1098 2653; x_wconf 81' lang='lat' dir='ltr'>similis</span> <span class='ocrx_word' id='word_1_628' title='bbox 1115 2620 1203 2651; x_wconf 83' lang='lat' dir='ltr'>nulla</span> <span class='ocrx_word' id='word_1_629' title='bbox 1218 2620 1250 2650; x_wconf 92' lang='lat' dir='ltr'>in</span> <span class='ocrx_word' id='word_1_630' title='bbox 1267 2628 1318 2650; x_wconf 80' lang='lat' dir='ltr'>me</span> <span class='ocrx_word' id='word_1_631' title='bbox 1335 2620 1414 2649; x_wconf 81' lang='lat' dir='ltr'>sacta</span> <span class='ocrx_word' id='word_1_632' title='bbox 1434 2618 1630 2655; x_wconf 75' lang='lat' dir='ltr'>mutatione,</span> <span class='ocrx_word' id='word_1_633' title='bbox 1644 2617 1697 2648; x_wconf 84' lang='lat' dir='ltr'>scd</span> <span class='ocrx_word' id='word_1_634' title='bbox 1713 2625 1760 2647; x_wconf 77' lang='lat' dir='ltr'>se-</span> 
     </span>
     <span class='ocr_line' id='line_1_94' title="bbox 986 2672 1759 2717; baseline -0.008 -8"><span class='ocrx_word' id='word_1_635' title='bbox 986 2679 1055 2709; x_wconf 90' lang='lat' dir='ltr'>lum</span> <span class='ocrx_word' id='word_1_636' title='bbox 1077 2677 1110 2708; x_wconf 93' lang='lat' dir='ltr'>in</span> <span class='ocrx_word' id='word_1_637' title='bbox 1130 2676 1218 2717; x_wconf 74' lang='lat' dir='ltr'>ipso3</span> <span class='ocrx_word' id='word_1_638' title='bbox 1244 2675 1346 2706; x_wconf 80' lang='lat' dir='ltr'>simile</span> <span class='ocrx_word' id='word_1_639' title='bbox 1365 2673 1550 2715; x_wconf 84' lang='lat' dir='ltr'>exemplum</span> <span class='ocrx_word' id='word_1_640' title='bbox 1572 2673 1661 2714; x_wconf 88' lang='lat' dir='ltr'>pouit</span> <span class='ocrx_word' id='word_1_641' title='bbox 1681 2672 1759 2704; x_wconf 65' lang='lat' dir='ltr'>Boe-</span> 
     </span>
    </p>
   </div>
  </div>
 </body>
</html>
