2017 2960
288 193 345 223 586

285 263 329 290 est
346 261 534 300 principium
558 262 700 291 omnium
722 261 857 290 aliorum
880 259 1050 289 bonorum.

287 314 373 344 Unde
389 314 462 353 quia
481 315 511 344 iu
529 315 584 344 lm<-
600 315 746 353 opinione
761 313 972 343 communiter
988 311 1051 341 Ma-

287 367 385 405 gister
408 377 469 397 11011
492 368 676 403 sustinetur,
700 369 729 396 et
754 365 828 395 illud
851 368 897 395 est
920 365 1053 395 verbum

286 429 393 456 suum,
411 420 579 449 auctoritas
597 419 646 448 illa
662 419 785 448 nullum
802 419 896 448 habet
911 418 1020 448 robur.

326 475 354 501 ·.‘.
374 473 415 501 Ad
433 472 507 501 illud
527 472 608 510 quod
630 471 786 509 objicitur,
804 471 886 510 quod
905 479 994 500 amor
1009 472 1055 500 est

287 525 475 564 principium
491 524 636 553 ouuiium
652 524 870 560 att'ectionum,
886 523 1053 553 dicendum

285 577 368 616 quod
386 586 497 606 verum
513 579 558 606 est
573 577 611 607 ‹le
626 586 732 607 amore
748 576 923 606 secuudum
938 578 1053 605 statum

656 631 736 660 sicut
760 639 849 660 amor
878 630 1053 659 secuudum

286 683 553 722 imperfectionem
570 686 668 713 status
683 686 726 713 est
748 684 892 713 onmium
916 683 1053 712 affectio—

287 630 504 669 imperfectum
533 641 539 660 :
568 630 620 659 sed

286 746 364 766 num
381 737 587 776 principium,
604 737 646 766 sic
670 737 844 766 secundum
865 746 955 767 suam
984 746 1053 776 per-

285 790 449 820 fectionem
466 793 511 819 est
526 791 669 820 oninium
686 791 888 820 affectionum
900 790 1055 820 terminus

286 843 387 873 finalis
410 847 437 872 et
461 844 739 882 complementum.
768 843 852 873 Unde
871 852 981 873 omnes
1006 844 1055 872 at'-

286 897 431 926 sectiones
452 897 567 926 animae
589 896 626 926 ad
643 897 672 926 id
692 896 898 934 ordinantur,
917 899 952 926 ut
974 896 1056 926 Deus

285 952 410 980 ametur
425 950 557 988 perfecte
575 961 580 979 z
598 950 733 979 charitas
749 952 855 980 autem
873 959 935 979 uon
952 950 1056 979 uomi-

286 1004 338 1032 nat
359 1002 625 1041 qualemcumque
654 1011 812 1038 amorem,
840 1002 891 1031 sed
914 1011 1054 1032 amorem

284 1056 482 1095 praecipuum
500 1066 505 1085 :
524 1058 553 1085 et
578 1055 645 1084 ideo
660 1064 700 1085 ex
716 1055 775 1085 hoc
792 1064 855 1085 non
870 1057 969 1094 potest
984 1064 1056 1085 con-

285 1108 384 1145 cludi,
412 1109 495 1147 quod
520 1108 653 1138 charitas
677 1109 853 1139 secundum
878 1109 1055 1138 naturalem

285 1161 428 1190 ordinem
446 1161 599 1200 praecedat
614 1161 713 1200 ipsam
730 1171 829 1201 spem.

326 1217 354 1244 3.
376 1214 421 1245 Ad
444 1215 520 1245 illud
548 1216 630 1254 quod
655 1215 814 1254 objicitur,
841 1215 925 1253 quod
949 1214 1056 1244 nullus

286 1270 389 1306 sperat
412 1268 472 1297 nisi
490 1267 572 1307 quod
593 1270 691 1304 amat,
710 1267 878 1297 dicendum
901 1268 983 1306 quod
1002 1277 1055 1298 ve-

287 1330 358 1350 rum
384 1323 448 1357 est;
467 1321 518 1350 sed
541 1323 645 1350 tamen
672 1330 710 1351 ex
732 1321 790 1350 hoc
813 1330 878 1350 uon
901 1321 1054 1359 sequitur,

286 1374 368 1412 quod
384 1383 454 1413 spes
469 1373 651 1404 charitatem
668 1376 833 1413 sequatur,
849 1383 904 1413 pro
920 1383 956 1404 eo
971 1374 1055 1413 quod

286 1427 420 1456 ebaritas
443 1427 535 1457 talem
561 1427 645 1456 addit
669 1427 936 1457 circumstantiam
962 1436 1057 1466 super

286 1490 439 1516 amorem,
455 1490 528 1519 quae
544 1480 719 1510 necessario
731 1480 936 1519 subsequitur
950 1482 1055 1510 actum

286 1533 442 1572 sperandi,
465 1536 494 1563 et
519 1535 588 1572 cjtis
607 1533 846 1569 rectitudinem⁷
865 1533 945 1562 sicut
972 1532 1057 1571 prius

287 1588 404 1616 tactum
436 1589 493 1616 est.
523 1587 600 1616 Cum
632 1586 717 1616 enim
742 1586 859 1625 duplex
889 1586 929 1615 sit
954 1588 1058 1615 motus

286 1635 405 1664 amoris
420 1635 598 1672 charitatis⁷
615 1635 760 1665 videlicet
784 1644 872 1664 amor
895 1635 1054 1672 amicitke,

286 1690 315 1715 et
347 1695 437 1716 amor
472 1687 755 1726 concupiscentiae‚
785 1687 920 1716 charitas
949 1696 1057 1716 amore

287 1741 548 1780 concupiscentiae
571 1740 723 1770 desiderat
747 1740 847 1770 Deum
871 1749 966 1779 super
991 1749 1057 1770 om-

287 1795 356 1831 nia,
381 1803 488 1823 amore
517 1803 591 1824 vero
612 1793 761 1823 amicitiae
786 1793 932 1823 similiter
955 1793 1057 1832 diligit

288 1847 385 1877 Deum
411 1849 538 1886 propter
567 1855 617 1883 se,
643 1849 673 1876 et
703 1855 798 1885 super
820 1846 938 1876 omnia.
972 1846 1056 1876 Unde

288 1900 386 1929 Deum
403 1899 593 1938 concupiscit
608 1899 678 1938 plus
694 1908 791 1938 quam
813 1898 897 1928 aliud
917 1899 1054 1936 honum3

288 1952 349 1982 Deo
364 1953 459 1982 ctiam
481 1952 599 1982 bonum
619 1954 705 1991 optat
725 1952 796 1991 plus
815 1961 910 1991 quam
938 1952 1058 1982 habens

287 2006 473 2036 charitatem
489 2008 573 2045 optet
587 2006 645 2035 sibi
662 2006 732 2045 ipsi.
748 2006 846 2036 Amor
862 2008 968 2036 autem
985 2015 1057 2036 con-

287 2061 488 2100 cupiscentiae
510 2061 587 2091 adeo
614 2061 756 2091 intensus
771 2070 837 2091 esse
860 2071 923 2091 non
944 2064 1054 2101 potest,

286 2114 346 2143 nisi
371 2114 566 2153 praeambula
588 2114 816 2153 expectatione.
834 2114 984 2144 Similiter
999 2124 1057 2145 nec

286 2177 376 2197 amor
401 2167 547 2197 amicitiae
572 2170 673 2206 potest
697 2168 774 2198 adeo
802 2177 869 2197 esse
893 2168 1054 2206 elevatus,

287 2221 344 2250 nisi
363 2221 516 2260 praecedat
532 2220 721 2251 confidentia
741 2230 748 2251 :
766 2221 873 2251 nullus
888 2221 973 2250 enim
988 2221 1057 2251 vult

286 2274 357 2312 plus
379 2274 498 2303 bonum
522 2273 591 2310 alii,
614 2283 709 2312 quam
727 2273 802 2311 sibi,
827 2274 887 2303 nisi
911 2274 944 2304 in
965 2274 1056 2305 illum

287 2326 422 2356 totaliter
437 2326 582 2356 confidat.
601 2325 714 2356 Nullus
735 2327 830 2357 etiam
851 2327 977 2367 aliquod
1000 2328 1057 2358 bo-

286 2389 365 2409 num
380 2389 474 2419 super
488 2380 595 2410 onmia
610 2380 811 2418 coucupiscIt,
829 2380 888 2410 nisi
902 2381 956 2420 qui
972 2390 1004 2412 se
1017 2381 1056 2412 ad

286 2433 363 2462 illud
379 2433 547 2472 aliquando
563 2435 793 2472 perventurum
809 2435 982 2473 praesuinit.

326 2489 356 2516 l.
384 2486 432 2516 Ad
456 2486 533 2516 illud
557 2486 639 2525 quod
665 2486 822 2525 oincitur,
850 2488 933 2526 quod
960 2488 1056 2518 timor

286 2540 489 2579 consequitur
502 2548 654 2577 amorem,
672 2549 750 2578 ergo
765 2542 794 2570 et
809 2550 893 2579 spes,
911 2541 1056 2571 similiter

286 2593 543 2632 respondendum
563 2596 619 2631 est,
645 2593 726 2624 sicut
749 2594 868 2624 dictum
889 2597 946 2632 est,
971 2596 1056 2634 quod

287 2646 357 2676 licet
372 2647 440 2676 haec
454 2646 576 2677 affectio
592 2647 747 2686 praecedat
764 2647 860 2685 illam,
878 2650 985 2678 tamen
998 2648 1054 2679 ha-

844 189 1154 222 SENTENTIARUM
1176 189 1249 220 LlB.
1276 189 1327 220 lll.

1109 257 1194 287 bitus
1218 257 1274 287 iste
1309 257 1342 288 in
1364 260 1597 298 comparatione
1621 260 1659 290 ad
1683 262 1788 291 actum
1812 270 1875 292 non

1108 310 1253 349 praecedit
1276 310 1383 348 istum,
1400 314 1526 350 propter
1540 313 1733 352 praecipuam
1757 315 1873 353 persec-

1109 363 1245 400 tionem,
1275 372 1370 402 quam
1395 363 1530 394 charitas
1555 366 1642 404 ponit
1669 366 1749 396 circa
1770 369 1876 397 actum

1109 416 1272 454 diligendi.
1286 416 1451 453 Praeterea,
1467 426 1540 447 cuin
1555 418 1668 448 dicitur
1684 419 1767 458 quod
1784 420 1877 450 timor

1109 470 1253 509 sequitur
1265 469 1302 499 ad
1321 479 1474 506 amorem,
1489 470 1548 500 hoc
1562 480 1625 500 non
1638 471 1826 510 intelligitur
1840 473 1877 503 de

1110 522 1248 561 quolibet
1279 532 1403 559 amore⁷
1437 523 1490 553 sed
1520 523 1557 553 de
1582 533 1689 554 amore
1720 526 1778 555 sui.
1807 526 1877 557 Ideo

1110 575 1194 605 enim
1231 576 1303 614 quis
1334 576 1423 606 timet
1454 585 1580 615 poenam
1594 601 1601 614 ‚
1635 577 1710 616 quia
1738 578 1878 617 seipsum

1110 630 1192 658 amat
1211 639 1217 658 ε
1240 629 1375 659 charitas
1390 632 1497 659 autem
1513 639 1578 659 non
1604 630 1679 660 dicit
1698 630 1879 670 principali-

1110 684 1156 712 ter
1171 692 1312 713 amorem
1328 684 1375 714 sui
1387 707 1394 720 ,
1411 684 1463 713 sed
1479 693 1621 715 amorem
1638 685 1701 715 Dei.
1724 685 1759 715 Et
1784 695 1877 726 prop-

1109 736 1194 765 terea
1226 744 1289 765 non
1313 735 1457 775 sequitur
1488 736 1571 775 quod
1607 738 1695 767 actus
1722 736 1880 767 charitatis

1110 788 1266 827 praecedat
1289 790 1395 818 actum
1411 788 1532 819 timoris
1549 798 1557 818 ε
1577 798 1634 819 nec
1650 798 1690 819 ex
1706 788 1766 819 hoo
1780 791 1880 829 potest

1110 841 1273 879 concludi,
1300 841 1381 880 quod
1413 841 1557 872 similiter
1590 842 1746 881 praecedat
1774 844 1879 873 actum

1110 895 1188 934 spei.

1152 949 1179 977 5.
1200 948 1246 977 Ad
1264 947 1339 977 illud
1354 947 1436 987 quod
1453 947 1609 986 objicitur,
1624 948 1709 987 quod
1724 948 1811 987 prius
1821 951 1877 987 est,

1110 1009 1128 1029 a
1143 1009 1206 1039 quo
1221 1009 1285 1030 non
1304 1000 1499 1030 convertitur
1516 1001 1757 1040 consequentia,
1774 1001 1881 1031 dicen-

1109 1053 1187 1082 dum
1203 1053 1287 1092 quod
1310 1053 1384 1083 illud
1401 1053 1493 1083 habet
1512 1053 1678 1083 veritatem
1694 1054 1726 1084 in
1741 1054 1790 1085 his
1806 1064 1879 1094 quae

1110 1106 1316 1136 essentialiter
1340 1108 1578 1145 consequuntur
1600 1107 1639 1136 ad
1665 1116 1697 1137 se
1721 1107 1878 1146 invicem;

1111 1161 1145 1190 in
1163 1160 1213 1189 his
1235 1161 1341 1189 autem
1361 1169 1434 1199 quae
1457 1169 1489 1189 se
1509 1160 1646 1190 invicem
1667 1161 1881 1192 concomitan-

1111 1215 1173 1250 tur,
1189 1222 1253 1243 non
1271 1213 1365 1243 habet
1379 1213 1555 1243 veritatem.
1572 1213 1610 1243 Et
1623 1213 1683 1244 hoc
1696 1216 1791 1253 patet,
1808 1215 1883 1254 quia

1111 1266 1272 1304 sequitur,
1300 1266 1324 1294 si
1349 1268 1393 1295 est
1418 1266 1489 1303 nix,
1515 1266 1599 1304 quod
1621 1266 1660 1295 sit
1683 1267 1803 1304 album,
1829 1267 1881 1297 sed

1112 1327 1174 1348 nou
1191 1319 1386 1348 convertitur
1404 1329 1410 1348 2
1429 1320 1459 1348 et
1472 1320 1578 1348 tamen
1593 1318 1703 1349 albedo
1719 1319 1802 1350 nivis
1817 1328 1881 1350 non

1111 1372 1260 1410 praecedit
1275 1372 1373 1410 ipsam
1391 1371 1473 1401 nivis
1490 1372 1708 1402 substantiam.
1726 1372 1882 1408 Quoniam

1112 1433 1189 1462 ergo
1205 1433 1330 1463 sperare
1345 1427 1375 1454 et
1389 1433 1495 1454 amare
1511 1426 1586 1454 sunt
1597 1427 1685 1455 actus
1698 1433 1730 1455 se
1747 1425 1881 1456 invicem

1112 1477 1376 1514 concomitantes3
1396 1478 1476 1515 ideo,
1491 1477 1638 1517 quamvis
1653 1480 1741 1508 actus
1756 1479 1881 1509 amandi

1111 1540 1144 1560 se
1159 1531 1306 1563 extendat
1321 1530 1358 1560 ad
1378 1530 1468 1570 plura
1483 1530 1665 1569 ditigiffllia,
1682 1539 1746 1560 non
1761 1533 1884 1570 oportet

1111 1584 1195 1622 quod
1218 1584 1257 1613 sit
1280 1583 1367 1623 prius
1384 1583 1559 1613 secundum
1581 1583 1724 1614 ordinem
1746 1586 1881 1615 naturae.

1114 1637 1279 1675 Praeterea,
1298 1637 1444 1676 quamvis
1458 1636 1593 1667 charitas
1617 1637 1795 1676 generalior
1812 1637 1849 1667 sit
1865 1647 1884 1668 a

1112 1693 1199 1730 parte
1222 1691 1352 1730 objezcti,
1377 1693 1482 1720 tamen
1503 1699 1573 1729 spes
1596 1690 1775 1729 generalior
1796 1693 1826 1720 et
1849 1691 1883 1720 in

1112 1746 1183 1784 plus
1197 1747 1243 1775 est
1258 1754 1275 1774 a
1291 1747 1378 1784 parte
1393 1744 1536 1783 subjecti.
1549 1743 1658 1774 Omnis
1669 1744 1755 1774 enim
1767 1744 1880 1782 viator,

1112 1799 1166 1837 qui
1182 1798 1276 1828 habet
1291 1798 1476 1827 charitatem
1489 1821 1496 1835 ,
1515 1797 1609 1827 habet
1623 1806 1731 1836 spem;
1750 1796 1802 1826 sed
1818 1805 1882 1826 non

1112 1851 1317 1888 convertitur,
1335 1851 1410 1890 quia
1425 1858 1494 1889 spes
1508 1852 1609 1889 potest
1631 1858 1698 1879 esse
1718 1849 1752 1879 in
1773 1858 1882 1889 pecca-

1112 1906 1178 1934 tore
1195 1913 1200 1932 :
1218 1906 1248 1934 et
1262 1903 1331 1933 idco
1346 1905 1434 1933 actus
1448 1903 1514 1942 spei
1527 1902 1651 1941 origine
1666 1902 1814 1941 praecedit
1827 1911 1882 1932 ac·

1112 1958 1180 1986 tum
1196 1956 1356 1986 charitatis
1370 1958 1513 1995 respectu
1529 1955 1671 1995 subiecti,
1688 1964 1707 1985 a
1721 1963 1785 1994 quo
1799 1957 1883 1986 uter-

1112 2018 1174 2048 que
1189 2011 1276 2039 actus
1292 2009 1389 2039 sumit
1405 2008 1563 2047 originem
1582 2018 1588 2038 :
1606 2010 1637 2038 et
1651 2007 1695 2038 sie
1714 2007 1793 2038 ratio
1818 2016 1882 2038 non

1112 2062 1206 2092 valet.

1152 2118 1182 2144 6.
1208 2114 1255 2145 Ad
1279 2114 1355 2144 illud
1385 2113 1471 2153 quod
1494 2113 1642 2152 objicitur
1672 2113 1709 2143 de
1734 2113 1881 2151 dotibus,

1112 2168 1196 2207 quod
1212 2168 1346 2207 perfecta
1366 2167 1464 2196 tentio
1484 2166 1628 2205 sequitur
1649 2166 1818 2205 perfectam
1834 2166 1881 2197 di-

1112 2221 1278 2251 lectionem
1291 2243 1298 2256 ,
1315 2219 1483 2250 dicendum
1498 2219 1583 2258 quod
1597 2218 1675 2249 illud
1689 2227 1754 2249 non
1766 2220 1812 2249 est
1826 2227 1879 2248 us-

1113 2282 1303 2313 quequaque
1325 2273 1442 2310 simile,
1467 2273 1593 2312 propter
1614 2271 1673 2302 hoc
1694 2271 1779 2311 quod
1796 2271 1883 2301 dotes

1112 2328 1145 2357 in
1166 2328 1266 2367 patria
1286 2328 1380 2357 erunt
1402 2325 1533 2365 aequalis
1552 2324 1767 2364 perfectionis;
1783 2324 1817 2354 in
1831 2324 1884 2354 via

1112 2383 1217 2412 autem
1232 2380 1366 2411 charitas
1382 2379 1512 2419 majoris
1526 2377 1722 2418 perfectionis
1735 2379 1765 2408 et
1780 2377 1884 2416 digni-

1112 2435 1183 2464 tatis
1205 2436 1261 2471 est,
1284 2435 1441 2472 quantum
1466 2433 1512 2462 est
1534 2431 1572 2462 de
1595 2430 1717 2461 ratione
1740 2429 1881 2468 virtutis,

1112 2496 1209 2527 quarn
1234 2487 1273 2516 sit
1298 2487 1367 2526 ipsa
1391 2495 1461 2526 spes
1490 2496 1497 2515 ε
1523 2487 1553 2515 et
1577 2484 1647 2515 ideo
1672 2493 1738 2515 non
1761 2486 1882 2524 oportet

1112 2541 1196 2581 quod
1218 2541 1243 2570 si
1264 2541 1296 2570 in
1311 2540 1363 2570 via
1377 2538 1550 2579 expectatio
1572 2538 1721 2578 praecedit
1741 2537 1880 2568 dilectio-

1112 2603 1185 2625 nem
1200 2594 1405 2633 praecipuam,
1417 2592 1501 2632 quod
1518 2593 1645 2631 propter
1659 2592 1719 2622 hoc
1733 2591 1767 2621 in
1781 2591 1882 2631 patria

1111 2648 1210 2679 tentio
1253 2646 1407 2687 praecedat
1454 2646 1653 2677 dilectionem
1696 2645 1878 2686 perfectam.
