<?xml version="1.0" encoding="UTF-8"?>
<!DOCTYPE html PUBLIC "-//W3C//DTD XHTML 1.0 Transitional//EN"
    "http://www.w3.org/TR/xhtml1/DTD/xhtml1-transitional.dtd">
<html xmlns="http://www.w3.org/1999/xhtml" xml:lang="en" lang="en">
 <head>
  <title>
</title>
<meta http-equiv="Content-Type" content="text/html;charset=utf-8" />
  <meta name='ocr-system' content='tesseract 3.04.00' />
  <meta name='ocr-capabilities' content='ocr_page ocr_carea ocr_par ocr_line ocrx_word'/>
</head>
<body>
  <div class='ocr_page' id='page_1' title='image "./operaomniasixtiv04bonauoft/operaomniasixtiv04bonauoft_0587.png"; bbox 0 0 2017 2960; ppageno 0'>
   <div class='ocr_carea' id='block_1_1' title="bbox 56 1397 163 1510">
    <p class='ocr_par' dir='ltr' id='par_1_1' title="bbox 56 1397 163 1510">
     <span class='ocr_line' id='line_1_1' title="bbox 83 1397 136 1424; baseline -0.019 -6"><span class='ocrx_word' id='word_1_1' title='bbox 83 1397 136 1424; x_wconf 74' lang='lat' dir='ltr'>Spes</span> 
     </span>
     <span class='ocr_line' id='line_1_2' title="bbox 56 1431 163 1454; baseline -0.009 -6"><span class='ocrx_word' id='word_1_2' title='bbox 56 1431 107 1454; x_wconf 74' lang='lat' dir='ltr'>quo!</span> <span class='ocrx_word' id='word_1_3' title='bbox 117 1434 163 1448; x_wconf 84' lang='lat' dir='ltr'>mo—</span> 
     </span>
     <span class='ocr_line' id='line_1_3' title="bbox 71 1459 149 1480; baseline -0.013 0"><span class='ocrx_word' id='word_1_4' title='bbox 71 1459 104 1480; x_wconf 85' lang='lat' dir='ltr'>dis</span> <span class='ocrx_word' id='word_1_5' title='bbox 114 1465 149 1480; x_wconf 79' lang='lat' dir='ltr'>su-</span> 
     </span>
     <span class='ocr_line' id='line_1_4' title="bbox 75 1492 144 1510; baseline 0 0"><span class='ocrx_word' id='word_1_6' title='bbox 75 1492 144 1510; x_wconf 81' lang='lat' dir='ltr'>matur</span> 
     </span>
    </p>
   </div>
   <div class='ocr_carea' id='block_1_2' title="bbox 822 159 1139 192">
    <p class='ocr_par' dir='ltr' id='par_1_2' title="bbox 822 159 1139 192">
     <span class='ocr_line' id='line_1_5' title="bbox 822 159 1139 192; baseline -0.009 0"><span class='ocrx_word' id='word_1_7' title='bbox 822 159 1011 192; x_wconf 89' lang='lat' dir='ltr'>DISTINCT.</span> <span class='ocrx_word' id='word_1_8' title='bbox 1035 159 1139 191; x_wconf 74' lang='lat' dir='ltr'>XXVI.</span> 
     </span>
    </p>
   </div>
   <div class='ocr_carea' id='block_1_3' title="bbox 180 227 958 428">
    <p class='ocr_par' dir='ltr' id='par_1_3' title="bbox 180 227 958 428">
     <span class='ocr_line' id='line_1_6' title="bbox 181 227 956 268; baseline -0.001 -9"><span class='ocrx_word' id='word_1_9' title='bbox 181 228 280 260; x_wconf 84' lang='lat' dir='ltr'>futuri</span> <span class='ocrx_word' id='word_1_10' title='bbox 293 252 300 264; x_wconf 87' lang='lat'>,</span> <span class='ocrx_word' id='word_1_11' title='bbox 317 229 460 268; x_wconf 88' lang='lat' dir='ltr'>respectu</span> <span class='ocrx_word' id='word_1_12' title='bbox 480 227 579 258; x_wconf 81' lang='lat' dir='ltr'>futuri</span> <span class='ocrx_word' id='word_1_13' title='bbox 594 227 687 265; x_wconf 82' lang='lat' dir='ltr'>boni,</span> <span class='ocrx_word' id='word_1_14' title='bbox 702 229 734 258; x_wconf 90' lang='lat' dir='ltr'>et</span> <span class='ocrx_word' id='word_1_15' title='bbox 747 229 891 267; x_wconf 81' lang='lat' dir='ltr'>respectu</span> <span class='ocrx_word' id='word_1_16' title='bbox 905 228 956 258; x_wconf 86' lang='lat' dir='ltr'>fu·</span> 
     </span>
     <span class='ocr_line' id='line_1_7' title="bbox 180 281 957 321; baseline -0.003 -8"><span class='ocrx_word' id='word_1_17' title='bbox 180 283 244 313; x_wconf 92' lang='lat' dir='ltr'>turi</span> <span class='ocrx_word' id='word_1_18' title='bbox 260 282 332 312; x_wconf 89' lang='lat' dir='ltr'>boni</span> <span class='ocrx_word' id='word_1_19' title='bbox 347 281 485 321; x_wconf 84' lang='lat' dir='ltr'>proprii,</span> <span class='ocrx_word' id='word_1_20' title='bbox 502 281 676 312; x_wconf 86' lang='lat' dir='ltr'>secundum</span> <span class='ocrx_word' id='word_1_21' title='bbox 699 281 785 320; x_wconf 89' lang='lat' dir='ltr'>quod</span> <span class='ocrx_word' id='word_1_22' title='bbox 804 281 957 320; x_wconf 75' lang='lat' dir='ltr'>accipitur</span> 
     </span>
     <span class='ocr_line' id='line_1_8' title="bbox 184 334 958 375; baseline -0.003 -10"><span class='ocrx_word' id='word_1_23' title='bbox 184 335 310 375; x_wconf 85' lang='lat' dir='ltr'>proprie</span> <span class='ocrx_word' id='word_1_24' title='bbox 327 343 384 373; x_wconf 88' lang='lat' dir='ltr'>pro</span> <span class='ocrx_word' id='word_1_25' title='bbox 400 334 468 373; x_wconf 82' lang='lat' dir='ltr'>ipsa</span> <span class='ocrx_word' id='word_1_26' title='bbox 483 335 612 365; x_wconf 87' lang='lat' dir='ltr'>virtute.</span> <span class='ocrx_word' id='word_1_27' title='bbox 631 334 782 374; x_wconf 81' lang='lat' dir='ltr'>Respectu</span> <span class='ocrx_word' id='word_1_28' title='bbox 798 334 896 364; x_wconf 78' lang='lat' dir='ltr'>futuri</span> <span class='ocrx_word' id='word_1_29' title='bbox 912 336 958 364; x_wconf 85' lang='lat' dir='ltr'>est</span> 
     </span>
     <span class='ocr_line' id='line_1_9' title="bbox 181 387 954 428; baseline -0.003 -9"><span class='ocrx_word' id='word_1_30' title='bbox 181 388 214 419; x_wconf 87' lang='lat' dir='ltr'>in</span> <span class='ocrx_word' id='word_1_31' title='bbox 227 389 385 428; x_wconf 83' lang='lat' dir='ltr'>quantum</span> <span class='ocrx_word' id='word_1_32' title='bbox 401 387 611 427; x_wconf 74' lang='lat' dir='ltr'>distinguitur</span> <span class='ocrx_word' id='word_1_33' title='bbox 626 397 645 418; x_wconf 87' lang='lat' dir='ltr'>a</span> <span class='ocrx_word' id='word_1_34' title='bbox 660 387 778 426; x_wconf 85' lang='lat' dir='ltr'>gaudio</span> <span class='ocrx_word' id='word_1_35' title='bbox 792 390 823 417; x_wconf 86' lang='lat' dir='ltr'>ct</span> <span class='ocrx_word' id='word_1_36' title='bbox 837 387 954 424; x_wconf 87' lang='lat' dir='ltr'>dolore,</span> 
     </span>
    </p>
   </div>
   <div class='ocr_carea' id='block_1_4' title="bbox 180 440 980 479">
    <p class='ocr_par' dir='ltr' id='par_1_4' title="bbox 180 440 980 479">
     <span class='ocr_line' id='line_1_10' title="bbox 180 440 980 479; baseline -0.001 -9"><span class='ocrx_word' id='word_1_37' title='bbox 180 442 210 470; x_wconf 87' lang='lat' dir='ltr'>et</span> <span class='ocrx_word' id='word_1_38' title='bbox 226 440 375 470; x_wconf 89' lang='lat' dir='ltr'>convenit</span> <span class='ocrx_word' id='word_1_39' title='bbox 397 449 470 471; x_wconf 90' lang='lat' dir='ltr'>cum</span> <span class='ocrx_word' id='word_1_40' title='bbox 493 449 613 477; x_wconf 75' lang='lat' dir='ltr'>amore,</span> <span class='ocrx_word' id='word_1_41' title='bbox 629 440 705 479; x_wconf 83' lang='lat' dir='ltr'>quia</span> <span class='ocrx_word' id='word_1_42' title='bbox 728 440 789 470; x_wconf 77' lang='lat' dir='ltr'>111ae</span> <span class='ocrx_word' id='word_1_43' title='bbox 814 440 886 470; x_wconf 82' lang='lat' dir='ltr'>dnae</span> <span class='ocrx_word' id='word_1_44' title='bbox 907 440 956 469; x_wconf 78' lang='lat' dir='ltr'>af-</span> <span class='ocrx_word' id='word_1_45' title='bbox 978 454 980 456; x_wconf 97' lang='lat'>·</span> 
     </span>
    </p>
   </div>
   <div class='ocr_carea' id='block_1_5' title="bbox 174 493 957 2503">
    <p class='ocr_par' dir='ltr' id='par_1_5' title="bbox 174 493 957 2503">
     <span class='ocr_line' id='line_1_11' title="bbox 181 493 956 533; baseline 0 -9"><span class='ocrx_word' id='word_1_46' title='bbox 181 493 330 524; x_wconf 78' lang='lat' dir='ltr'>sectiones</span> <span class='ocrx_word' id='word_1_47' title='bbox 344 496 420 523; x_wconf 90' lang='lat' dir='ltr'>sunt</span> <span class='ocrx_word' id='word_1_48' title='bbox 434 496 576 533; x_wconf 78' lang='lat' dir='ltr'>respectu</span> <span class='ocrx_word' id='word_1_49' title='bbox 591 493 812 533; x_wconf 57' lang='lat' dir='ltr'>prins-entium,</span> <span class='ocrx_word' id='word_1_50' title='bbox 823 493 875 523; x_wconf 85' lang='lat' dir='ltr'>sed</span> <span class='ocrx_word' id='word_1_51' title='bbox 888 493 956 524; x_wconf 84' lang='lat' dir='ltr'>istae</span> 
     </span>
     <span class='ocr_line' id='line_1_12' title="bbox 180 546 957 586; baseline -0.001 -10"><span class='ocrx_word' id='word_1_52' title='bbox 180 546 253 577; x_wconf 86' lang='lat' dir='ltr'>duae</span> <span class='ocrx_word' id='word_1_53' title='bbox 269 549 413 586; x_wconf 86' lang='lat' dir='ltr'>respectu</span> <span class='ocrx_word' id='word_1_54' title='bbox 432 547 626 577; x_wconf 84' lang='lat' dir='ltr'>futurorum.</span> <span class='ocrx_word' id='word_1_55' title='bbox 644 546 795 585; x_wconf 84' lang='lat' dir='ltr'>Respectu</span> <span class='ocrx_word' id='word_1_56' title='bbox 818 546 892 576; x_wconf 90' lang='lat' dir='ltr'>boui</span> <span class='ocrx_word' id='word_1_57' title='bbox 912 547 957 576; x_wconf 88' lang='lat' dir='ltr'>est</span> 
     </span>
     <span class='ocr_line' id='line_1_13' title="bbox 180 599 957 640; baseline -0.003 -9"><span class='ocrx_word' id='word_1_58' title='bbox 180 600 215 631; x_wconf 87' lang='lat' dir='ltr'>in</span> <span class='ocrx_word' id='word_1_59' title='bbox 229 602 387 640; x_wconf 89' lang='lat' dir='ltr'>quantum</span> <span class='ocrx_word' id='word_1_60' title='bbox 406 600 617 639; x_wconf 66' lang='lat' dir='ltr'>distinguitur</span> <span class='ocrx_word' id='word_1_61' title='bbox 631 609 649 629; x_wconf 87' lang='lat' dir='ltr'>a</span> <span class='ocrx_word' id='word_1_62' title='bbox 670 600 799 638; x_wconf 86' lang='lat' dir='ltr'>timore,</span> <span class='ocrx_word' id='word_1_63' title='bbox 816 600 891 639; x_wconf 69' lang='lat' dir='ltr'>quia</span> <span class='ocrx_word' id='word_1_64' title='bbox 913 599 957 629; x_wconf 89' lang='lat' dir='ltr'>ti·-</span> 
     </span>
     <span class='ocr_line' id='line_1_14' title="bbox 182 653 957 692; baseline -0.001 -8"><span class='ocrx_word' id='word_1_65' title='bbox 182 662 253 684; x_wconf 91' lang='lat' dir='ltr'>mor</span> <span class='ocrx_word' id='word_1_66' title='bbox 274 655 321 684; x_wconf 89' lang='lat' dir='ltr'>est</span> <span class='ocrx_word' id='word_1_67' title='bbox 340 655 486 692; x_wconf 89' lang='lat' dir='ltr'>respectu</span> <span class='ocrx_word' id='word_1_68' title='bbox 509 653 794 690; x_wconf 80' lang='lat' dir='ltr'>disconvenientis;</span> <span class='ocrx_word' id='word_1_69' title='bbox 812 662 882 692; x_wconf 88' lang='lat' dir='ltr'>spes</span> <span class='ocrx_word' id='word_1_70' title='bbox 897 661 957 683; x_wconf 83' lang='lat' dir='ltr'>au-</span> 
     </span>
     <span class='ocr_line' id='line_1_15' title="bbox 182 705 956 747; baseline -0.003 -9"><span class='ocrx_word' id='word_1_71' title='bbox 182 710 246 738; x_wconf 87' lang='lat' dir='ltr'>tem</span> <span class='ocrx_word' id='word_1_72' title='bbox 274 709 419 747; x_wconf 87' lang='lat' dir='ltr'>respectu</span> <span class='ocrx_word' id='word_1_73' title='bbox 447 707 675 737; x_wconf 89' lang='lat' dir='ltr'>convenientis.</span> <span class='ocrx_word' id='word_1_74' title='bbox 704 706 858 746; x_wconf 82' lang='lat' dir='ltr'>Respectu</span> <span class='ocrx_word' id='word_1_75' title='bbox 881 705 956 736; x_wconf 85' lang='lat' dir='ltr'>boni</span> 
     </span>
     <span class='ocr_line' id='line_1_16' title="bbox 181 760 956 801; baseline -0.001 -10"><span class='ocrx_word' id='word_1_76' title='bbox 181 760 302 801; x_wconf 87' lang='lat' dir='ltr'>proprii</span> <span class='ocrx_word' id='word_1_77' title='bbox 319 763 366 791; x_wconf 88' lang='lat' dir='ltr'>est</span> <span class='ocrx_word' id='word_1_78' title='bbox 386 760 420 790; x_wconf 91' lang='lat' dir='ltr'>in</span> <span class='ocrx_word' id='word_1_79' title='bbox 444 762 601 800; x_wconf 87' lang='lat' dir='ltr'>quantum</span> <span class='ocrx_word' id='word_1_80' title='bbox 626 769 690 790; x_wconf 92' lang='lat' dir='ltr'>non</span> <span class='ocrx_word' id='word_1_81' title='bbox 714 760 818 790; x_wconf 88' lang='lat' dir='ltr'>solum</span> <span class='ocrx_word' id='word_1_82' title='bbox 841 760 956 790; x_wconf 86' lang='lat' dir='ltr'>distin-</span> 
     </span>
     <span class='ocr_line' id='line_1_17' title="bbox 182 812 957 854; baseline -0.003 -9"><span class='ocrx_word' id='word_1_83' title='bbox 182 815 294 854; x_wconf 85' lang='lat' dir='ltr'>guitur</span> <span class='ocrx_word' id='word_1_84' title='bbox 317 813 357 844; x_wconf 86' lang='lat' dir='ltr'>ab</span> <span class='ocrx_word' id='word_1_85' title='bbox 378 813 447 843; x_wconf 81' lang='lat' dir='ltr'>aliis</span> <span class='ocrx_word' id='word_1_86' title='bbox 468 812 698 850; x_wconf 81' lang='lat' dir='ltr'>affectionibus,</span> <span class='ocrx_word' id='word_1_87' title='bbox 725 813 777 844; x_wconf 88' lang='lat' dir='ltr'>sed</span> <span class='ocrx_word' id='word_1_88' title='bbox 801 813 898 843; x_wconf 79' lang='lat' dir='ltr'>etiam</span> <span class='ocrx_word' id='word_1_89' title='bbox 923 813 957 843; x_wconf 91' lang='lat' dir='ltr'>in</span> 
     </span>
     <span class='ocr_line' id='line_1_18' title="bbox 182 866 955 907; baseline 0 -10"><span class='ocrx_word' id='word_1_90' title='bbox 182 869 341 907; x_wconf 84' lang='lat' dir='ltr'>quantum</span> <span class='ocrx_word' id='word_1_91' title='bbox 365 866 574 904; x_wconf 84' lang='lat' dir='ltr'>distinguitur</span> <span class='ocrx_word' id='word_1_92' title='bbox 603 866 643 896; x_wconf 82' lang='lat' dir='ltr'>ab</span> <span class='ocrx_word' id='word_1_93' title='bbox 673 866 742 896; x_wconf 82' lang='lat' dir='ltr'>aliis</span> <span class='ocrx_word' id='word_1_94' title='bbox 764 866 955 905; x_wconf 84' lang='lat' dir='ltr'>virtutibus,</span> 
     </span>
     <span class='ocr_line' id='line_1_19' title="bbox 182 919 957 960; baseline 0 -10"><span class='ocrx_word' id='word_1_95' title='bbox 182 922 291 960; x_wconf 80' lang='lat' dir='ltr'>utpote</span> <span class='ocrx_word' id='word_1_96' title='bbox 312 929 331 950; x_wconf 87' lang='lat' dir='ltr'>a</span> <span class='ocrx_word' id='word_1_97' title='bbox 352 919 537 950; x_wconf 82' lang='lat' dir='ltr'>credulitate</span> <span class='ocrx_word' id='word_1_98' title='bbox 559 919 632 950; x_wconf 85' lang='lat' dir='ltr'>fidei</span> <span class='ocrx_word' id='word_1_99' title='bbox 657 929 663 950; x_wconf 90' lang='lat'>:</span> <span class='ocrx_word' id='word_1_100' title='bbox 686 919 753 959; x_wconf 83' lang='lat' dir='ltr'>ipsa</span> <span class='ocrx_word' id='word_1_101' title='bbox 776 920 863 950; x_wconf 84' lang='lat' dir='ltr'>enim</span> <span class='ocrx_word' id='word_1_102' title='bbox 887 929 957 959; x_wconf 84' lang='lat' dir='ltr'>spes</span> 
     </span>
     <span class='ocr_line' id='line_1_20' title="bbox 182 971 957 1012; baseline 0 -10"><span class='ocrx_word' id='word_1_103' title='bbox 182 972 323 1012; x_wconf 85' lang='lat' dir='ltr'>procedit</span> <span class='ocrx_word' id='word_1_104' title='bbox 347 980 387 1002; x_wconf 77' lang='lat' dir='ltr'>ex</span> <span class='ocrx_word' id='word_1_105' title='bbox 411 972 515 1011; x_wconf 79' lang='lat' dir='ltr'>gratia</span> <span class='ocrx_word' id='word_1_106' title='bbox 539 973 569 1002; x_wconf 91' lang='lat' dir='ltr'>et</span> <span class='ocrx_word' id='word_1_107' title='bbox 591 971 721 1002; x_wconf 83' lang='lat' dir='ltr'>meritis.</span> <span class='ocrx_word' id='word_1_108' title='bbox 746 971 784 1002; x_wconf 88' lang='lat' dir='ltr'>Et</span> <span class='ocrx_word' id='word_1_109' title='bbox 804 972 957 1011; x_wconf 82' lang='lat' dir='ltr'>quoniam</span> 
     </span>
     <span class='ocr_line' id='line_1_21' title="bbox 184 1024 956 1062; baseline 0 -8"><span class='ocrx_word' id='word_1_110' title='bbox 184 1024 335 1055; x_wconf 92' lang='lat' dir='ltr'>meritum</span> <span class='ocrx_word' id='word_1_111' title='bbox 350 1033 414 1055; x_wconf 92' lang='lat' dir='ltr'>non</span> <span class='ocrx_word' id='word_1_112' title='bbox 430 1026 590 1054; x_wconf 82' lang='lat' dir='ltr'>assecurat</span> <span class='ocrx_word' id='word_1_113' title='bbox 603 1024 642 1055; x_wconf 91' lang='lat' dir='ltr'>de</span> <span class='ocrx_word' id='word_1_114' title='bbox 665 1024 857 1054; x_wconf 83' lang='lat' dir='ltr'>beatitudine</span> <span class='ocrx_word' id='word_1_115' title='bbox 869 1048 877 1062; x_wconf 83' lang='lat'>‚</span> <span class='ocrx_word' id='word_1_116' title='bbox 895 1024 956 1055; x_wconf 91' lang='lat' dir='ltr'>nisi</span> 
     </span>
     <span class='ocr_line' id='line_1_22' title="bbox 183 1077 956 1117; baseline -0.001 -9"><span class='ocrx_word' id='word_1_117' title='bbox 183 1086 257 1108; x_wconf 91' lang='lat' dir='ltr'>eum</span> <span class='ocrx_word' id='word_1_118' title='bbox 273 1077 328 1117; x_wconf 93' lang='lat' dir='ltr'>qui</span> <span class='ocrx_word' id='word_1_119' title='bbox 343 1080 495 1113; x_wconf 85' lang='lat' dir='ltr'>meretur,</span> <span class='ocrx_word' id='word_1_120' title='bbox 510 1078 585 1117; x_wconf 85' lang='lat' dir='ltr'>quia</span> <span class='ocrx_word' id='word_1_121' title='bbox 601 1077 775 1116; x_wconf 80' lang='lat' dir='ltr'>unicuique</span> <span class='ocrx_word' id='word_1_122' title='bbox 797 1077 956 1108; x_wconf 87' lang='lat' dir='ltr'>retribue-</span> 
     </span>
     <span class='ocr_line' id='line_1_23' title="bbox 183 1130 956 1170; baseline -0.001 -9"><span class='ocrx_word' id='word_1_123' title='bbox 183 1132 236 1161; x_wconf 90' lang='lat' dir='ltr'>tur</span> <span class='ocrx_word' id='word_1_124' title='bbox 257 1131 433 1162; x_wconf 88' lang='lat' dir='ltr'>secundum</span> <span class='ocrx_word' id='word_1_125' title='bbox 460 1131 573 1161; x_wconf 90' lang='lat' dir='ltr'>merita</span> <span class='ocrx_word' id='word_1_126' title='bbox 599 1139 676 1168; x_wconf 80' lang='lat' dir='ltr'>sua3</span> <span class='ocrx_word' id='word_1_127' title='bbox 704 1130 778 1160; x_wconf 90' lang='lat' dir='ltr'>hinc</span> <span class='ocrx_word' id='word_1_128' title='bbox 803 1133 849 1160; x_wconf 88' lang='lat' dir='ltr'>est</span> <span class='ocrx_word' id='word_1_129' title='bbox 871 1131 956 1170; x_wconf 88' lang='lat' dir='ltr'>quod</span> 
     </span>
     <span class='ocr_line' id='line_1_24' title="bbox 182 1183 956 1223; baseline 0 -9"><span class='ocrx_word' id='word_1_130' title='bbox 182 1193 239 1223; x_wconf 92' lang='lat' dir='ltr'>per</span> <span class='ocrx_word' id='word_1_131' title='bbox 260 1183 413 1214; x_wconf 81' lang='lat' dir='ltr'>virtutem</span> <span class='ocrx_word' id='word_1_132' title='bbox 434 1183 499 1223; x_wconf 90' lang='lat' dir='ltr'>spei</span> <span class='ocrx_word' id='word_1_133' title='bbox 522 1192 616 1214; x_wconf 86' lang='lat' dir='ltr'>nemo</span> <span class='ocrx_word' id='word_1_134' title='bbox 631 1186 736 1222; x_wconf 80' lang='lat' dir='ltr'>sperat</span> <span class='ocrx_word' id='word_1_135' title='bbox 749 1184 810 1213; x_wconf 93' lang='lat' dir='ltr'>nisi</span> <span class='ocrx_word' id='word_1_136' title='bbox 831 1183 909 1221; x_wconf 83' lang='lat' dir='ltr'>sibi;</span> <span class='ocrx_word' id='word_1_137' title='bbox 926 1186 956 1214; x_wconf 88' lang='lat' dir='ltr'>et</span> 
     </span>
     <span class='ocr_line' id='line_1_25' title="bbox 180 1236 953 1275; baseline 0 -9"><span class='ocrx_word' id='word_1_138' title='bbox 180 1236 357 1267; x_wconf 90' lang='lat' dir='ltr'>secundum</span> <span class='ocrx_word' id='word_1_139' title='bbox 376 1236 436 1266; x_wconf 87' lang='lat' dir='ltr'>hoc</span> <span class='ocrx_word' id='word_1_140' title='bbox 458 1238 552 1275; x_wconf 76' lang='lat' dir='ltr'>patet,</span> <span class='ocrx_word' id='word_1_141' title='bbox 581 1236 666 1275; x_wconf 91' lang='lat' dir='ltr'>quod</span> <span class='ocrx_word' id='word_1_142' title='bbox 690 1236 743 1266; x_wconf 84' lang='lat' dir='ltr'>illa</span> <span class='ocrx_word' id='word_1_143' title='bbox 766 1236 953 1275; x_wconf 80' lang='lat' dir='ltr'>differentia,</span> 
     </span>
     <span class='ocr_line' id='line_1_26' title="bbox 177 1289 956 1329; baseline 0 -10"><span class='ocrx_word' id='word_1_144' title='bbox 177 1298 276 1329; x_wconf 86' lang='lat' dir='ltr'>quam</span> <span class='ocrx_word' id='word_1_145' title='bbox 300 1289 443 1328; x_wconf 78' lang='lat' dir='ltr'>assignat</span> <span class='ocrx_word' id='word_1_146' title='bbox 461 1289 664 1328; x_wconf 82' lang='lat' dir='ltr'>Augustinus</span> <span class='ocrx_word' id='word_1_147' title='bbox 677 1292 685 1308; x_wconf 90' lang='lat'>¹</span> <span class='ocrx_word' id='word_1_148' title='bbox 701 1289 784 1319; x_wconf 79' lang='lat' dir='ltr'>inter</span> <span class='ocrx_word' id='word_1_149' title='bbox 807 1289 903 1319; x_wconf 85' lang='lat' dir='ltr'>fidem</span> <span class='ocrx_word' id='word_1_150' title='bbox 925 1291 956 1320; x_wconf 91' lang='lat' dir='ltr'>et</span> 
     </span>
     <span class='ocr_line' id='line_1_27' title="bbox 178 1341 956 1382; baseline 0.001 -10"><span class='ocrx_word' id='word_1_151' title='bbox 178 1351 279 1382; x_wconf 86' lang='lat' dir='ltr'>spem,</span> <span class='ocrx_word' id='word_1_152' title='bbox 295 1344 378 1372; x_wconf 89' lang='lat' dir='ltr'>recte</span> <span class='ocrx_word' id='word_1_153' title='bbox 391 1344 423 1372; x_wconf 84' lang='lat' dir='ltr'>et</span> <span class='ocrx_word' id='word_1_154' title='bbox 437 1341 662 1372; x_wconf 89' lang='lat' dir='ltr'>convenienter</span> <span class='ocrx_word' id='word_1_155' title='bbox 677 1342 859 1381; x_wconf 82' lang='lat' dir='ltr'>assignatur</span> <span class='ocrx_word' id='word_1_156' title='bbox 876 1353 882 1372; x_wconf 93' lang='lat'>:</span> <span class='ocrx_word' id='word_1_157' title='bbox 900 1352 956 1373; x_wconf 86' lang='grc'>511-</span> 
     </span>
     <span class='ocr_line' id='line_1_28' title="bbox 179 1394 955 1434; baseline 0 -9"><span class='ocrx_word' id='word_1_158' title='bbox 179 1395 278 1426; x_wconf 88' lang='lat' dir='ltr'>mitur</span> <span class='ocrx_word' id='word_1_159' title='bbox 291 1395 379 1426; x_wconf 91' lang='lat' dir='ltr'>enim</span> <span class='ocrx_word' id='word_1_160' title='bbox 393 1404 463 1434; x_wconf 88' lang='lat' dir='ltr'>spes</span> <span class='ocrx_word' id='word_1_161' title='bbox 476 1395 602 1434; x_wconf 88' lang='lat' dir='ltr'>proprie</span> <span class='ocrx_word' id='word_1_162' title='bbox 616 1403 673 1434; x_wconf 91' lang='lat' dir='ltr'>pro</span> <span class='ocrx_word' id='word_1_163' title='bbox 690 1394 757 1434; x_wconf 85' lang='lat' dir='ltr'>ipsa</span> <span class='ocrx_word' id='word_1_164' title='bbox 770 1394 899 1425; x_wconf 86' lang='lat' dir='ltr'>virtute.</span> <span class='ocrx_word' id='word_1_165' title='bbox 923 1394 955 1425; x_wconf 91' lang='lat' dir='ltr'>Si</span> 
     </span>
     <span class='ocr_line' id='line_1_29' title="bbox 179 1448 956 1491; baseline -0.001 -12"><span class='ocrx_word' id='word_1_166' title='bbox 179 1451 287 1479; x_wconf 84' lang='lat' dir='ltr'>autem</span> <span class='ocrx_word' id='word_1_167' title='bbox 308 1448 477 1488; x_wconf 81' lang='lat' dir='ltr'>accipiatur</span> <span class='ocrx_word' id='word_1_168' title='bbox 493 1457 562 1488; x_wconf 90' lang='lat' dir='ltr'>spes</span> <span class='ocrx_word' id='word_1_169' title='bbox 578 1448 791 1491; x_wconf 88' lang='lat' dir='ltr'>communiter</span> <span class='ocrx_word' id='word_1_170' title='bbox 812 1456 869 1487; x_wconf 89' lang='lat' dir='ltr'>pro</span> <span class='ocrx_word' id='word_1_171' title='bbox 888 1448 956 1487; x_wconf 82' lang='lat' dir='ltr'>ipsa</span> 
     </span>
     <span class='ocr_line' id='line_1_30' title="bbox 180 1501 952 1541; baseline -0.003 -9"><span class='ocrx_word' id='word_1_172' title='bbox 180 1502 371 1541; x_wconf 79' lang='lat' dir='ltr'>suspicione,</span> <span class='ocrx_word' id='word_1_173' title='bbox 387 1501 431 1531; x_wconf 87' lang='lat' dir='ltr'>sic</span> <span class='ocrx_word' id='word_1_174' title='bbox 443 1504 544 1541; x_wconf 84' lang='lat' dir='ltr'>potest</span> <span class='ocrx_word' id='word_1_175' title='bbox 561 1510 629 1531; x_wconf 86' lang='lat' dir='ltr'>esse</span> <span class='ocrx_word' id='word_1_176' title='bbox 645 1509 710 1531; x_wconf 91' lang='lat' dir='ltr'>non</span> <span class='ocrx_word' id='word_1_177' title='bbox 726 1503 852 1531; x_wconf 83' lang='lat' dir='ltr'>tantum</span> <span class='ocrx_word' id='word_1_178' title='bbox 866 1501 952 1539; x_wconf 87' lang='lat' dir='ltr'>boni,</span> 
     </span>
     <span class='ocr_line' id='line_1_31' title="bbox 180 1553 955 1594; baseline -0.003 -8"><span class='ocrx_word' id='word_1_179' title='bbox 180 1555 235 1586; x_wconf 90' lang='lat' dir='ltr'>sed</span> <span class='ocrx_word' id='word_1_180' title='bbox 251 1555 347 1585; x_wconf 88' lang='lat' dir='ltr'>etiam</span> <span class='ocrx_word' id='word_1_181' title='bbox 362 1554 457 1592; x_wconf 85' lang='lat' dir='ltr'>mali,</span> <span class='ocrx_word' id='word_1_182' title='bbox 473 1557 504 1585; x_wconf 87' lang='lat' dir='ltr'>et</span> <span class='ocrx_word' id='word_1_183' title='bbox 517 1555 560 1585; x_wconf 89' lang='grc'>510</span> <span class='ocrx_word' id='word_1_184' title='bbox 576 1554 695 1594; x_wconf 83' lang='lat' dir='ltr'>accepit</span> <span class='ocrx_word' id='word_1_185' title='bbox 717 1553 822 1584; x_wconf 84' lang='lat' dir='ltr'>Poeta.</span> <span class='ocrx_word' id='word_1_186' title='bbox 840 1553 878 1584; x_wconf 87' lang='lat' dir='ltr'>Et</span> <span class='ocrx_word' id='word_1_187' title='bbox 899 1562 955 1593; x_wconf 92' lang='lat' dir='ltr'>per</span> 
     </span>
     <span class='ocr_line' id='line_1_32' title="bbox 179 1607 951 1648; baseline -0.003 -9"><span class='ocrx_word' id='word_1_188' title='bbox 179 1608 239 1639; x_wconf 89' lang='grc'>1100</span> <span class='ocrx_word' id='word_1_189' title='bbox 259 1610 343 1648; x_wconf 88' lang='lat' dir='ltr'>patet</span> <span class='ocrx_word' id='word_1_190' title='bbox 357 1608 520 1648; x_wconf 89' lang='lat' dir='ltr'>responsio</span> <span class='ocrx_word' id='word_1_191' title='bbox 538 1607 576 1638; x_wconf 86' lang='lat' dir='ltr'>ad</span> <span class='ocrx_word' id='word_1_192' title='bbox 600 1608 741 1647; x_wconf 83' lang='lat' dir='ltr'>primum</span> <span class='ocrx_word' id='word_1_193' title='bbox 766 1608 926 1647; x_wconf 75' lang='lat' dir='ltr'>obJectum</span> <span class='ocrx_word' id='word_1_194' title='bbox 945 1618 951 1638; x_wconf 79' lang='lat' dir='ltr'>z</span> 
     </span>
     <span class='ocr_line' id='line_1_33' title="bbox 178 1661 953 1701; baseline 0 -9"><span class='ocrx_word' id='word_1_195' title='bbox 178 1661 231 1692; x_wconf 88' lang='lat' dir='ltr'>ille</span> <span class='ocrx_word' id='word_1_196' title='bbox 245 1662 333 1692; x_wconf 89' lang='lat' dir='ltr'>enim</span> <span class='ocrx_word' id='word_1_197' title='bbox 348 1664 395 1693; x_wconf 83' lang='lat' dir='ltr'>cst</span> <span class='ocrx_word' id='word_1_198' title='bbox 416 1665 567 1693; x_wconf 77' lang='lat' dir='ltr'>extensus</span> <span class='ocrx_word' id='word_1_199' title='bbox 581 1665 611 1692; x_wconf 89' lang='lat' dir='ltr'>et</span> <span class='ocrx_word' id='word_1_200' title='bbox 629 1661 825 1701; x_wconf 90' lang='lat' dir='ltr'>improprius</span> <span class='ocrx_word' id='word_1_201' title='bbox 840 1661 953 1692; x_wconf 86' lang='lat' dir='ltr'>modus</span> 
     </span>
     <span class='ocr_line' id='line_1_34' title="bbox 177 1714 954 1755; baseline 0 -10"><span class='ocrx_word' id='word_1_202' title='bbox 177 1715 351 1755; x_wconf 85' lang='lat' dir='ltr'>accipiendi</span> <span class='ocrx_word' id='word_1_203' title='bbox 374 1715 476 1755; x_wconf 84' lang='lat' dir='ltr'>ipsam</span> <span class='ocrx_word' id='word_1_204' title='bbox 489 1724 589 1754; x_wconf 90' lang='lat' dir='ltr'>spem.</span> <span class='ocrx_word' id='word_1_205' title='bbox 608 1714 642 1745; x_wconf 92' lang='lat' dir='ltr'>Si</span> <span class='ocrx_word' id='word_1_206' title='bbox 656 1724 732 1745; x_wconf 82' lang='lat' dir='ltr'>vero</span> <span class='ocrx_word' id='word_1_207' title='bbox 748 1723 818 1754; x_wconf 87' lang='lat' dir='ltr'>spes</span> <span class='ocrx_word' id='word_1_208' title='bbox 832 1715 954 1745; x_wconf 79' lang='lat' dir='ltr'>dicatur</span> 
     </span>
     <span class='ocr_line' id='line_1_35' title="bbox 177 1771 954 1810; baseline 0 -9"><span class='ocrx_word' id='word_1_209' title='bbox 177 1771 285 1802; x_wconf 90' lang='lat' dir='ltr'>minus</span> <span class='ocrx_word' id='word_1_210' title='bbox 299 1771 512 1802; x_wconf 87' lang='lat' dir='ltr'>communiter</span> <span class='ocrx_word' id='word_1_211' title='bbox 529 1771 567 1802; x_wconf 90' lang='lat' dir='ltr'>de</span> <span class='ocrx_word' id='word_1_212' title='bbox 581 1780 784 1810; x_wconf 85' lang='lat' dir='ltr'>quacumque</span> <span class='ocrx_word' id='word_1_213' title='bbox 806 1773 954 1810; x_wconf 79' lang='lat' dir='ltr'>expecta-</span> 
     </span>
     <span class='ocr_line' id='line_1_36' title="bbox 177 1824 953 1864; baseline 0 -10"><span class='ocrx_word' id='word_1_214' title='bbox 177 1824 263 1855; x_wconf 83' lang='lat' dir='ltr'>tione</span> <span class='ocrx_word' id='word_1_215' title='bbox 285 1824 376 1861; x_wconf 80' lang='grc'>110111,</span> <span class='ocrx_word' id='word_1_216' title='bbox 399 1824 443 1854; x_wconf 85' lang='grc'>510</span> <span class='ocrx_word' id='word_1_217' title='bbox 469 1826 571 1864; x_wconf 85' lang='lat' dir='ltr'>potest</span> <span class='ocrx_word' id='word_1_218' title='bbox 592 1833 660 1854; x_wconf 85' lang='lat' dir='ltr'>esse</span> <span class='ocrx_word' id='word_1_219' title='bbox 686 1825 863 1864; x_wconf 83' lang='lat' dir='ltr'>expectatio</span> <span class='ocrx_word' id='word_1_220' title='bbox 888 1833 953 1854; x_wconf 91' lang='lat' dir='ltr'>non</span> 
     </span>
     <span class='ocr_line' id='line_1_37' title="bbox 177 1877 950 1917; baseline -0.001 -9"><span class='ocrx_word' id='word_1_221' title='bbox 177 1877 282 1908; x_wconf 84' lang='lat' dir='ltr'>solum</span> <span class='ocrx_word' id='word_1_222' title='bbox 304 1877 426 1917; x_wconf 90' lang='lat' dir='ltr'>proprii</span> <span class='ocrx_word' id='word_1_223' title='bbox 446 1877 532 1914; x_wconf 87' lang='lat' dir='ltr'>boni,</span> <span class='ocrx_word' id='word_1_224' title='bbox 557 1877 610 1907; x_wconf 89' lang='lat' dir='ltr'>sed</span> <span class='ocrx_word' id='word_1_225' title='bbox 635 1877 730 1907; x_wconf 76' lang='lat' dir='ltr'>etiam</span> <span class='ocrx_word' id='word_1_226' title='bbox 753 1877 950 1915; x_wconf 82' lang='lat' dir='ltr'>communis3</span> 
     </span>
     <span class='ocr_line' id='line_1_38' title="bbox 177 1929 954 1969; baseline 0 -9"><span class='ocrx_word' id='word_1_227' title='bbox 177 1931 209 1960; x_wconf 86' lang='lat' dir='ltr'>et</span> <span class='ocrx_word' id='word_1_228' title='bbox 222 1930 267 1960; x_wconf 91' lang='lat' dir='ltr'>sic</span> <span class='ocrx_word' id='word_1_229' title='bbox 287 1930 439 1969; x_wconf 85' lang='lat' dir='ltr'>accipitur</span> <span class='ocrx_word' id='word_1_230' title='bbox 453 1930 549 1960; x_wconf 81' lang='lat' dir='ltr'>etiam</span> <span class='ocrx_word' id='word_1_231' title='bbox 564 1930 604 1960; x_wconf 87' lang='lat' dir='ltr'>ab</span> <span class='ocrx_word' id='word_1_232' title='bbox 622 1929 806 1969; x_wconf 83' lang='lat' dir='ltr'>Augustino</span> <span class='ocrx_word' id='word_1_233' title='bbox 824 1941 830 1960; x_wconf 88' lang='lat'>:</span> <span class='ocrx_word' id='word_1_234' title='bbox 851 1933 882 1960; x_wconf 91' lang='lat' dir='ltr'>et</span> <span class='ocrx_word' id='word_1_235' title='bbox 898 1939 954 1969; x_wconf 90' lang='lat' dir='ltr'>per</span> 
     </span>
     <span class='ocr_line' id='line_1_39' title="bbox 177 1982 951 2022; baseline -0.001 -9"><span class='ocrx_word' id='word_1_236' title='bbox 177 1982 238 2013; x_wconf 90' lang='lat' dir='ltr'>hoc</span> <span class='ocrx_word' id='word_1_237' title='bbox 258 1985 343 2022; x_wconf 84' lang='lat' dir='ltr'>patet</span> <span class='ocrx_word' id='word_1_238' title='bbox 363 1983 526 2022; x_wconf 88' lang='lat' dir='ltr'>responsio</span> <span class='ocrx_word' id='word_1_239' title='bbox 541 1983 580 2013; x_wconf 91' lang='lat' dir='ltr'>ad</span> <span class='ocrx_word' id='word_1_240' title='bbox 602 1983 671 2013; x_wconf 80' lang='lat' dir='ltr'>illas</span> <span class='ocrx_word' id='word_1_241' title='bbox 687 1983 766 2013; x_wconf 86' lang='lat' dir='ltr'>duas</span> <span class='ocrx_word' id='word_1_242' title='bbox 781 1983 951 2013; x_wconf 83' lang='lat' dir='ltr'>auctorita-</span> 
     </span>
     <span class='ocr_line' id='line_1_40' title="bbox 177 2036 954 2076; baseline -0.001 -9"><span class='ocrx_word' id='word_1_243' title='bbox 177 2038 233 2067; x_wconf 85' lang='lat' dir='ltr'>tes.</span> <span class='ocrx_word' id='word_1_244' title='bbox 251 2036 350 2067; x_wconf 90' lang='lat' dir='ltr'>Prout</span> <span class='ocrx_word' id='word_1_245' title='bbox 363 2038 472 2067; x_wconf 81' lang='lat' dir='ltr'>autem</span> <span class='ocrx_word' id='word_1_246' title='bbox 498 2036 650 2076; x_wconf 86' lang='lat' dir='ltr'>accipitur</span> <span class='ocrx_word' id='word_1_247' title='bbox 672 2036 798 2075; x_wconf 84' lang='lat' dir='ltr'>proprie</span> <span class='ocrx_word' id='word_1_248' title='bbox 813 2045 870 2075; x_wconf 88' lang='lat' dir='ltr'>pro</span> <span class='ocrx_word' id='word_1_249' title='bbox 885 2036 954 2075; x_wconf 86' lang='lat' dir='ltr'>ipsa</span> 
     </span>
     <span class='ocr_line' id='line_1_41' title="bbox 177 2089 954 2130; baseline -0.001 -10"><span class='ocrx_word' id='word_1_250' title='bbox 177 2099 243 2129; x_wconf 88' lang='lat' dir='ltr'>spe,</span> <span class='ocrx_word' id='word_1_251' title='bbox 260 2098 334 2130; x_wconf 83' lang='lat' dir='ltr'>quae</span> <span class='ocrx_word' id='word_1_252' title='bbox 349 2092 396 2120; x_wconf 91' lang='lat' dir='ltr'>est</span> <span class='ocrx_word' id='word_1_253' title='bbox 409 2089 583 2129; x_wconf 82' lang='lat' dir='ltr'>expectatio</span> <span class='ocrx_word' id='word_1_254' title='bbox 600 2089 735 2119; x_wconf 86' lang='lat' dir='ltr'>veniens</span> <span class='ocrx_word' id='word_1_255' title='bbox 750 2098 791 2119; x_wconf 80' lang='lat' dir='ltr'>ex</span> <span class='ocrx_word' id='word_1_256' title='bbox 806 2089 910 2128; x_wconf 77' lang='lat' dir='ltr'>gratia</span> <span class='ocrx_word' id='word_1_257' title='bbox 923 2091 954 2119; x_wconf 90' lang='lat' dir='ltr'>et</span> 
     </span>
     <span class='ocr_line' id='line_1_42' title="bbox 178 2141 951 2181; baseline -0.004 -7"><span class='ocrx_word' id='word_1_258' title='bbox 178 2143 314 2180; x_wconf 83' lang='lat' dir='ltr'>meritis,</span> <span class='ocrx_word' id='word_1_259' title='bbox 325 2143 369 2174; x_wconf 90' lang='lat' dir='ltr'>sic</span> <span class='ocrx_word' id='word_1_260' title='bbox 375 2152 441 2174; x_wconf 91' lang='lat' dir='ltr'>non</span> <span class='ocrx_word' id='word_1_261' title='bbox 450 2145 497 2173; x_wconf 90' lang='lat' dir='ltr'>est</span> <span class='ocrx_word' id='word_1_262' title='bbox 506 2142 567 2172; x_wconf 91' lang='lat' dir='ltr'>nisi</span> <span class='ocrx_word' id='word_1_263' title='bbox 577 2144 724 2181; x_wconf 87' lang='lat' dir='ltr'>respectu</span> <span class='ocrx_word' id='word_1_264' title='bbox 735 2142 853 2181; x_wconf 83' lang='lat' dir='ltr'>proprii</span> <span class='ocrx_word' id='word_1_265' title='bbox 864 2141 951 2179; x_wconf 85' lang='lat' dir='ltr'>boni,</span> 
     </span>
     <span class='ocr_line' id='line_1_43' title="bbox 177 2195 954 2237; baseline -0.004 -10"><span class='ocrx_word' id='word_1_266' title='bbox 177 2196 253 2237; x_wconf 79' lang='lat' dir='ltr'>quia</span> <span class='ocrx_word' id='word_1_267' title='bbox 270 2205 366 2227; x_wconf 90' lang='lat' dir='ltr'>nemo</span> <span class='ocrx_word' id='word_1_268' title='bbox 390 2196 533 2227; x_wconf 85' lang='lat' dir='ltr'>redditur</span> <span class='ocrx_word' id='word_1_269' title='bbox 552 2204 683 2226; x_wconf 86' lang='lat' dir='ltr'>securus</span> <span class='ocrx_word' id='word_1_270' title='bbox 709 2195 748 2225; x_wconf 90' lang='lat' dir='ltr'>de</span> <span class='ocrx_word' id='word_1_271' title='bbox 770 2195 870 2225; x_wconf 84' lang='lat' dir='ltr'>salute</span> <span class='ocrx_word' id='word_1_272' title='bbox 892 2195 954 2225; x_wconf 89' lang='lat' dir='ltr'>nisi</span> 
     </span>
     <span class='ocr_line' id='line_1_44' title="bbox 177 2248 954 2290; baseline -0.005 -9"><span class='ocrx_word' id='word_1_273' title='bbox 177 2259 234 2290; x_wconf 89' lang='lat' dir='ltr'>per</span> <span class='ocrx_word' id='word_1_274' title='bbox 258 2249 371 2281; x_wconf 85' lang='lat' dir='ltr'>merita</span> <span class='ocrx_word' id='word_1_275' title='bbox 385 2249 513 2289; x_wconf 88' lang='lat' dir='ltr'>propria</span> <span class='ocrx_word' id='word_1_276' title='bbox 538 2259 545 2280; x_wconf 81' lang='lat' dir='ltr'>z</span> <span class='ocrx_word' id='word_1_277' title='bbox 561 2248 632 2279; x_wconf 88' lang='lat' dir='ltr'>ideo</span> <span class='ocrx_word' id='word_1_278' title='bbox 651 2257 717 2278; x_wconf 90' lang='lat' dir='ltr'>non</span> <span class='ocrx_word' id='word_1_279' title='bbox 733 2251 778 2278; x_wconf 83' lang='lat' dir='ltr'>est</span> <span class='ocrx_word' id='word_1_280' title='bbox 793 2248 895 2278; x_wconf 88' lang='lat' dir='ltr'>simile</span> <span class='ocrx_word' id='word_1_281' title='bbox 915 2248 954 2278; x_wconf 87' lang='lat' dir='ltr'>de</span> 
     </span>
     <span class='ocr_line' id='line_1_45' title="bbox 176 2301 954 2341; baseline -0.004 -7"><span class='ocrx_word' id='word_1_282' title='bbox 176 2303 238 2334; x_wconf 82' lang='lat' dir='ltr'>fide</span> <span class='ocrx_word' id='word_1_283' title='bbox 253 2305 285 2334; x_wconf 88' lang='lat' dir='ltr'>et</span> <span class='ocrx_word' id='word_1_284' title='bbox 307 2302 459 2333; x_wconf 79' lang='lat' dir='ltr'>charitate</span> <span class='ocrx_word' id='word_1_285' title='bbox 476 2312 483 2333; x_wconf 90' lang='lat'>:</span> <span class='ocrx_word' id='word_1_286' title='bbox 501 2303 532 2332; x_wconf 87' lang='lat' dir='ltr'>et</span> <span class='ocrx_word' id='word_1_287' title='bbox 545 2311 602 2341; x_wconf 88' lang='lat' dir='ltr'>per</span> <span class='ocrx_word' id='word_1_288' title='bbox 614 2301 674 2332; x_wconf 89' lang='lat' dir='ltr'>hoc</span> <span class='ocrx_word' id='word_1_289' title='bbox 692 2303 777 2341; x_wconf 79' lang='lat' dir='ltr'>patet</span> <span class='ocrx_word' id='word_1_290' title='bbox 792 2301 954 2341; x_wconf 87' lang='lat' dir='ltr'>responsio</span> 
     </span>
     <span class='ocr_line' id='line_1_46' title="bbox 177 2355 952 2396; baseline -0.004 -8"><span class='ocrx_word' id='word_1_291' title='bbox 177 2357 218 2388; x_wconf 82' lang='lat' dir='ltr'>ad</span> <span class='ocrx_word' id='word_1_292' title='bbox 232 2357 348 2388; x_wconf 86' lang='lat' dir='ltr'>ultimo</span> <span class='ocrx_word' id='word_1_293' title='bbox 363 2356 535 2396; x_wconf 84' lang='lat' dir='ltr'>objectum.</span> <span class='ocrx_word' id='word_1_294' title='bbox 551 2356 600 2386; x_wconf 91' lang='lat' dir='ltr'>Ad</span> <span class='ocrx_word' id='word_1_295' title='bbox 613 2355 692 2387; x_wconf 90' lang='lat' dir='ltr'>illud</span> <span class='ocrx_word' id='word_1_296' title='bbox 705 2365 782 2386; x_wconf 90' lang='lat' dir='ltr'>vero</span> <span class='ocrx_word' id='word_1_297' title='bbox 797 2355 882 2395; x_wconf 87' lang='lat' dir='ltr'>quod</span> <span class='ocrx_word' id='word_1_298' title='bbox 897 2355 952 2386; x_wconf 94' lang='lat' dir='ltr'>ob-</span> 
     </span>
     <span class='ocr_line' id='line_1_47' title="bbox 174 2409 952 2450; baseline -0.003 -9"><span class='ocrx_word' id='word_1_299' title='bbox 174 2410 285 2450; x_wconf 85' lang='lat' dir='ltr'>jicitur</span> <span class='ocrx_word' id='word_1_300' title='bbox 296 2434 305 2447; x_wconf 80' lang='grc'><em>,</em></span> <span class='ocrx_word' id='word_1_301' title='bbox 320 2410 406 2450; x_wconf 89' lang='lat' dir='ltr'>quod</span> <span class='ocrx_word' id='word_1_302' title='bbox 425 2410 451 2440; x_wconf 88' lang='lat' dir='ltr'>si</span> <span class='ocrx_word' id='word_1_303' title='bbox 469 2419 540 2450; x_wconf 89' lang='lat' dir='ltr'>spes</span> <span class='ocrx_word' id='word_1_304' title='bbox 562 2411 608 2440; x_wconf 88' lang='lat' dir='ltr'>est</span> <span class='ocrx_word' id='word_1_305' title='bbox 622 2410 748 2439; x_wconf 88' lang='lat' dir='ltr'>tantum</span> <span class='ocrx_word' id='word_1_306' title='bbox 770 2409 952 2439; x_wconf 84' lang='lat' dir='ltr'>futurarum</span> 
     </span>
     <span class='ocr_line' id='line_1_48' title="bbox 179 2461 952 2503; baseline -0.001 -10"><span class='ocrx_word' id='word_1_307' title='bbox 179 2471 301 2501; x_wconf 81' lang='lat' dir='ltr'>rerum,</span> <span class='ocrx_word' id='word_1_308' title='bbox 323 2463 367 2493; x_wconf 87' lang='lat' dir='ltr'>sic</span> <span class='ocrx_word' id='word_1_309' title='bbox 390 2463 555 2503; x_wconf 75' lang='lat' dir='ltr'>praescitus</span> <span class='ocrx_word' id='word_1_310' title='bbox 577 2471 644 2493; x_wconf 87' lang='grc'>11011</span> <span class='ocrx_word' id='word_1_311' title='bbox 666 2461 763 2493; x_wconf 87' lang='lat' dir='ltr'>habet</span> <span class='ocrx_word' id='word_1_312' title='bbox 783 2471 888 2503; x_wconf 89' lang='lat' dir='ltr'>spem,</span> <span class='ocrx_word' id='word_1_313' title='bbox 905 2461 952 2492; x_wconf 90' lang='lat' dir='ltr'>di-</span> 
     </span>
    </p>
   </div>
   <div class='ocr_carea' id='block_1_6' title="bbox 179 2565 953 2666">
    <p class='ocr_par' dir='ltr' id='par_1_6' title="bbox 179 2565 953 2666">
     <span class='ocr_line' id='line_1_49' title="bbox 212 2565 953 2597; baseline -0.004 -7"><span class='ocrx_word' id='word_1_314' title='bbox 212 2566 218 2581; x_wconf 61' lang='grc'>*</span> <span class='ocrx_word' id='word_1_315' title='bbox 233 2567 307 2597; x_wconf 63' lang='lat' dir='ltr'>Aug„</span> <span class='ocrx_word' id='word_1_316' title='bbox 323 2566 436 2595; x_wconf 73' lang='lat' dir='ltr'>Eric-hir.¹</span> <span class='ocrx_word' id='word_1_317' title='bbox 449 2573 470 2590; x_wconf 85' lang='lat' dir='ltr'>c.</span> <span class='ocrx_word' id='word_1_318' title='bbox 482 2572 527 2590; x_wconf 83' lang='lat' dir='ltr'>vui</span> <span class='ocrx_word' id='word_1_319' title='bbox 549 2579 579 2582; x_wconf 97' lang='lat'><strong>—</strong></span> <span class='ocrx_word' id='word_1_320' title='bbox 590 2566 600 2582; x_wconf 75' lang='lat'>²</span> <span class='ocrx_word' id='word_1_321' title='bbox 616 2565 681 2589; x_wconf 79' lang='lat' dir='ltr'>Psal.</span> <span class='ocrx_word' id='word_1_322' title='bbox 695 2571 756 2594; x_wconf 73' lang='lat' dir='ltr'>Lxx,</span> <span class='ocrx_word' id='word_1_323' title='bbox 777 2567 794 2588; x_wconf 78' lang='lat'>1.</span> <span class='ocrx_word' id='word_1_324' title='bbox 811 2578 839 2582; x_wconf 91' lang='lat'>-</span> <span class='ocrx_word' id='word_1_325' title='bbox 849 2565 859 2581; x_wconf 81' lang='lat'>³</span> <span class='ocrx_word' id='word_1_326' title='bbox 871 2565 953 2595; x_wconf 54' lang='lat' dir='ltr'>Apoc„</span> 
     </span>
     <span class='ocr_line' id='line_1_50' title="bbox 179 2600 953 2632; baseline -0.003 -7"><span class='ocrx_word' id='word_1_327' title='bbox 179 2607 215 2630; x_wconf 72' lang='lat' dir='ltr'>w,</span> <span class='ocrx_word' id='word_1_328' title='bbox 236 2601 331 2626; x_wconf 74' lang='lat' dir='ltr'>ll.—·</span> <span class='ocrx_word' id='word_1_329' title='bbox 344 2602 418 2632; x_wconf 71' lang='lat' dir='ltr'>Aug,</span> <span class='ocrx_word' id='word_1_330' title='bbox 434 2601 463 2625; x_wconf 85' lang='lat' dir='ltr'>de</span> <span class='ocrx_word' id='word_1_331' title='bbox 481 2601 567 2625; x_wconf 72' lang='lat' dir='ltr'>Genes.</span> <span class='ocrx_word' id='word_1_332' title='bbox 584 2600 620 2626; x_wconf 83' lang='lat' dir='ltr'>ad</span> <span class='ocrx_word' id='word_1_333' title='bbox 630 2601 694 2631; x_wconf 63' lang='lat' dir='ltr'>lite„</span> <span class='ocrx_word' id='word_1_334' title='bbox 709 2600 750 2625; x_wconf 87' lang='lat' dir='ltr'>lib.</span> <span class='ocrx_word' id='word_1_335' title='bbox 767 2601 823 2630; x_wconf 77' lang='grc' dir='ltr'>ΧΗ,</span> <span class='ocrx_word' id='word_1_336' title='bbox 838 2607 860 2623; x_wconf 88' lang='grc'>0.</span> <span class='ocrx_word' id='word_1_337' title='bbox 875 2605 953 2629; x_wconf 77' lang='lat' dir='ltr'><strong>xxxv,</strong></span> 
     </span>
     <span class='ocr_line' id='line_1_51' title="bbox 181 2637 525 2666; baseline 0.003 -6"><span class='ocrx_word' id='word_1_338' title='bbox 181 2644 206 2660; x_wconf 90' lang='lat' dir='ltr'>n.</span> <span class='ocrx_word' id='word_1_339' title='bbox 222 2638 260 2661; x_wconf 83' lang='grc'>68.</span> <span class='ocrx_word' id='word_1_340' title='bbox 276 2650 306 2655; x_wconf 88' lang='grc'>-</span> <span class='ocrx_word' id='word_1_341' title='bbox 320 2637 525 2666; x_wconf 75' lang='lat' dir='ltr'>⁸1Petr..1,¹2.</span> 
     </span>
    </p>
   </div>
   <div class='ocr_carea' id='block_1_7' title="bbox 1011 162 1790 742">
    <p class='ocr_par' dir='ltr' id='par_1_7' title="bbox 1011 162 1790 742">
     <span class='ocr_line' id='line_1_52' title="bbox 1724 162 1783 191; baseline 0 0"><span class='ocrx_word' id='word_1_342' title='bbox 1724 162 1783 191; x_wconf 81' lang='lat'>565</span> 
     </span>
     <span class='ocr_line' id='line_1_53' title="bbox 1012 225 1784 265; baseline 0 -8"><span class='ocrx_word' id='word_1_343' title='bbox 1012 227 1152 257; x_wconf 87' lang='lat' dir='ltr'>cendum</span> <span class='ocrx_word' id='word_1_344' title='bbox 1175 226 1260 265; x_wconf 86' lang='lat' dir='ltr'>quod</span> <span class='ocrx_word' id='word_1_345' title='bbox 1283 226 1430 263; x_wconf 73' lang='lat' dir='ltr'>futurum</span> <span class='ocrx_word' id='word_1_346' title='bbox 1453 225 1568 255; x_wconf 89' lang='lat' dir='ltr'>dicitur</span> <span class='ocrx_word' id='word_1_347' title='bbox 1594 225 1784 265; x_wconf 87' lang='lat' dir='ltr'>dupliciter:</span> 
     </span>
     <span class='ocr_line' id='line_1_54' title="bbox 1013 277 1789 319; baseline 0.001 -10"><span class='ocrx_word' id='word_1_348' title='bbox 1013 279 1062 310; x_wconf 90' lang='lat' dir='ltr'>vel</span> <span class='ocrx_word' id='word_1_349' title='bbox 1080 282 1235 319; x_wconf 81' lang='lat' dir='ltr'>quantum</span> <span class='ocrx_word' id='word_1_350' title='bbox 1258 279 1297 309; x_wconf 82' lang='lat' dir='ltr'>ad</span> <span class='ocrx_word' id='word_1_351' title='bbox 1316 281 1482 315; x_wconf 87' lang='lat' dir='ltr'>eventum,</span> <span class='ocrx_word' id='word_1_352' title='bbox 1499 277 1549 308; x_wconf 87' lang='lat' dir='ltr'>vel</span> <span class='ocrx_word' id='word_1_353' title='bbox 1569 282 1726 317; x_wconf 82' lang='lat' dir='ltr'>quantum</span> <span class='ocrx_word' id='word_1_354' title='bbox 1750 279 1789 310; x_wconf 81' lang='lat' dir='ltr'>ad</span> 
     </span>
     <span class='ocr_line' id='line_1_55' title="bbox 1011 331 1788 368; baseline 0 -6"><span class='ocrx_word' id='word_1_355' title='bbox 1011 331 1166 362; x_wconf 89' lang='lat' dir='ltr'>ordinem.</span> <span class='ocrx_word' id='word_1_356' title='bbox 1185 332 1347 368; x_wconf 73' lang='lat' dir='ltr'>Quantum</span> <span class='ocrx_word' id='word_1_357' title='bbox 1370 331 1408 361; x_wconf 85' lang='lat' dir='ltr'>ad</span> <span class='ocrx_word' id='word_1_358' title='bbox 1429 334 1581 361; x_wconf 88' lang='lat' dir='ltr'>eventum</span> <span class='ocrx_word' id='word_1_359' title='bbox 1602 331 1716 361; x_wconf 87' lang='lat' dir='ltr'>dicitur</span> <span class='ocrx_word' id='word_1_360' title='bbox 1738 333 1788 362; x_wconf 79' lang='lat' dir='ltr'>su-</span> 
     </span>
     <span class='ocr_line' id='line_1_56' title="bbox 1012 384 1789 423; baseline 0.001 -9"><span class='ocrx_word' id='word_1_361' title='bbox 1012 387 1134 421; x_wconf 85' lang='lat' dir='ltr'>turum,</span> <span class='ocrx_word' id='word_1_362' title='bbox 1153 385 1239 423; x_wconf 79' lang='lat' dir='ltr'>quod</span> <span class='ocrx_word' id='word_1_363' title='bbox 1255 385 1379 421; x_wconf 86' lang='lat' dir='ltr'>evenit;</span> <span class='ocrx_word' id='word_1_364' title='bbox 1404 387 1560 423; x_wconf 82' lang='lat' dir='ltr'>quantum</span> <span class='ocrx_word' id='word_1_365' title='bbox 1583 384 1621 414; x_wconf 86' lang='lat' dir='ltr'>ad</span> <span class='ocrx_word' id='word_1_366' title='bbox 1644 385 1789 416; x_wconf 84' lang='lat' dir='ltr'>ordinem</span> 
     </span>
     <span class='ocr_line' id='line_1_57' title="bbox 1011 436 1790 476; baseline 0.001 -10"><span class='ocrx_word' id='word_1_367' title='bbox 1011 436 1127 467; x_wconf 85' lang='lat' dir='ltr'>dicitur</span> <span class='ocrx_word' id='word_1_368' title='bbox 1140 437 1297 473; x_wconf 79' lang='lat' dir='ltr'>futurum,</span> <span class='ocrx_word' id='word_1_369' title='bbox 1314 437 1399 476; x_wconf 69' lang='lat' dir='ltr'>quod</span> <span class='ocrx_word' id='word_1_370' title='bbox 1416 439 1462 466; x_wconf 84' lang='lat' dir='ltr'>est</span> <span class='ocrx_word' id='word_1_371' title='bbox 1478 437 1662 466; x_wconf 80' lang='lat' dir='ltr'>ordinatum</span> <span class='ocrx_word' id='word_1_372' title='bbox 1677 437 1716 466; x_wconf 83' lang='lat' dir='ltr'>ad</span> <span class='ocrx_word' id='word_1_373' title='bbox 1734 446 1790 467; x_wconf 81' lang='lat' dir='ltr'>ve-</span> 
     </span>
     <span class='ocr_line' id='line_1_58' title="bbox 1011 488 1789 535; baseline 0.003 -17"><span class='ocrx_word' id='word_1_374' title='bbox 1011 489 1175 519; x_wconf 84' lang='lat' dir='ltr'>niendum.</span> <span class='ocrx_word' id='word_1_375' title='bbox 1194 488 1248 519; x_wconf 72' lang='lat' dir='ltr'>vei</span> <span class='ocrx_word' id='word_1_376' title='bbox 1271 490 1416 535; x_wconf 44' lang='lat' dir='ltr'>futu-mm</span> <span class='ocrx_word' id='word_1_377' title='bbox 1440 490 1514 520; x_wconf 61' lang='lat' dir='ltr'>&gt;licit</span> <span class='ocrx_word' id='word_1_378' title='bbox 1538 493 1690 520; x_wconf 82' lang='lat' dir='ltr'>eventum</span> <span class='ocrx_word' id='word_1_379' title='bbox 1711 491 1789 520; x_wconf 90' lang='lat' dir='ltr'>sim-</span> 
     </span>
     <span class='ocr_line' id='line_1_59' title="bbox 1011 542 1790 582; baseline 0.003 -10"><span class='ocrx_word' id='word_1_380' title='bbox 1011 542 1147 582; x_wconf 84' lang='lat' dir='ltr'>pliciter,</span> <span class='ocrx_word' id='word_1_381' title='bbox 1172 542 1222 572; x_wconf 83' lang='lat' dir='ltr'>vel</span> <span class='ocrx_word' id='word_1_382' title='bbox 1246 547 1390 582; x_wconf 82' lang='lat' dir='ltr'>respectu</span> <span class='ocrx_word' id='word_1_383' title='bbox 1412 543 1650 582; x_wconf 74' lang='lat' dir='ltr'>expectationis.</span> <span class='ocrx_word' id='word_1_384' title='bbox 1668 543 1706 574; x_wconf 86' lang='lat' dir='ltr'>Et</span> <span class='ocrx_word' id='word_1_385' title='bbox 1730 543 1790 574; x_wconf 91' lang='grc'>1100</span> 
     </span>
     <span class='ocr_line' id='line_1_60' title="bbox 1011 595 1788 635; baseline 0.004 -11"><span class='ocrx_word' id='word_1_386' title='bbox 1011 595 1124 625; x_wconf 86' lang='lat' dir='ltr'>ultimo</span> <span class='ocrx_word' id='word_1_387' title='bbox 1160 596 1254 626; x_wconf 89' lang='lat' dir='ltr'>modo</span> <span class='ocrx_word' id='word_1_388' title='bbox 1297 596 1412 626; x_wconf 87' lang='lat' dir='ltr'>dicitur</span> <span class='ocrx_word' id='word_1_389' title='bbox 1451 606 1521 635; x_wconf 84' lang='lat' dir='ltr'>spes</span> <span class='ocrx_word' id='word_1_390' title='bbox 1558 606 1624 627; x_wconf 88' lang='lat' dir='ltr'>esse</span> <span class='ocrx_word' id='word_1_391' title='bbox 1663 597 1788 627; x_wconf 84' lang='lat' dir='ltr'>futuro-</span> 
     </span>
     <span class='ocr_line' id='line_1_61' title="bbox 1011 648 1790 689; baseline 0.003 -11"><span class='ocrx_word' id='word_1_392' title='bbox 1011 657 1086 678; x_wconf 90' lang='lat' dir='ltr'>rum</span> <span class='ocrx_word' id='word_1_393' title='bbox 1099 649 1137 687; x_wconf 74' lang='lat' dir='ltr'>(a)</span> <span class='ocrx_word' id='word_1_394' title='bbox 1156 659 1162 678; x_wconf 84' lang='lat' dir='ltr'>z</span> <span class='ocrx_word' id='word_1_395' title='bbox 1180 648 1245 688; x_wconf 86' lang='lat' dir='ltr'>ipse</span> <span class='ocrx_word' id='word_1_396' title='bbox 1259 651 1368 678; x_wconf 84' lang='lat' dir='ltr'>autem</span> <span class='ocrx_word' id='word_1_397' title='bbox 1384 649 1504 687; x_wconf 85' lang='lat' dir='ltr'>objicit,</span> <span class='ocrx_word' id='word_1_398' title='bbox 1523 651 1617 688; x_wconf 89' lang='lat' dir='ltr'>prout</span> <span class='ocrx_word' id='word_1_399' title='bbox 1634 649 1790 689; x_wconf 88' lang='lat' dir='ltr'>accipitur</span> 
     </span>
     <span class='ocr_line' id='line_1_62' title="bbox 1012 702 1566 742; baseline 0 -10"><span class='ocrx_word' id='word_1_400' title='bbox 1012 702 1115 742; x_wconf 89' lang='lat' dir='ltr'>primo</span> <span class='ocrx_word' id='word_1_401' title='bbox 1128 702 1222 733; x_wconf 90' lang='lat' dir='ltr'>modo</span> <span class='ocrx_word' id='word_1_402' title='bbox 1240 712 1246 732; x_wconf 91' lang='lat'>:</span> <span class='ocrx_word' id='word_1_403' title='bbox 1262 704 1292 732; x_wconf 91' lang='lat' dir='ltr'>et</span> <span class='ocrx_word' id='word_1_404' title='bbox 1307 702 1377 732; x_wconf 90' lang='lat' dir='ltr'>ideo</span> <span class='ocrx_word' id='word_1_405' title='bbox 1392 711 1457 732; x_wconf 90' lang='lat' dir='ltr'>non</span> <span class='ocrx_word' id='word_1_406' title='bbox 1473 702 1566 732; x_wconf 85' lang='lat' dir='ltr'>valet.</span> 
     </span>
    </p>
   </div>
   <div class='ocr_carea' id='block_1_8' title="bbox 1341 799 1467 820">
    <p class='ocr_par' dir='ltr' id='par_1_8' title="bbox 1341 799 1467 820">
     <span class='ocr_line' id='line_1_63' title="bbox 1341 799 1467 820; baseline 0 0"><span class='ocrx_word' id='word_1_407' title='bbox 1341 799 1409 820; x_wconf 73' lang='lat' dir='ltr'>DUB.</span> <span class='ocrx_word' id='word_1_408' title='bbox 1435 799 1467 820; x_wconf 83' lang='lat' dir='ltr'>V.</span> 
     </span>
    </p>
   </div>
   <div class='ocr_carea' id='block_1_9' title="bbox 1063 864 1744 931">
    <p class='ocr_par' dir='ltr' id='par_1_9' title="bbox 1063 864 1744 931">
     <span class='ocr_line' id='line_1_64' title="bbox 1063 864 1744 893; baseline 0.001 -5"><span class='ocrx_word' id='word_1_409' title='bbox 1063 864 1219 893; x_wconf 83' lang='lat' dir='ltr'>Quibusdam</span> <span class='ocrx_word' id='word_1_410' title='bbox 1231 871 1283 888; x_wconf 92' lang='lat' dir='ltr'>non</span> <span class='ocrx_word' id='word_1_411' title='bbox 1299 864 1401 888; x_wconf 77' lang='lat' dir='ltr'>indocte</span> <span class='ocrx_word' id='word_1_412' title='bbox 1417 864 1517 888; x_wconf 77' lang='lat' dir='ltr'>videtur</span> <span class='ocrx_word' id='word_1_413' title='bbox 1531 864 1608 888; x_wconf 79' lang='lat' dir='ltr'>fidem</span> <span class='ocrx_word' id='word_1_414' title='bbox 1623 865 1744 889; x_wconf 84' lang='lat' dir='ltr'>virtutem</span> 
     </span>
     <span class='ocr_line' id='line_1_65' title="bbox 1184 899 1615 931; baseline 0 -7"><span class='ocrx_word' id='word_1_415' title='bbox 1184 902 1208 924; x_wconf 88' lang='lat' dir='ltr'>et</span> <span class='ocrx_word' id='word_1_416' title='bbox 1220 907 1292 931; x_wconf 84' lang='lat' dir='ltr'>spem</span> <span class='ocrx_word' id='word_1_417' title='bbox 1307 900 1334 923; x_wconf 95' lang='lat' dir='ltr'>in</span> <span class='ocrx_word' id='word_1_418' title='bbox 1346 907 1376 924; x_wconf 88' lang='lat' dir='ltr'>eo</span> <span class='ocrx_word' id='word_1_419' title='bbox 1392 906 1444 923; x_wconf 92' lang='lat' dir='ltr'>non</span> <span class='ocrx_word' id='word_1_420' title='bbox 1459 899 1551 929; x_wconf 83' lang='lat' dir='ltr'>fuisse,</span> <span class='ocrx_word' id='word_1_421' title='bbox 1566 902 1615 925; x_wconf 87' lang='lat' dir='ltr'>etc.</span> 
     </span>
    </p>
   </div>
   <div class='ocr_carea' id='block_1_10' title="bbox 1009 972 1790 2556">
    <p class='ocr_par' dir='ltr' id='par_1_10' title="bbox 1009 972 1790 2556">
     <span class='ocr_line' id='line_1_66' title="bbox 1052 972 1789 1013; baseline 0 -10"><span class='ocrx_word' id='word_1_422' title='bbox 1052 972 1206 1012; x_wconf 88' lang='lat' dir='ltr'>Objicitur</span> <span class='ocrx_word' id='word_1_423' title='bbox 1229 975 1339 1003; x_wconf 84' lang='lat' dir='ltr'>contra</span> <span class='ocrx_word' id='word_1_424' title='bbox 1363 973 1520 1012; x_wconf 87' lang='lat' dir='ltr'>primum,</span> <span class='ocrx_word' id='word_1_425' title='bbox 1543 973 1618 1013; x_wconf 87' lang='lat' dir='ltr'>quia</span> <span class='ocrx_word' id='word_1_426' title='bbox 1644 973 1683 1003; x_wconf 65' lang='lat' dir='ltr'>in&#39;</span> <span class='ocrx_word' id='word_1_427' title='bbox 1707 973 1789 1004; x_wconf 87' lang='lat' dir='ltr'>Psal-</span> 
     </span>
     <span class='ocr_line' id='line_1_67' title="bbox 1013 1027 1789 1066; baseline -0.001 -8"><span class='ocrx_word' id='word_1_428' title='bbox 1013 1036 1102 1058; x_wconf 88' lang='lat' dir='ltr'>mum</span> <span class='ocrx_word' id='word_1_429' title='bbox 1118 1027 1153 1066; x_wconf 67' lang='lat' dir='ltr'>(b)</span> <span class='ocrx_word' id='word_1_430' title='bbox 1166 1028 1221 1058; x_wconf 70' lang='grc' dir='ltr'>Ξ[η</span> <span class='ocrx_word' id='word_1_431' title='bbox 1232 1030 1273 1064; x_wconf 83' lang='lat' dir='ltr'>te,</span> <span class='ocrx_word' id='word_1_432' title='bbox 1285 1027 1426 1061; x_wconf 77' lang='lat' dir='ltr'>Domine,</span> <span class='ocrx_word' id='word_1_433' title='bbox 1438 1028 1578 1066; x_wconf 79' lang='lat' dir='ltr'>speravi,</span> <span class='ocrx_word' id='word_1_434' title='bbox 1588 1029 1660 1064; x_wconf 88' lang='grc'>010.,</span> <span class='ocrx_word' id='word_1_435' title='bbox 1673 1027 1789 1058; x_wconf 82' lang='lat' dir='ltr'>(licitur</span> 
     </span>
     <span class='ocr_line' id='line_1_68' title="bbox 1012 1080 1784 1119; baseline -0.004 -8"><span class='ocrx_word' id='word_1_436' title='bbox 1012 1081 1045 1111; x_wconf 94' lang='lat' dir='ltr'>in</span> <span class='ocrx_word' id='word_1_437' title='bbox 1056 1080 1162 1111; x_wconf 86' lang='lat' dir='ltr'>Glossa</span> <span class='ocrx_word' id='word_1_438' title='bbox 1175 1091 1181 1110; x_wconf 92' lang='lat'>:</span> <span class='ocrx_word' id='word_1_439' title='bbox 1197 1080 1286 1110; x_wconf 88' lang='lat' dir='ltr'>«Hoc</span> <span class='ocrx_word' id='word_1_440' title='bbox 1297 1080 1413 1110; x_wconf 82' lang='lat' dir='ltr'>dicitur</span> <span class='ocrx_word' id='word_1_441' title='bbox 1433 1080 1467 1110; x_wconf 88' lang='lat' dir='ltr'>in</span> <span class='ocrx_word' id='word_1_442' title='bbox 1486 1089 1620 1119; x_wconf 85' lang='lat' dir='ltr'>persona</span> <span class='ocrx_word' id='word_1_443' title='bbox 1630 1080 1755 1111; x_wconf 86' lang='lat' dir='ltr'>Christi.</span> <span class='ocrx_word' id='word_1_444' title='bbox 1770 1091 1784 1108; x_wconf 75' lang='grc' dir='ltr'>ι)</span> 
     </span>
     <span class='ocr_line' id='line_1_69' title="bbox 1013 1133 1789 1173; baseline 0 -9"><span class='ocrx_word' id='word_1_445' title='bbox 1013 1133 1098 1173; x_wconf 86' lang='lat' dir='ltr'>Ergo</span> <span class='ocrx_word' id='word_1_446' title='bbox 1113 1133 1254 1164; x_wconf 88' lang='lat' dir='ltr'>Christus</span> <span class='ocrx_word' id='word_1_447' title='bbox 1270 1133 1382 1163; x_wconf 84' lang='lat' dir='ltr'>habuit</span> <span class='ocrx_word' id='word_1_448' title='bbox 1402 1143 1503 1172; x_wconf 83' lang='lat' dir='ltr'>spem.</span> <span class='ocrx_word' id='word_1_449' title='bbox 1527 1133 1603 1164; x_wconf 89' lang='lat' dir='ltr'>ltem</span> <span class='ocrx_word' id='word_1_450' title='bbox 1620 1133 1680 1164; x_wconf 90' lang='lat' dir='ltr'>hoc</span> <span class='ocrx_word' id='word_1_451' title='bbox 1699 1134 1789 1164; x_wconf 87' lang='lat' dir='ltr'>vide-</span> 
     </span>
     <span class='ocr_line' id='line_1_70' title="bbox 1011 1187 1786 1227; baseline 0.003 -10"><span class='ocrx_word' id='word_1_452' title='bbox 1011 1189 1064 1217; x_wconf 90' lang='lat' dir='ltr'>tur</span> <span class='ocrx_word' id='word_1_453' title='bbox 1079 1187 1218 1217; x_wconf 88' lang='lat' dir='ltr'>ratione:</span> <span class='ocrx_word' id='word_1_454' title='bbox 1231 1188 1308 1227; x_wconf 84' lang='lat' dir='ltr'>quia</span> <span class='ocrx_word' id='word_1_455' title='bbox 1325 1187 1466 1217; x_wconf 86' lang='lat' dir='ltr'>Christus</span> <span class='ocrx_word' id='word_1_456' title='bbox 1482 1188 1541 1218; x_wconf 84' lang='lat' dir='ltr'>fuit</span> <span class='ocrx_word' id='word_1_457' title='bbox 1563 1188 1659 1218; x_wconf 90' lang='lat' dir='ltr'>simul</span> <span class='ocrx_word' id='word_1_458' title='bbox 1672 1188 1786 1226; x_wconf 85' lang='lat' dir='ltr'>viator,</span> 
     </span>
     <span class='ocr_line' id='line_1_71' title="bbox 1011 1240 1788 1280; baseline 0.003 -11"><span class='ocrx_word' id='word_1_459' title='bbox 1011 1242 1042 1269; x_wconf 89' lang='lat' dir='ltr'>et</span> <span class='ocrx_word' id='word_1_460' title='bbox 1055 1240 1318 1279; x_wconf 82' lang='lat' dir='ltr'>comprehensor;</span> <span class='ocrx_word' id='word_1_461' title='bbox 1332 1242 1363 1270; x_wconf 90' lang='lat' dir='ltr'>et</span> <span class='ocrx_word' id='word_1_462' title='bbox 1378 1240 1410 1270; x_wconf 91' lang='lat' dir='ltr'>in</span> <span class='ocrx_word' id='word_1_463' title='bbox 1430 1243 1590 1280; x_wconf 80' lang='lat' dir='ltr'>quantum</span> <span class='ocrx_word' id='word_1_464' title='bbox 1606 1241 1720 1278; x_wconf 80' lang='lat' dir='ltr'>viator,</span> <span class='ocrx_word' id='word_1_465' title='bbox 1733 1241 1788 1271; x_wconf 87' lang='lat' dir='ltr'>de-</span> 
     </span>
     <span class='ocr_line' id='line_1_72' title="bbox 1010 1292 1788 1332; baseline 0.005 -11"><span class='ocrx_word' id='word_1_466' title='bbox 1010 1292 1082 1322; x_wconf 85' lang='lat' dir='ltr'>fecit</span> <span class='ocrx_word' id='word_1_467' title='bbox 1100 1292 1134 1331; x_wconf 86' lang='lat' dir='ltr'>(c)</span> <span class='ocrx_word' id='word_1_468' title='bbox 1150 1292 1210 1322; x_wconf 88' lang='lat' dir='ltr'>sibi</span> <span class='ocrx_word' id='word_1_469' title='bbox 1225 1292 1304 1322; x_wconf 84' lang='lat' dir='ltr'>stola</span> <span class='ocrx_word' id='word_1_470' title='bbox 1321 1293 1480 1332; x_wconf 85' lang='lat' dir='ltr'>corporis:</span> <span class='ocrx_word' id='word_1_471' title='bbox 1500 1292 1527 1322; x_wconf 90' lang='lat' dir='ltr'>si</span> <span class='ocrx_word' id='word_1_472' title='bbox 1542 1302 1623 1332; x_wconf 88' lang='lat' dir='ltr'>ergo</span> <span class='ocrx_word' id='word_1_473' title='bbox 1646 1293 1788 1325; x_wconf 84' lang='lat' dir='ltr'>Christus</span> 
     </span>
     <span class='ocr_line' id='line_1_73' title="bbox 1010 1345 1788 1387; baseline 0.004 -12"><span class='ocrx_word' id='word_1_474' title='bbox 1010 1346 1070 1376; x_wconf 82' lang='lat' dir='ltr'>suit</span> <span class='ocrx_word' id='word_1_475' title='bbox 1080 1345 1214 1385; x_wconf 82' lang='lat' dir='ltr'>perfecte</span> <span class='ocrx_word' id='word_1_476' title='bbox 1224 1345 1337 1383; x_wconf 77' lang='lat' dir='ltr'>viator,</span> <span class='ocrx_word' id='word_1_477' title='bbox 1347 1346 1426 1376; x_wconf 88' lang='lat' dir='ltr'>sicut</span> <span class='ocrx_word' id='word_1_478' title='bbox 1437 1348 1466 1376; x_wconf 88' lang='lat' dir='ltr'>et</span> <span class='ocrx_word' id='word_1_479' title='bbox 1476 1346 1630 1385; x_wconf 82' lang='lat' dir='ltr'>perfectus</span> <span class='ocrx_word' id='word_1_480' title='bbox 1641 1356 1788 1387; x_wconf 87' lang='lat' dir='ltr'>compre-</span> 
     </span>
     <span class='ocr_line' id='line_1_74' title="bbox 1011 1398 1789 1437; baseline 0.003 -9"><span class='ocrx_word' id='word_1_481' title='bbox 1011 1398 1138 1435; x_wconf 85' lang='lat' dir='ltr'>hensor,</span> <span class='ocrx_word' id='word_1_482' title='bbox 1157 1398 1285 1428; x_wconf 91' lang='lat' dir='ltr'>videtur</span> <span class='ocrx_word' id='word_1_483' title='bbox 1307 1398 1393 1437; x_wconf 85' lang='lat' dir='ltr'>quod</span> <span class='ocrx_word' id='word_1_484' title='bbox 1409 1398 1519 1429; x_wconf 87' lang='lat' dir='ltr'>debuit</span> <span class='ocrx_word' id='word_1_485' title='bbox 1542 1398 1659 1430; x_wconf 86' lang='lat' dir='ltr'>habere</span> <span class='ocrx_word' id='word_1_486' title='bbox 1681 1400 1789 1430; x_wconf 89' lang='lat' dir='ltr'>omnia</span> 
     </span>
     <span class='ocr_line' id='line_1_75' title="bbox 1011 1451 1788 1492; baseline 0.001 -10"><span class='ocrx_word' id='word_1_487' title='bbox 1011 1451 1092 1482; x_wconf 88' lang='lat' dir='ltr'>dona</span> <span class='ocrx_word' id='word_1_488' title='bbox 1110 1451 1287 1490; x_wconf 83' lang='lat' dir='ltr'>gratiarum</span> <span class='ocrx_word' id='word_1_489' title='bbox 1300 1474 1306 1486; x_wconf 90' lang='lat'><strong>‚</strong></span> <span class='ocrx_word' id='word_1_490' title='bbox 1324 1453 1355 1481; x_wconf 91' lang='lat' dir='ltr'>et</span> <span class='ocrx_word' id='word_1_491' title='bbox 1368 1460 1479 1481; x_wconf 74' lang='lat' dir='ltr'>omnes</span> <span class='ocrx_word' id='word_1_492' title='bbox 1494 1451 1630 1482; x_wconf 86' lang='lat' dir='ltr'>virtutes</span> <span class='ocrx_word' id='word_1_493' title='bbox 1642 1461 1716 1492; x_wconf 83' lang='lat' dir='ltr'>quae</span> <span class='ocrx_word' id='word_1_494' title='bbox 1727 1461 1788 1483; x_wconf 87' lang='lat' dir='ltr'>res-</span> 
     </span>
     <span class='ocr_line' id='line_1_76' title="bbox 1011 1503 1788 1544; baseline 0.001 -9"><span class='ocrx_word' id='word_1_495' title='bbox 1011 1504 1132 1544; x_wconf 88' lang='lat' dir='ltr'>piciunt</span> <span class='ocrx_word' id='word_1_496' title='bbox 1156 1507 1275 1534; x_wconf 87' lang='lat' dir='ltr'>statum</span> <span class='ocrx_word' id='word_1_497' title='bbox 1299 1504 1372 1534; x_wconf 79' lang='lat' dir='ltr'>viae.</span> <span class='ocrx_word' id='word_1_498' title='bbox 1404 1503 1482 1534; x_wconf 82' lang='lat' dir='ltr'>Item</span> <span class='ocrx_word' id='word_1_499' title='bbox 1506 1505 1656 1544; x_wconf 82' lang='lat' dir='ltr'>objicitur</span> <span class='ocrx_word' id='word_1_500' title='bbox 1679 1508 1788 1536; x_wconf 88' lang='lat' dir='ltr'>contra</span> 
     </span>
     <span class='ocr_line' id='line_1_77' title="bbox 1011 1557 1789 1598; baseline 0.001 -10"><span class='ocrx_word' id='word_1_501' title='bbox 1011 1558 1187 1588; x_wconf 87' lang='lat' dir='ltr'>secundum</span> <span class='ocrx_word' id='word_1_502' title='bbox 1209 1557 1247 1588; x_wconf 91' lang='lat' dir='ltr'>de</span> <span class='ocrx_word' id='word_1_503' title='bbox 1270 1557 1386 1587; x_wconf 87' lang='lat' dir='ltr'>sanctis</span> <span class='ocrx_word' id='word_1_504' title='bbox 1404 1558 1473 1597; x_wconf 63' lang='grc' dir='ltr'>ι10111</span> <span class='ocrx_word' id='word_1_505' title='bbox 1494 1557 1694 1595; x_wconf 78' lang='lat' dir='ltr'>beatificatis,</span> <span class='ocrx_word' id='word_1_506' title='bbox 1711 1558 1789 1598; x_wconf 84' lang='lat' dir='ltr'>quia</span> 
     </span>
     <span class='ocr_line' id='line_1_78' title="bbox 1017 1610 1790 1651; baseline 0.001 -9"><span class='ocrx_word' id='word_1_507' title='bbox 1017 1611 1133 1642; x_wconf 85' lang='lat' dir='ltr'>dicitur</span> <span class='ocrx_word' id='word_1_508' title='bbox 1149 1613 1171 1648; x_wconf 78' lang='lat'>³,</span> <span class='ocrx_word' id='word_1_509' title='bbox 1190 1611 1274 1650; x_wconf 91' lang='lat' dir='ltr'>quod</span> <span class='ocrx_word' id='word_1_510' title='bbox 1289 1610 1415 1642; x_wconf 77' lang='lat' dir='ltr'>dz&#39;ctmn</span> <span class='ocrx_word' id='word_1_511' title='bbox 1430 1614 1475 1641; x_wconf 80' lang='lat' dir='ltr'>est</span> <span class='ocrx_word' id='word_1_512' title='bbox 1489 1612 1535 1642; x_wconf 79' lang='lat' dir='ltr'>eis</span> <span class='ocrx_word' id='word_1_513' title='bbox 1549 1611 1633 1651; x_wconf 78' lang='lat' dir='ltr'>quod</span> <span class='ocrx_word' id='word_1_514' title='bbox 1648 1615 1790 1651; x_wconf 67' lang='lat' dir='ltr'>expecta-</span> 
     </span>
     <span class='ocr_line' id='line_1_79' title="bbox 1013 1664 1788 1705; baseline -0.003 -8"><span class='ocrx_word' id='word_1_515' title='bbox 1013 1668 1081 1697; x_wconf 80' lang='lat' dir='ltr'>rent</span> <span class='ocrx_word' id='word_1_516' title='bbox 1093 1665 1197 1696; x_wconf 76' lang='lat' dir='ltr'>adhuc</span> <span class='ocrx_word' id='word_1_517' title='bbox 1208 1664 1368 1696; x_wconf 76' lang='lat' dir='ltr'>modicum</span> <span class='ocrx_word' id='word_1_518' title='bbox 1381 1667 1502 1703; x_wconf 78' lang='lat' dir='ltr'>tempus</span> <span class='ocrx_word' id='word_1_519' title='bbox 1515 1664 1554 1703; x_wconf 70' lang='lat' dir='ltr'>(d)</span> <span class='ocrx_word' id='word_1_520' title='bbox 1568 1673 1668 1704; x_wconf 86' lang='lat' dir='ltr'>:ergo</span> <span class='ocrx_word' id='word_1_521' title='bbox 1679 1665 1705 1695; x_wconf 89' lang='lat' dir='ltr'>si</span> <span class='ocrx_word' id='word_1_522' title='bbox 1718 1674 1788 1705; x_wconf 88' lang='lat' dir='ltr'>spes</span> 
     </span>
     <span class='ocr_line' id='line_1_80' title="bbox 1012 1717 1789 1758; baseline 0 -10"><span class='ocrx_word' id='word_1_523' title='bbox 1012 1721 1059 1748; x_wconf 92' lang='lat' dir='ltr'>est</span> <span class='ocrx_word' id='word_1_524' title='bbox 1084 1717 1281 1758; x_wconf 79' lang='lat' dir='ltr'>expectatio,</span> <span class='ocrx_word' id='word_1_525' title='bbox 1307 1717 1446 1754; x_wconf 83' lang='lat' dir='ltr'>videtur,</span> <span class='ocrx_word' id='word_1_526' title='bbox 1476 1719 1533 1747; x_wconf 89' lang='lat' dir='ltr'>etc.</span> <span class='ocrx_word' id='word_1_527' title='bbox 1565 1717 1643 1748; x_wconf 85' lang='lat' dir='ltr'>Item</span> <span class='ocrx_word' id='word_1_528' title='bbox 1672 1718 1789 1749; x_wconf 61' lang='lat' dir='ltr'>animae</span> 
     </span>
     <span class='ocr_line' id='line_1_81' title="bbox 1011 1770 1788 1810; baseline 0 -8"><span class='ocrx_word' id='word_1_529' title='bbox 1011 1774 1126 1802; x_wconf 74' lang='lat' dir='ltr'>sanctae</span> <span class='ocrx_word' id='word_1_530' title='bbox 1152 1771 1183 1801; x_wconf 91' lang='lat' dir='ltr'>in</span> <span class='ocrx_word' id='word_1_531' title='bbox 1206 1771 1307 1810; x_wconf 82' lang='lat' dir='ltr'>patria</span> <span class='ocrx_word' id='word_1_532' title='bbox 1331 1773 1499 1810; x_wconf 78' lang='lat' dir='ltr'>expectant</span> <span class='ocrx_word' id='word_1_533' title='bbox 1522 1770 1788 1810; x_wconf 84' lang='lat' dir='ltr'>glorificationem</span> 
     </span>
     <span class='ocr_line' id='line_1_82' title="bbox 1010 1824 1788 1865; baseline 0.001 -10"><span class='ocrx_word' id='word_1_534' title='bbox 1010 1834 1144 1855; x_wconf 87' lang='lat' dir='ltr'>suorum</span> <span class='ocrx_word' id='word_1_535' title='bbox 1166 1833 1357 1863; x_wconf 85' lang='lat' dir='ltr'>corporum,</span> <span class='ocrx_word' id='word_1_536' title='bbox 1382 1833 1455 1863; x_wconf 73' lang='lat' dir='ltr'>quae</span> <span class='ocrx_word' id='word_1_537' title='bbox 1478 1826 1525 1854; x_wconf 88' lang='lat' dir='ltr'>est</span> <span class='ocrx_word' id='word_1_538' title='bbox 1547 1824 1694 1863; x_wconf 84' lang='lat' dir='ltr'>quaedam</span> <span class='ocrx_word' id='word_1_539' title='bbox 1716 1834 1788 1865; x_wconf 85' lang='lat' dir='ltr'>pars</span> 
     </span>
     <span class='ocr_line' id='line_1_83' title="bbox 1010 1878 1788 1918; baseline 0.001 -10"><span class='ocrx_word' id='word_1_540' title='bbox 1010 1878 1236 1909; x_wconf 84' lang='lat' dir='ltr'>beatitudinis:</span> <span class='ocrx_word' id='word_1_541' title='bbox 1253 1878 1445 1908; x_wconf 77' lang='lat' dir='ltr'>resumendo</span> <span class='ocrx_word' id='word_1_542' title='bbox 1457 1878 1543 1908; x_wconf 88' lang='lat' dir='ltr'>enim</span> <span class='ocrx_word' id='word_1_543' title='bbox 1558 1887 1702 1918; x_wconf 87' lang='lat' dir='ltr'>corpora,</span> <span class='ocrx_word' id='word_1_544' title='bbox 1719 1887 1788 1918; x_wconf 89' lang='lat' dir='ltr'>per-</span> 
     </span>
     <span class='ocr_line' id='line_1_84' title="bbox 1010 1930 1789 1971; baseline 0.001 -10"><span class='ocrx_word' id='word_1_545' title='bbox 1010 1931 1122 1961; x_wconf 81' lang='lat' dir='ltr'>fectius</span> <span class='ocrx_word' id='word_1_546' title='bbox 1146 1930 1465 1970; x_wconf 85' lang='lat' dir='ltr'>contemplabuntur,</span> <span class='ocrx_word' id='word_1_547' title='bbox 1490 1931 1576 1971; x_wconf 81' lang='lat' dir='ltr'>quia,</span> <span class='ocrx_word' id='word_1_548' title='bbox 1609 1931 1692 1961; x_wconf 88' lang='lat' dir='ltr'>sicut</span> <span class='ocrx_word' id='word_1_549' title='bbox 1714 1931 1789 1962; x_wconf 81' lang='lat' dir='ltr'>dicit</span> 
     </span>
     <span class='ocr_line' id='line_1_85' title="bbox 1010 1985 1788 2024; baseline 0.001 -9"><span class='ocrx_word' id='word_1_550' title='bbox 1010 1985 1216 2024; x_wconf 84' lang='lat' dir='ltr'>Augustinus</span> <span class='ocrx_word' id='word_1_551' title='bbox 1227 1985 1248 2022; x_wconf 76' lang='lat'>⁵,</span> <span class='ocrx_word' id='word_1_552' title='bbox 1267 1997 1281 2013; x_wconf 83' lang='lat'>«</span> <span class='ocrx_word' id='word_1_553' title='bbox 1304 1985 1420 2015; x_wconf 81' lang='lat' dir='ltr'>animae</span> <span class='ocrx_word' id='word_1_554' title='bbox 1443 1987 1571 2024; x_wconf 83' lang='lat' dir='ltr'>propter</span> <span class='ocrx_word' id='word_1_555' title='bbox 1597 1985 1788 2016; x_wconf 72' lang='lat' dir='ltr'>desiderium</span> 
     </span>
     <span class='ocr_line' id='line_1_86' title="bbox 1010 2038 1786 2078; baseline 0.001 -10"><span class='ocrx_word' id='word_1_556' title='bbox 1010 2047 1179 2078; x_wconf 88' lang='lat' dir='ltr'>corporum</span> <span class='ocrx_word' id='word_1_557' title='bbox 1201 2038 1416 2074; x_wconf 79' lang='lat' dir='ltr'>retardantur,</span> <span class='ocrx_word' id='word_1_558' title='bbox 1432 2047 1472 2068; x_wconf 91' lang='lat' dir='ltr'>ne</span> <span class='ocrx_word' id='word_1_559' title='bbox 1485 2038 1618 2069; x_wconf 86' lang='lat' dir='ltr'>omnino</span> <span class='ocrx_word' id='word_1_560' title='bbox 1640 2039 1786 2070; x_wconf 65' lang='lat' dir='ltr'>ferantur</span> 
     </span>
     <span class='ocr_line' id='line_1_87' title="bbox 1009 2090 1788 2130; baseline 0.001 -9"><span class='ocrx_word' id='word_1_561' title='bbox 1009 2091 1042 2121; x_wconf 88' lang='lat' dir='ltr'>in</span> <span class='ocrx_word' id='word_1_562' title='bbox 1066 2100 1234 2121; x_wconf 86' lang='lat' dir='ltr'>summum</span> <span class='ocrx_word' id='word_1_563' title='bbox 1258 2091 1385 2121; x_wconf 85' lang='lat' dir='ltr'>coelum.</span> <span class='ocrx_word' id='word_1_564' title='bbox 1410 2102 1423 2119; x_wconf 76' lang='lat' dir='ltr'>n</span> <span class='ocrx_word' id='word_1_565' title='bbox 1446 2090 1525 2121; x_wconf 89' lang='lat' dir='ltr'>Item</span> <span class='ocrx_word' id='word_1_566' title='bbox 1540 2091 1691 2130; x_wconf 86' lang='lat' dir='ltr'>objicitur</span> <span class='ocrx_word' id='word_1_567' title='bbox 1714 2100 1788 2122; x_wconf 89' lang='lat' dir='ltr'>con-</span> 
     </span>
     <span class='ocr_line' id='line_1_88' title="bbox 1010 2144 1784 2184; baseline 0 -10"><span class='ocrx_word' id='word_1_568' title='bbox 1010 2147 1059 2174; x_wconf 83' lang='lat' dir='ltr'>tra</span> <span class='ocrx_word' id='word_1_569' title='bbox 1075 2145 1226 2182; x_wconf 80' lang='lat' dir='ltr'>tertium,</span> <span class='ocrx_word' id='word_1_570' title='bbox 1247 2144 1322 2184; x_wconf 86' lang='lat' dir='ltr'>quia</span> <span class='ocrx_word' id='word_1_571' title='bbox 1340 2144 1469 2175; x_wconf 85' lang='lat' dir='ltr'>videtur</span> <span class='ocrx_word' id='word_1_572' title='bbox 1493 2144 1579 2184; x_wconf 89' lang='lat' dir='ltr'>quod</span> <span class='ocrx_word' id='word_1_573' title='bbox 1603 2144 1710 2183; x_wconf 79' lang='lat' dir='ltr'>angeli</span> <span class='ocrx_word' id='word_1_574' title='bbox 1729 2144 1784 2174; x_wconf 83' lang='lat' dir='ltr'>ha-</span> 
     </span>
     <span class='ocr_line' id='line_1_89' title="bbox 1010 2197 1788 2238; baseline 0.001 -10"><span class='ocrx_word' id='word_1_575' title='bbox 1010 2199 1105 2228; x_wconf 85' lang='lat' dir='ltr'>beant</span> <span class='ocrx_word' id='word_1_576' title='bbox 1120 2207 1220 2238; x_wconf 85' lang='lat' dir='ltr'>spem,</span> <span class='ocrx_word' id='word_1_577' title='bbox 1235 2198 1349 2228; x_wconf 89' lang='lat' dir='ltr'>dicitur</span> <span class='ocrx_word' id='word_1_578' title='bbox 1361 2198 1448 2228; x_wconf 89' lang='lat' dir='ltr'>enim</span> <span class='ocrx_word' id='word_1_579' title='bbox 1463 2198 1472 2215; x_wconf 75' lang='lat'>³</span> <span class='ocrx_word' id='word_1_580' title='bbox 1487 2207 1493 2228; x_wconf 82' lang='lat' dir='ltr'>z</span> <span class='ocrx_word' id='word_1_581' title='bbox 1509 2198 1547 2228; x_wconf 88' lang='lat' dir='ltr'>In</span> <span class='ocrx_word' id='word_1_582' title='bbox 1557 2206 1650 2237; x_wconf 75' lang='lat' dir='ltr'>quem</span> <span class='ocrx_word' id='word_1_583' title='bbox 1662 2197 1788 2229; x_wconf 79' lang='lat' dir='ltr'>deside-</span> 
     </span>
     <span class='ocr_line' id='line_1_90' title="bbox 1010 2250 1786 2291; baseline -0.003 -8"><span class='ocrx_word' id='word_1_584' title='bbox 1010 2255 1084 2283; x_wconf 81' lang='lat' dir='ltr'>rant</span> <span class='ocrx_word' id='word_1_585' title='bbox 1107 2251 1213 2291; x_wconf 72' lang='lat' dir='ltr'>anyeh&#39;</span> <span class='ocrx_word' id='word_1_586' title='bbox 1232 2251 1424 2291; x_wconf 79' lang='lat' dir='ltr'>prospicere.</span> <span class='ocrx_word' id='word_1_587' title='bbox 1454 2250 1650 2281; x_wconf 77' lang='lat' dir='ltr'>Desiderium</span> <span class='ocrx_word' id='word_1_588' title='bbox 1679 2253 1786 2281; x_wconf 86' lang='lat' dir='ltr'>autem</span> 
     </span>
     <span class='ocr_line' id='line_1_91' title="bbox 1010 2303 1786 2344; baseline -0.001 -9"><span class='ocrx_word' id='word_1_589' title='bbox 1010 2307 1056 2336; x_wconf 89' lang='lat' dir='ltr'>est</span> <span class='ocrx_word' id='word_1_590' title='bbox 1076 2307 1220 2344; x_wconf 82' lang='lat' dir='ltr'>respectu</span> <span class='ocrx_word' id='word_1_591' title='bbox 1247 2313 1313 2334; x_wconf 90' lang='lat' dir='ltr'>non</span> <span class='ocrx_word' id='word_1_592' title='bbox 1334 2303 1434 2334; x_wconf 83' lang='lat' dir='ltr'>habiti</span> <span class='ocrx_word' id='word_1_593' title='bbox 1453 2314 1460 2334; x_wconf 79' lang='lat' dir='ltr'>t</span> <span class='ocrx_word' id='word_1_594' title='bbox 1484 2312 1563 2342; x_wconf 85' lang='lat' dir='ltr'>ergo</span> <span class='ocrx_word' id='word_1_595' title='bbox 1579 2304 1605 2333; x_wconf 86' lang='lat' dir='ltr'>si</span> <span class='ocrx_word' id='word_1_596' title='bbox 1622 2303 1660 2334; x_wconf 92' lang='lat' dir='ltr'>de</span> <span class='ocrx_word' id='word_1_597' title='bbox 1675 2304 1786 2334; x_wconf 78' lang='lat' dir='ltr'>eodem</span> 
     </span>
     <span class='ocr_line' id='line_1_92' title="bbox 1010 2356 1784 2399; baseline -0.003 -10"><span class='ocrx_word' id='word_1_598' title='bbox 1010 2360 1111 2399; x_wconf 87' lang='lat' dir='ltr'>potest</span> <span class='ocrx_word' id='word_1_599' title='bbox 1126 2367 1194 2388; x_wconf 83' lang='lat' dir='ltr'>esse</span> <span class='ocrx_word' id='word_1_600' title='bbox 1215 2367 1304 2398; x_wconf 80' lang='lat' dir='ltr'>spes,</span> <span class='ocrx_word' id='word_1_601' title='bbox 1321 2357 1360 2388; x_wconf 91' lang='lat' dir='ltr'>de</span> <span class='ocrx_word' id='word_1_602' title='bbox 1380 2365 1445 2397; x_wconf 89' lang='lat' dir='ltr'>quo</span> <span class='ocrx_word' id='word_1_603' title='bbox 1463 2359 1493 2388; x_wconf 88' lang='lat' dir='ltr'>et</span> <span class='ocrx_word' id='word_1_604' title='bbox 1509 2357 1699 2387; x_wconf 86' lang='lat' dir='ltr'>desiderium</span> <span class='ocrx_word' id='word_1_605' title='bbox 1712 2380 1720 2394; x_wconf 85' lang='lat'>‚</span> <span class='ocrx_word' id='word_1_606' title='bbox 1736 2356 1784 2388; x_wconf 90' lang='lat' dir='ltr'>vi-</span> 
     </span>
     <span class='ocr_line' id='line_1_93' title="bbox 1011 2409 1784 2452; baseline -0.001 -10"><span class='ocrx_word' id='word_1_607' title='bbox 1011 2412 1104 2442; x_wconf 86' lang='lat' dir='ltr'>detur</span> <span class='ocrx_word' id='word_1_608' title='bbox 1119 2421 1200 2450; x_wconf 87' lang='lat' dir='ltr'>ergo</span> <span class='ocrx_word' id='word_1_609' title='bbox 1214 2411 1299 2452; x_wconf 91' lang='lat' dir='ltr'>quod</span> <span class='ocrx_word' id='word_1_610' title='bbox 1314 2410 1424 2450; x_wconf 88' lang='lat' dir='ltr'>angeli</span> <span class='ocrx_word' id='word_1_611' title='bbox 1440 2412 1577 2450; x_wconf 88' lang='lat' dir='ltr'>sperent.</span> <span class='ocrx_word' id='word_1_612' title='bbox 1592 2409 1669 2440; x_wconf 82' lang='lat' dir='ltr'>Item</span> <span class='ocrx_word' id='word_1_613' title='bbox 1684 2419 1784 2450; x_wconf 86' lang='lat' dir='ltr'>ange-</span> 
     </span>
     <span class='ocr_line' id='line_1_94' title="bbox 1011 2463 1784 2504; baseline -0.003 -9"><span class='ocrx_word' id='word_1_614' title='bbox 1011 2464 1048 2495; x_wconf 91' lang='lat' dir='ltr'>lis</span> <span class='ocrx_word' id='word_1_615' title='bbox 1059 2467 1213 2495; x_wconf 86' lang='lat' dir='ltr'>accrescet</span> <span class='ocrx_word' id='word_1_616' title='bbox 1225 2464 1328 2504; x_wconf 82' lang='lat' dir='ltr'>gloria</span> <span class='ocrx_word' id='word_1_617' title='bbox 1343 2463 1491 2503; x_wconf 83' lang='lat' dir='ltr'>quaedam</span> <span class='ocrx_word' id='word_1_618' title='bbox 1506 2465 1536 2493; x_wconf 88' lang='lat' dir='ltr'>et</span> <span class='ocrx_word' id='word_1_619' title='bbox 1551 2463 1644 2494; x_wconf 89' lang='lat' dir='ltr'>decor</span> <span class='ocrx_word' id='word_1_620' title='bbox 1659 2463 1698 2494; x_wconf 83' lang='lat' dir='ltr'>de</span> <span class='ocrx_word' id='word_1_621' title='bbox 1713 2463 1784 2502; x_wconf 88' lang='lat' dir='ltr'>glo-</span> 
     </span>
     <span class='ocr_line' id='line_1_95' title="bbox 1010 2515 1786 2556; baseline -0.003 -8"><span class='ocrx_word' id='word_1_622' title='bbox 1010 2517 1186 2549; x_wconf 86' lang='lat' dir='ltr'>rificatione</span> <span class='ocrx_word' id='word_1_623' title='bbox 1211 2522 1321 2548; x_wconf 79' lang='lat' dir='ltr'>nostra</span> <span class='ocrx_word' id='word_1_624' title='bbox 1349 2519 1380 2547; x_wconf 91' lang='lat' dir='ltr'>et</span> <span class='ocrx_word' id='word_1_625' title='bbox 1400 2515 1596 2547; x_wconf 81' lang='lat' dir='ltr'>beatitudine</span> <span class='ocrx_word' id='word_1_626' title='bbox 1623 2526 1630 2547; x_wconf 92' lang='lat'>:</span> <span class='ocrx_word' id='word_1_627' title='bbox 1657 2516 1683 2546; x_wconf 90' lang='lat' dir='ltr'>si</span> <span class='ocrx_word' id='word_1_628' title='bbox 1706 2525 1786 2556; x_wconf 82' lang='lat' dir='ltr'>ergo</span> 
     </span>
    </p>
   </div>
   <div class='ocr_carea' id='block_1_11' title="bbox 1012 2597 1785 2666">
    <p class='ocr_par' dir='ltr' id='par_1_11' title="bbox 1012 2597 1785 2666">
     <span class='ocr_line' id='line_1_96' title="bbox 1043 2597 1785 2629; baseline 0 -8"><span class='ocrx_word' id='word_1_629' title='bbox 1043 2598 1075 2629; x_wconf 81' lang='lat' dir='ltr'>(a)</span> <span class='ocrx_word' id='word_1_630' title='bbox 1088 2598 1148 2621; x_wconf 62' lang='lat' dir='ltr'>Coei&#39;.</span> <span class='ocrx_word' id='word_1_631' title='bbox 1160 2598 1220 2622; x_wconf 70' lang='lat' dir='ltr'>eda.</span> <span class='ocrx_word' id='word_1_632' title='bbox 1237 2598 1387 2622; x_wconf 73' lang='lat' dir='ltr'>suturarum.</span> <span class='ocrx_word' id='word_1_633' title='bbox 1402 2610 1431 2613; x_wconf 92' lang='lat'>—-</span> <span class='ocrx_word' id='word_1_634' title='bbox 1442 2597 1470 2626; x_wconf 57' lang='lat' dir='ltr'>(la)</span> <span class='ocrx_word' id='word_1_635' title='bbox 1488 2597 1634 2621; x_wconf 86' lang='lat' dir='ltr'>Psalm0.—</span> <span class='ocrx_word' id='word_1_636' title='bbox 1647 2600 1673 2625; x_wconf 65' lang='lat' dir='ltr'>(c,</span> <span class='ocrx_word' id='word_1_637' title='bbox 1693 2597 1785 2621; x_wconf 79' lang='lat' dir='ltr'>deficit.</span> 
     </span>
     <span class='ocr_line' id='line_1_97' title="bbox 1012 2634 1785 2666; baseline -0.001 -8"><span class='ocrx_word' id='word_1_638' title='bbox 1012 2635 1046 2665; x_wconf 84' lang='lat' dir='ltr'>(d)</span> <span class='ocrx_word' id='word_1_639' title='bbox 1064 2635 1138 2666; x_wconf 83' lang='lat' dir='ltr'>Vulg.</span> <span class='ocrx_word' id='word_1_640' title='bbox 1154 2636 1209 2659; x_wconf 67' lang='lat' dir='ltr'>illis</span> <span class='ocrx_word' id='word_1_641' title='bbox 1225 2638 1250 2659; x_wconf 79' lang='lat' dir='ltr'>ue</span> <span class='ocrx_word' id='word_1_642' title='bbox 1263 2635 1439 2666; x_wconf 65' lang='lat' dir='ltr'>requiescet-en!</span> <span class='ocrx_word' id='word_1_643' title='bbox 1452 2638 1546 2665; x_wconf 55' lang='lat' dir='ltr'>tempus*</span> <span class='ocrx_word' id='word_1_644' title='bbox 1559 2634 1639 2658; x_wconf 76' lang='lat' dir='ltr'>adhuc</span> <span class='ocrx_word' id='word_1_645' title='bbox 1653 2634 1785 2659; x_wconf 77' lang='lat' dir='ltr'>modicum.</span> 
     </span>
    </p>
   </div>
  </div>
 </body>
</html>
