1997 2986
28 495 63 518 Aa
81 502 132 523 opp.

674 143 769 174 niST.
796 143 818 172 Ι.
844 140 933 172 Ali'l‘.
959 139 982 171 l.
1008 140 1160 178 QUAEST.
1188 141 1240 171 lll.

147 216 322 249 incarnatio
330 224 395 246 non
405 214 502 246 habet
510 213 722 254 inceptionem
731 210 790 241 nisi
801 209 923 240 ratione

147 272 252 304 carnis
268 281 275 301 ι
291 279 370 309 ergo
385 269 454 310 pari
473 268 595 299 ratione
613 277 671 298 nec
686 263 849 297 numerari
866 262 925 293 ha-

148 326 201 357 bet
223 325 285 356 nisi
309 324 432 355 ratione
452 322 580 353 carnis:
602 330 681 360 ergo
695 329 753 351 nec
779 317 926 358 pluribus

147 377 422 410 incarnationibus
433 401 440 412 ,
457 386 514 406 nec
530 375 639 412 unica,
657 374 763 414 plures
781 379 924 412 personffl

149 434 281 473 possunt
289 440 452 462 assumere
461 440 560 461 unam
567 432 595 460 et
605 427 750 459 eam-lein
763 428 924 456 naturam.

189 486 250 518 Sed
266 487 377 516 contra
396 496 402 515 z
425 487 449 515 t.
472 483 621 515 Humana
641 484 754 512 natura
770 479 925 509 idoneita-

151 542 214 571 tem
230 539 325 570 habet
341 539 379 569 ad
402 539 462 569 hoc
473 562 481 574 ,
505 539 540 568 ut
555 537 737 567 assumatur
752 544 770 563 a
791 541 925 573 persona

150 594 182 624 in
198 595 358 634 quantum
379 594 427 623 est
442 592 551 630 imago
572 600 579 619 :
600 589 652 620 sed
678 597 742 619 una
763 589 794 617 et
815 585 925 615 eadem

149 648 258 679 anima
274 649 321 678 est
340 646 449 685 imago
468 644 568 675 trium
592 649 802 683 personarum
829 637 926 669 simul

149 703 180 732 et
194 700 292 732 semel
308 709 316 730 :
342 707 420 738 ergo
442 698 570 729 videtur
592 695 678 736 quod
697 704 717 725 a
733 694 833 724 tribus
851 702 926 733 per-

149 754 236 786 sonis
251 753 349 794 possit
364 751 460 783 simul
475 754 507 782 et
519 750 616 782 semel
631 748 763 780 assumi.

191 810 220 838 2.
237 807 316 838 ltem
332 816 397 838 una
408 814 543 846 persona
562 806 663 845 potest
677 810 842 834 assumere
856 800 926 841 plu-

153 870 202 893 res
211 864 361 898 naturas,
377 862 408 891 et
423 859 502 890 nihil
516 858 647 899 impedit
659 856 744 897 quod
761 855 813 886 Dei
829 854 928 885 Filius

151 924 216 946 non
229 914 326 955 possit
339 922 502 944 assumere
515 921 618 943 unum
634 911 733 941 alium
750 909 925 945 hominem,

150 978 223 1000 cum
239 970 379 999 arctatus
401 976 466 998 non
490 967 530 997 sit
549 966 588 997 ad
614 965 702 996 illam
726 963 924 1003 singularem

150 1025 299 1053 naturam
309 1046 317 1059 ,
344 1030 442 1062 quam
473 1019 645 1059 assumpsit
662 1029 668 1048 :
695 1026 773 1057 ergo
802 1016 929 1047 videtur

151 1076 218 1116 pari
241 1075 362 1106 ratione
372 1100 379 1112 ‚
403 1074 489 1115 quod
512 1074 618 1114 plures
641 1080 785 1113 personae
809 1071 930 1111 possint

150 1138 314 1160 assumere
330 1137 429 1159 unam
443 1131 473 1158 et
494 1126 640 1158 eamdem
658 1128 807 1156 naturam
820 1149 827 1163 ,
853 1133 928 1155 eum

151 1182 195 1213 ita
210 1182 330 1223 possint
348 1181 455 1222 plures
477 1189 620 1221 personae
641 1187 804 1210 assumere
826 1186 927 1208 unam

151 1238 300 1267 naturam
310 1259 317 1272 ‚
336 1235 421 1266 sicut
436 1243 570 1275 persona
583 1243 649 1264 una
663 1233 771 1274 plures
786 1234 927 1263 naturas.

191 1291 220 1320 3.
238 1289 316 1321 ltem
337 1289 443 1329 gratia
457 1288 553 1319 habet
567 1287 760 1319 conformari
775 1288 901 1317 naturae
920 1296 926 1315 z

150 1344 205 1376 sed
217 1343 322 1384 plures
335 1352 480 1384 personae
493 1342 611 1373 divinae
622 1341 862 1373 communicant
873 1348 930 1380 per

151 1400 301 1428 naturam
314 1397 347 1428 in
362 1406 427 1428 una
441 1396 619 1427 substantia
629 1420 637 1434 ‚
655 1398 686 1426 et
700 1395 836 1426 essentia
851 1394 927 1424 sim-

151 1451 276 1492 pliciter
287 1460 352 1482 una
367 1462 373 1481 :
386 1459 466 1491 ergo
477 1450 545 1490 pari
559 1449 682 1481 ratione
693 1448 930 1480 communicare

152 1507 283 1546 possunt
299 1505 333 1536 in
349 1514 414 1536 una
430 1506 545 1535 natura
561 1513 619 1544 per
634 1503 789 1534 unionem
804 1502 928 1542 gratui-

153 1561 220 1590 tam
236 1569 244 1590 :
261 1568 340 1599 ergo
354 1559 462 1599 plures
477 1566 620 1599 personae
637 1560 769 1598 possunt
784 1566 885 1588 unam
901 1559 931 1588 et

153 1613 298 1644 eamdem
314 1614 464 1643 naturam
479 1620 654 1643 assumere.

193 1669 223 1698 4.
236 1666 314 1698 Item
327 1668 384 1697 aut
396 1675 461 1697 una
474 1668 600 1703 natura,
614 1673 688 1704 quae
701 1664 876 1695 assumitur
890 1664 930 1695 ab

153 1730 219 1753 una
227 1729 373 1762 persona,
386 1721 487 1760 potest
496 1717 617 1750 assumi
631 1718 672 1748 ab
684 1718 756 1757 alia,
772 1720 830 1749 aut
843 1727 908 1749 non
921 1729 928 1749 :

152 1775 179 1806 si
203 1774 247 1805 sic
259 1798 266 1810 ,
292 1773 395 1805 habeo
420 1773 638 1814 propositum;
665 1772 691 1803 si
712 1781 776 1803 non
788 1796 796 1809 ‚
820 1781 932 1813 quaero

153 1827 231 1868 quid
252 1827 401 1868 impedit,
425 1836 499 1858 cum
522 1835 588 1858 non
614 1826 653 1857 sit
674 1826 718 1857 ibi
740 1826 800 1856 nisi
817 1829 931 1858 natura

152 1883 258 1913 creata
268 1905 276 1918 ‚
293 1883 324 1912 et
338 1890 473 1921 persona
488 1881 607 1912 divina.
625 1881 691 1912 Aut
706 1889 785 1920 ergo
800 1881 861 1912 erit
874 1881 932 1911 im-

153 1935 374 1976 pedimentum
385 1944 426 1966 ex
437 1937 525 1975 parte
538 1937 663 1965 naturae
676 1937 803 1971 creatae,
819 1937 876 1965 aut
891 1944 932 1966 ex

154 1991 243 2029 parte
258 1997 403 2029 persona:
417 1988 535 2019 divinae
551 1999 558 2019 :
574 1987 630 2019 sed
644 1997 685 2019 ex
700 1991 789 2028 parte
803 1990 929 2019 naturae

153 2044 268 2073 creatae
286 2051 351 2073 non
367 2044 482 2082 potest,
508 2042 652 2073 cumina
672 2042 835 2082 subjaceat
859 2051 933 2073 om—

154 2096 232 2126 nino
246 2096 397 2136 potentiae
410 2095 529 2127 divinae
548 2104 712 2136 personae3
729 2105 769 2126 ex
785 2098 874 2136 parte
887 2096 933 2127 di-

154 2149 239 2180 vinae
255 2158 399 2190 personae
414 2159 499 2188 non,
520 2149 596 2190 quia
612 2150 694 2180 inter
713 2150 839 2181 divinas
858 2159 934 2191 per-

154 2211 249 2234 sonas
263 2202 351 2234 nulla
369 2206 417 2233 est
432 2203 609 2234 resistentia
619 2227 627 2240 ‚
643 2203 731 2234 nulla
745 2206 791 2234 est
813 2213 933 2244 repug-

155 2256 284 2294 nantia,
313 2265 389 2287 cum
411 2266 476 2288 una
499 2256 595 2287 aliam
620 2257 880 2296 circumincedat,
903 2260 935 2289 et

156 2320 222 2342 una
236 2310 276 2341 sit
297 2319 370 2342 cum
385 2311 447 2342 alia
462 2322 468 2342 :
487 2320 566 2351 ergo
581 2311 607 2342 si
628 2311 756 2342 nullum
771 2314 817 2342 est
833 2312 934 2353 impe-

156 2364 355 2402 dimentum,
379 2365 506 2396 videtur
521 2365 708 2405 simpliciter
727 2366 812 2405 quod
828 2366 936 2406 plures

157 2426 301 2458 personae
318 2419 439 2459 possint
455 2419 619 2450 hominem
640 2428 744 2450 unum
759 2428 933 2452 assumere.

189 2482 224 2513 (a)
239 2482 300 2506 Coet.
315 2481 376 2507 edre.
389 2483 533 2508 unitate-
547 2482 580 2514 (b)
602 2484 662 2508 coet.
678 2483 740 2509 edit.
755 2486 834 2508 tenet.

1727 150 1761 176 ¹3

1260 271 1489 304 CONCLUSIO.

983 355 1074 381 Plures
1090 362 1216 390 personas
1235 362 1315 380 utiam
1330 362 1439 380 numero
1462 358 1589 382 naturam
1611 365 1758 389 assumere,

1061 408 1106 426 nec
1120 402 1156 426 es!
1171 399 1316 434 possibile,
1333 407 1378 425 nec
1392 400 1475 426 etiarn
1493 401 1681 435 iutellt'yt'bt'le.

1025 480 1115 520 llesp.
1135 481 1173 511 ad
1191 491 1261 520 arg.
1279 481 1451 512 Dicendum
1467 482 1570 522 quod,
1592 483 1674 514 sicut
1687 483 1761 514 dicit

983 535 1164 573 Anselinuffi
1176 535 1282 575 plures
1293 544 1436 574 personre
1446 545 1508 566 non
1521 540 1651 577 possunt
1660 546 1762 568 unum

983 591 1013 618 et
1030 588 1181 619 eumdem
1197 587 1362 619 hominem
1378 598 1541 620 assumere
1552 614 1560 626 ‚
1587 600 1651 622 non
1667 600 1763 632 prop-

984 644 1031 672 ter
1041 642 1198 673 desectum
1210 642 1369 682 potentiae,
1378 643 1431 673 sed
1441 646 1570 683 propter
1581 653 1763 684 repugnan-

983 696 1060 726 tiam
1073 695 1332 726 contradictionis
1342 696 1515 736 implicitae.
1528 697 1653 728 Sienim
1661 698 1765 738 plures

984 759 1128 790 persona}
1141 751 1344 780 assumerent
1357 759 1459 781 unuin
1471 750 1635 782 hominem
1647 751 1684 782 ad
1698 752 1767 782 uni-

984 805 1080 834 tatem
1095 803 1190 834 talem
1200 828 1207 842 ,
1219 813 1293 844 quae
1311 804 1425 835 iaceret
1440 805 1765 836 communicationem

984 857 1185 895 idiomaium;
1195 861 1335 897 ergoaut
1343 861 1544 889 assumerent
1554 859 1585 889 in
1596 859 1764 897 unitatem,

983 920 1057 951 quse
1072 913 1151 942 esset
1170 911 1276 942 unitas
1292 921 1366 952 quae
1387 913 1518 952 quidem
1539 922 1572 944 se
1587 915 1707 944 teneret
1727 923 1767 945 ex

986 967 1074 1004 parte
1088 965 1292 1003 assumentis,
1303 966 1522 1006 autassumpti
1542 977 1548 996 :
1568 966 1593 997 si
1613 966 1646 997 in
1659 968 1767 998 unita-

985 1021 1048 1049 tem
1059 1028 1132 1058 quae
1142 1019 1271 1058 quidem
1283 1028 1316 1050 se
1327 1022 1447 1050 teneret
1458 1029 1498 1050 ex
1506 1022 1594 1060 parte
1603 1030 1767 1052 assumen-

986 1072 1035 1109 tis,
1048 1081 1123 1102 cum
1135 1081 1175 1103 ex
1187 1075 1277 1112 parte
1293 1074 1484 1104 assumentis
1496 1083 1559 1104 non
1576 1074 1616 1104 sit
1628 1075 1768 1115 reperire

985 1125 1046 1155 nisi
1063 1125 1218 1156 unitatem
1234 1126 1434 1166 personalem
1445 1129 1475 1157 et
1492 1127 1647 1158 unitatem
1664 1137 1768 1159 essen-

986 1178 1108 1217 tialem,
1141 1181 1217 1210 tunc
1250 1180 1358 1220 plures
1387 1190 1530 1220 personae
1566 1186 1768 1213 assumerent

986 1242 1085 1264 unam
1109 1235 1257 1264 naturam
1285 1234 1318 1264 in
1340 1234 1497 1266 unitatem
1524 1236 1690 1275 essentiae,
1717 1237 1767 1267 vel

987 1286 1142 1317 unitatem
1155 1296 1300 1327 personae
1313 1299 1319 1318 :
1332 1288 1385 1318 sed
1402 1290 1578 1329 utrumque
1589 1289 1706 1320 horum
1722 1292 1769 1320 est

986 1340 1183 1380 impossibile
1196 1341 1383 1382 simpliciter
1398 1351 1406 1373 ι
1419 1351 1495 1373 nam
1507 1343 1613 1383 plures
1623 1351 1768 1383 personae

987 1396 1105 1428 divinae
1121 1406 1185 1428 non
1197 1401 1331 1438 possunt
1345 1399 1516 1431 convenire
1532 1399 1566 1430 in
1577 1409 1642 1431 una
1658 1409 1766 1440 perso-

987 1460 1044 1489 na,
1070 1460 1128 1482 nec
1151 1454 1267 1483 natura
1293 1455 1398 1484 creata
1421 1455 1451 1484 et
1473 1453 1612 1484 increata
1634 1455 1769 1493 possunt

986 1505 1123 1536 transire
1147 1505 1182 1536 in
1197 1515 1297 1537 unam
1318 1509 1479 1538 naturam.
1497 1506 1529 1538 Si
1549 1509 1658 1538 autem
1679 1517 1767 1539 assu-

988 1560 1112 1589 merent
1126 1559 1160 1589 in
1177 1560 1333 1591 unitatem
1353 1560 1393 1599 (a)
1421 1569 1495 1600 quae
1516 1561 1648 1601 quidem
1667 1570 1700 1592 se
1721 1564 1770 1593 te,—

988 1614 1078 1642 neret
1091 1612 1127 1651 (b)
1145 1621 1186 1643 ex
1201 1615 1289 1652 parte
1303 1614 1471 1653 assumpti,
1484 1623 1559 1645 cum
1574 1614 1628 1645 illa
1641 1615 1682 1645 sit
1695 1615 1770 1646 uni-

988 1667 1035 1695 tas
1050 1665 1273 1705 individualis,
1295 1670 1496 1698 assumerent
1516 1677 1596 1707 ergo
1611 1668 1645 1699 in
1662 1669 1770 1699 unita—

987 1720 1053 1749 tem
1068 1718 1226 1750 individui
1244 1731 1250 1750 :
1268 1720 1322 1751 sed
1338 1720 1417 1751 illud
1433 1720 1539 1751 adhuc
1555 1724 1602 1752 est
1616 1721 1768 1762 impossi-

988 1772 1049 1803 bile
1060 1797 1067 1810 ‚
1084 1774 1160 1813 quia
1175 1783 1342 1805 assumens
1356 1783 1423 1806 non
1442 1775 1581 1806 trahitur
1595 1776 1635 1807 ad
1661 1776 1770 1807 unita-

989 1829 1053 1857 tem
1068 1828 1241 1868 assumpti,
1259 1828 1314 1859 sed
1330 1829 1436 1868 potius
1453 1829 1551 1860 trahit
1566 1833 1768 1871 assumptum

989 1882 1028 1913 ad
1051 1883 1208 1914 unitatem
1230 1884 1418 1924 propriam:
1443 1894 1520 1915 nam
1537 1895 1701 1917 assumere
1723 1889 1771 1918 est

989 1936 1027 1967 ad
1045 1945 1079 1968 se
1097 1946 1236 1968 sumere.
1253 1937 1292 1969 Et
1311 1938 1355 1969 sic
1377 1941 1463 1979 patet
1477 1939 1563 1979 quod
1574 1963 1582 1976 ,
1605 1939 1631 1970 si
1646 1940 1771 1971 dicatur

990 1991 1053 2020 tres
1075 1999 1226 2030 personas
1247 2001 1413 2023 assumere
1436 2002 1540 2024 unum
1563 1995 1594 2023 et
1618 1993 1770 2024 eumdem

989 2042 1173 2083 hominem,
1191 2045 1344 2076 omnibus
1365 2045 1468 2077 modis
1488 2046 1673 2086 implicatur
1687 2056 1764 2078 con-

991 2097 1152 2136 tradictio,
1175 2099 1244 2130 sive
1266 2098 1465 2139 intelligatur
1489 2099 1574 2139 quod
1593 2100 1770 2140 assumptio

991 2151 1047 2182 fiat
1068 2152 1101 2182 in
1121 2152 1277 2184 unitatem
1301 2155 1444 2191 naturae,
1471 2153 1539 2184 sive
1558 2153 1592 2184 in
1615 2153 1770 2185 unitatem

991 2214 1148 2245 personae.
1165 2205 1247 2236 Nam
1262 2206 1288 2236 si
1301 2207 1340 2237 sit
1358 2206 1430 2237 talis
1451 2206 1628 2246 assumptio
1648 2207 1682 2237 in
1697 2207 1770 2238 uni-

992 2260 1089 2289 tatem
1100 2261 1226 2291 naturae
1239 2284 1246 2297 ‚
1263 2269 1342 2300 ergo
1356 2269 1397 2291 ex
1414 2260 1523 2291 divina
1534 2262 1650 2292 natura
1664 2262 1696 2291 et
1708 2260 1771 2292 hu-

992 2321 1089 2343 mana
1103 2313 1306 2345 constituitur
1319 2323 1385 2345 una
1399 2317 1517 2345 natura
1534 2325 1540 2345 :
1558 2323 1637 2354 ergo
1648 2323 1714 2345 non
1725 2316 1771 2345 est

991 2366 1151 2398 distinctio
1174 2368 1366 2399 assumentis
1385 2368 1425 2400 ad
1440 2369 1643 2408 assumptum
1661 2378 1668 2398 ι
1692 2375 1771 2407 ergo

993 2430 1050 2452 nec
1063 2421 1240 2462 assumptio
1256 2431 1343 2453 vera.
1361 2422 1394 2453 Si
1409 2424 1517 2453 autem
1538 2421 1579 2451 sit
1593 2421 1770 2461 assumptio

993 2474 1026 2505 in
1041 2475 1198 2506 unitatem
1215 2485 1377 2516 personae,
1401 2485 1481 2516 ergo
1502 2475 1610 2516 plures
1626 2483 1770 2514 personae

992 2529 1234 2560 communicant
1246 2530 1280 2560 in
1290 2539 1390 2561 unam
1403 2537 1573 2570 personam
1587 2536 1687 2568 :ergo
1702 2527 1771 2568 plu-

992 2591 1044 2615 res
1058 2592 1202 2624 personae
1213 2593 1280 2616 non
1292 2587 1368 2616 sunt
1379 2584 1486 2625 plures
1501 2591 1657 2624 personae.
1671 2581 1704 2614 Si
1714 2591 1770 2614 au-

992 2639 1057 2668 tem
1065 2637 1105 2668 sit
1114 2637 1291 2678 assumptio
1299 2638 1334 2669 in
1345 2638 1501 2669 unitatem
1510 2635 1684 2674 individui.
1694 2644 1770 2667 cum
