2017 2960
849 224 1040 256 DlS'l'lNC'l'.
1066 225 1119 256 lll.
1755 227 1792 255 53

177 298 222 330 sic
235 296 317 329 Deus
333 294 426 327 Pater
444 293 595 326 formavit
612 301 741 324 carnem
756 294 954 333 assumptam

178 350 335 382 mediante
346 348 463 389 Spiritu
476 350 595 378 sancto.
612 346 647 378 ln
657 347 718 378 hoc
731 348 777 377 est
790 346 952 385 dissimile,

178 404 253 445 quia
267 403 398 443 spiritus
416 402 554 442 spiratus
569 411 587 432 a
602 402 748 432 creatura
761 402 809 430 est
823 399 956 431 vehicu-

177 457 245 489 lum
260 455 360 495 verbi,
379 465 444 487 non
461 456 504 486 sic
517 455 655 496 Spiritus
669 457 796 485 sanctus
812 463 955 494 persona}

179 510 270 542 Filii:
293 519 454 550 nusquam
480 510 565 540 enim
590 511 636 540 est
660 517 795 548 persona
820 507 957 548 Spiritus

177 563 294 602 sancti,
311 564 368 595 ubi
385 572 449 595 non
467 563 506 594 sit
528 571 662 603 persona
679 561 775 592 Verbi
791 570 799 591 ε
817 563 848 591 et
868 561 955 599 ideo,

176 619 336 659 quantum
350 617 389 648 ad
405 617 481 655 hoc,
502 614 678 647 similitudo
698 624 762 646 non
784 616 885 656 potest
900 623 957 645 nec.

178 671 272 703 debet
285 671 416 703 attendi.

217 727 248 757 9..
271 725 319 756 Ad
349 723 427 756 illud
451 723 537 764 quod
560 722 745 763 opponitur,
769 721 854 762 quod
880 721 958 752 unio

178 779 360 811 voluntaria
383 780 429 810 est
452 777 611 809 mediante
637 786 765 813 amore,
788 776 958 807 dicendum

178 833 264 875 quod
279 833 356 864 unio
371 831 552 863 voluntaria
566 830 682 862 dicitur
697 830 867 870 dupliciter
880 839 887 861 ε
904 832 960 861 aut

178 887 254 928 quia
266 888 313 918 est
327 896 346 917 a
362 886 535 924 voluntate,
558 887 614 916 aut
629 884 704 925 quia
719 886 766 915 est
780 884 958 915 secundum

179 941 389 973 voluntatem.
412 939 467 970 Illa
489 938 566 969 unio
586 947 660 978 quze
680 939 726 968 est
745 937 928 968 voluntaria
943 946 961 968 a

180 994 356 1031 voluntate,
384 995 431 1025 est
458 993 618 1024 mediante
645 1000 754 1023 amore
781 991 863 1022 sicut
892 991 962 1022 effi-

181 1049 299 1086 ciente,
323 1048 378 1078 illa
398 1056 475 1079 vero
496 1056 569 1087 qua*
584 1048 630 1076 est
646 1045 827 1076 voluntaria
846 1055 961 1077 secun-

182 1111 256 1134 cum
280 1102 491 1138 voluntatem,
517 1101 570 1131 illa
593 1100 689 1131 habet
710 1099 779 1130 fieri
804 1100 962 1131 mediante

181 1165 302 1194 amore,
317 1156 399 1186 sicut
411 1155 539 1195 glutino
553 1155 783 1194 conjungente.
795 1153 868 1184 Dico
883 1163 962 1193 ergo

181 1209 267 1251 quod
289 1209 366 1240 unio
387 1208 481 1239 Verbi
500 1208 539 1239 ad
554 1208 731 1239 humanam
749 1208 899 1238 naturam
916 1210 963 1239 est

183 1263 374 1302 voluntaria,
388 1262 467 1303 quia
479 1264 524 1292 cst
536 1271 555 1292 a
567 1261 751 1292 voluntate:
767 1261 820 1292 sed
836 1270 901 1291 non
917 1263 963 1293 est

183 1317 381 1355 voluntaria,
405 1317 482 1357 quia
503 1317 539 1347 fit
559 1315 737 1347 secundum
760 1315 963 1346 conformita-

182 1373 246 1403 tem
262 1371 465 1402 voluntatum
477 1395 485 1409 ,
501 1370 554 1401 sed
569 1370 674 1411 potius
689 1369 868 1401 secundum
887 1379 963 1401 con-

179 1425 378 1466 junctionem
401 1426 592 1456 naturarum
615 1424 648 1455 in
667 1433 734 1455 una
757 1432 904 1464 persona.
927 1423 964 1455 Et

182 1478 253 1511 ideo
274 1487 338 1510 non
361 1478 519 1519 sequitur,
540 1478 625 1519 quod
646 1477 716 1509 talis
735 1477 812 1509 unio
825 1478 880 1509 fiat
895 1487 964 1509 me-

181 1532 288 1564 diante
304 1532 426 1574 Spiritu
443 1534 552 1564 sancto
573 1532 654 1563 sicut
671 1532 804 1564 vinculo
823 1533 965 1564 interve-

183 1587 305 1625 niente,
322 1587 375 1617 sed
391 1587 496 1626 potius
509 1586 590 1617 sicut
607 1585 764 1627 principio
777 1586 944 1618 efficiente.

224 1639 254 1669 3.
271 1638 317 1670 Ad
335 1638 414 1670 illud
431 1638 518 1678 quod
533 1638 721 1678 opponitur,
744 1639 830 1679 quod
845 1638 965 1671 divinae

1012 300 1157 333 personae
1174 293 1346 322 nectuntur
1362 290 1519 321 mediante
1535 290 1657 330 Spiritu
1670 295 1790 327 sancto,

1012 345 1184 377 dicendum
1207 344 1292 384 quod
1316 353 1380 375 non
1397 346 1443 374 cst
1458 343 1576 382 simile;
1597 344 1673 383 quia
1691 353 1793 374 nexus

1012 400 1150 431 duarum
1181 406 1390 439 personarum
1416 397 1589 428 attenditur
1616 396 1793 427 secundum

1013 453 1256 494 productionem
1276 460 1421 492 personze
1437 451 1535 482 nnius
1549 460 1604 491 pcr
1620 449 1794 480 voluntatis

1012 507 1250 538 soecunditatem
1261 531 1268 545 ,
1286 506 1328 537 ita
1345 506 1430 546 quod
1447 506 1528 536 inter
1544 505 1612 536 illas
1627 513 1792 545 personas,

1013 563 1044 591 et
1057 570 1169 592 earum
1185 569 1318 599 nexum,
1335 562 1383 591 est
1397 559 1557 590 distinctio
1572 567 1792 599 personarum.

1015 614 1086 646 Non
1107 615 1152 646 sic
1173 616 1281 646 autem
1301 616 1348 645 cst
1368 614 1399 644 in
1425 613 1604 654 proposito,
1627 613 1702 653 qnia
1722 611 1794 642 duae

1014 671 1140 700 naturae
1155 670 1354 699 concurrunt
1369 668 1401 698 in
1417 667 1571 697 unitatem
1587 675 1743 707 personae.

1056 722 1085 750 4.
1109 719 1156 750 Ad
1170 719 1247 750 illud
1263 719 1348 759 qnod
1364 718 1549 759 opponitur,
1564 718 1648 757 quod
1666 717 1797 757 propin-

1015 774 1111 815 quior
1133 776 1179 804 est
1196 773 1288 804 nobis
1310 782 1446 813 persona
1463 772 1599 812 Spiritus
1614 771 1730 808 sancti,
1746 771 1796 801 ‹li-

1016 817 1153 859 ccndum
1167 827 1253 867 quod
1271 827 1331 857 hoc
1347 826 1469 857 dictum
1482 827 1528 856 est
1544 834 1600 865 per
1612 825 1796 865 appropria-

1016 882 1154 920 tionem,
1186 891 1251 912 non
1271 881 1347 921 quia
1376 888 1512 920 persona
1533 879 1672 919 Spiritus
1696 879 1796 909 sancti

1018 936 1122 975 magis
1141 935 1268 967 accedat
1291 934 1329 966 ad
1350 936 1499 965 naturam
1522 935 1680 970 creatam,
1699 942 1797 973 quain

1018 998 1154 1030 persona
1163 988 1269 1025 Verbi;
1285 987 1338 1019 sed
1353 987 1429 1027 quia
1444 988 1570 1017 tantum
1589 985 1738 1025 procedit,
1755 985 1798 1016 ita

1017 1045 1102 1086 quod
1117 1054 1180 1076 non
1197 1044 1342 1085 producit
1356 1043 1453 1074 aliam
1469 1051 1651 1083 personam,
1675 1044 1706 1072 et
1724 1050 1798 1082 pro-

1018 1098 1099 1129 cedit
1117 1108 1172 1138 per
1184 1098 1314 1129 modum
1328 1096 1543 1128 foecunditatis
1559 1095 1745 1127 voluntatis
1762 1094 1801 1126 Et

1018 1151 1174 1192 quoniam
1208 1160 1321 1181 omnes
1350 1152 1506 1181 creaturae
1535 1149 1697 1189 productae
1725 1151 1800 1179 sunt

1018 1205 1209 1243 voluntarie,
1225 1206 1257 1235 et
1271 1214 1311 1235 ex
1326 1203 1437 1234 divina
1452 1203 1651 1240 liberalitate,
1666 1202 1741 1233 hinc
1755 1205 1801 1233 e:t

1018 1260 1103 1300 quod
1128 1268 1263 1300 persona
1287 1258 1425 1299 Spiritus
1445 1257 1546 1288 sancti
1571 1257 1688 1287 dicitur
1709 1256 1801 1287 nobis

1020 1313 1124 1353 magis
1154 1313 1424 1354 appropinquare.
1455 1312 1493 1343 Et
1523 1311 1593 1342 ideo
1623 1310 1800 1341 secundum

1019 1367 1193 1408 quamdam
1215 1367 1508 1407 appropriationem
1529 1364 1658 1396 concedi
1682 1366 1801 1405 potest,

1019 1422 1104 1462 quod
1121 1421 1198 1452 unio
1220 1421 1274 1452 illa
1291 1421 1346 1451 ssat
1366 1420 1525 1451 mediante
1541 1419 1662 1460 Spiritu
1679 1420 1800 1456 sancto,

1019 1486 1095 1508 cum
1112 1477 1152 1507 sit
1166 1475 1308 1517 gratuita
1322 1486 1328 1507 :
1346 1485 1364 1506 a
1379 1475 1502 1515 Spiritu
1516 1476 1636 1511 sancto,
1654 1473 1800 1513 inquam,

1019 1530 1175 1562 efficiente
1196 1530 1374 1561 secundum
1402 1528 1713 1570 appropriationem,
1736 1535 1802 1558 non

1021 1586 1254 1617 interveniente
1272 1588 1381 1616 tamen
1402 1584 1579 1616 secundum
1601 1581 1801 1623 personalem

1020 1639 1267 1678 distinctionem,
1283 1639 1335 1671 vel
1351 1637 1588 1670 discretionem.

746 1843 1116 1892 DISTINCTIO
1160 1844 1241 1890 111

248 1980 287 2002 ΒΕ
310 1979 409 2002 CARNE
431 1978 516 2006 QUAM
540 1978 664 2001 VERBUM
688 1978 872 2001 ASSUMPSIT:
900 1977 1011 2005 QUALIS
1039 1977 1121 2000 ANTE
1143 1976 1272 2000 FUERIT.
1298 1975 1337 1998 ET
1360 1974 1470 2002 QUALIS
1493 1973 1651 1997 ASSUMPTA
1673 1973 1732 1995 SIT.

227 2081 396 2122 Quaeritur
409 2081 509 2114 etiam
524 2080 564 2114 de
579 2092 676 2114 carne
690 2080 806 2123 Verbi,
824 2092 882 2122 an,
904 2081 1102 2126 prinsquam
1119 2078 1359 2123 conciperetur,
1377 2076 1522 2120 obligata
1536 2075 1636 2109 fuerit
1650 2078 1796 2120 peccato,
1854 2101 1886 2123 De

1828 2132 1906 2153 christi

183 2151 226 2175 an
242 2144 275 2173 et
289 2139 363 2173 talis
377 2143 543 2184 assumpta
562 2139 664 2173 fuerit
680 2151 699 2173 a
716 2139 838 2173 Verbo.
857 2139 943 2173 Sane
958 2138 1022 2173 dici
1038 2141 1142 2184 potest
1155 2141 1187 2171 et
1206 2136 1295 2170 credi
1310 2138 1456 2181 oportet,
1479 2134 1576 2179 juxta
1601 2133 1797 2167 Sanctorum
1813 2170 1911 2191 Μοψ-

185 2199 401 2233 attestationis
415 2198 697 2240 convenientiam,
714 2198 818 2244 ipsam
835 2198 928 2243 prius
943 2202 1073 2243 peccato
1090 2197 1189 2230 fuisse
1210 2194 1388 2229 obnoxiam
1403 2194 1488 2227 sicut
1506 2192 1635 2237 reliqua
1650 2191 1800 2235 Virginis
1833 2196 1901 2218 2‘10112·

185 2268 278 2300 caro,
293 2257 349 2290 sed
365 2255 509 2302 Spiritus
524 2257 643 2290 sanctis
658 2257 847 2302 operatione
862 2257 908 2290 ita
924 2256 1136 2298 mundatam,
1159 2259 1197 2289 ut
1219 2254 1260 2288 ab
1275 2253 1367 2287 omni
1383 2252 1504 2298 peccati
1520 2251 1716 2295 contagione
1739 2250 1800 2283 im-

187 2316 298 2350 munis
313 2316 467 2350 uniretur
480 2315 610 2359 Verbo,
628 2327 726 2361 poena
741 2319 870 2349 tantum
881 2342 889 2358 ,
908 2327 976 2349 non
991 2315 1181 2349 necessitate
1192 2341 1200 2357 ,
1218 2313 1274 2346 sed
1290 2312 1462 2346 voluntate
1476 2309 1673 2343 assumentis
1696 2320 1802 2343 rema-

187 2379 296 2409 nente.
313 2375 452 2408 Mariam
466 2386 600 2420 quoque
616 2379 717 2408 totam
732 2375 878 2420 Spiritus
892 2378 1024 2407 sanctus
1040 2374 1073 2406 in
1088 2385 1160 2407 cain
1179 2371 1385 2418 praeveniens
1397 2382 1415 2402 a
1428 2373 1558 2414 peccato
1574 2379 1708 2413 prorsus
1723 2378 1804 2412 pur-

187 2434 291 2478 gavit,
308 2438 339 2467 et
353 2445 372 2467 a
386 2433 498 2467 fomite
514 2433 635 2478 peccati
650 2433 748 2466 etiam
763 2433 930 2476 liberavit,
949 2433 1001 2466 vel
1020 2432 1171 2466 fomitem
1189 2431 1299 2476 ipsum
1315 2428 1447 2474 penitus
1461 2426 1662 2467 evacuando,
1680 2430 1717 2458 ut
1731 2425 1805 2471 qui-

187 2492 327 2527 busdam
344 2491 465 2538 placet,
489 2491 541 2525 vel
566 2492 611 2524 sie
630 2491 836 2525 debilitando
860 2496 890 2525 et
906 2490 1136 2532 extenuando,
1158 2494 1194 2523 ut
1215 2489 1244 2521 ei
1268 2485 1478 2533 postmodum
1503 2483 1657 2530 peccandi
1680 2484 1804 2517 occasio

190 2550 382 2584 nullatenus
396 2550 551 2584 extiterit.
569 2550 755 2584 Potentiam
770 2562 904 2596 quoque
926 2549 1106 2594 generandi
1122 2548 1246 2593 absque
1268 2546 1333 2579 viri
1348 2545 1472 2578 semine
1490 2542 1622 2586 Virgini
1642 2553 1804 2587 praepara-

193 2607 250 2642 vit.
266 2608 315 2642 Ita
329 2609 417 2642 enim
434 2609 534 2642 verba
550 2609 723 2653 Evangelii
738 2609 874 2651 docent,
896 2608 954 2642 ubi
975 2607 1125 2651 Angelus
1139 2605 1314 2649 Virginem
1335 2603 1525 2648 alloquens,
1542 2600 1588 2634 ait
1604 2606 1612 2623 ¹
1632 2612 1639 2633 :
1659 2600 1805 2646 Spiritus

193 2673 327 2700 sanctus
338 2668 543 2713 superveniet
558 2668 594 2701 in
611 2675 657 2710 te,
675 2674 706 2702 et
731 2668 836 2702 virtus
850 2667 1018 2702 Altissimi
1039 2664 1248 2700 obumbrabit
1274 2662 1346 2698 tibi.
1363 2663 1410 2696 Et
1427 2658 1514 2706 quod
1536 2665 1691 2693 nascetur
1714 2672 1753 2693 ea:
1773 2667 1804 2692 te

225 2734 234 2751 ¹
245 2733 314 2763 Luc..
328 2739 349 2765 ι,
364 2734 402 2759 35.
