2017 2986
149 803 316 831 Prael'ationis
327 803 365 839 (α)
379 803 436 830 loco
451 804 477 830 in
492 803 561 830 lianc
579 801 694 829 alteram
708 804 812 836 partem
827 801 1089 828 Commentariorum
1105 802 1190 828 saneti
1208 803 1413 830 Bonnvcnturae.
1428 804 1526 830 lterum
1543 803 1768 830 commendantur

185 853 386 881 Commentaria
410 853 496 880 sancti
521 854 719 880 Bonaventurae
743 852 768 878 in
791 854 907 886 quatuor
933 850 1013 877 libros
1035 851 1247 878 Sententiarum.
1266 853 1318 886 (Ex
1344 852 1486 879 Procli-omo
1510 852 1547 879 acl
1567 852 1655 886 Opera
1675 854 1767 879 omnia

186 903 213 930 S.
230 904 439 934 Bonaventnroe,
458 902 508 929 col.
526 904 578 929 351ss
593 905 619 928 ct
634 909 702 936 seq„
719 902 843 933 Bassam„
866 900 958 933 ¹707).

195 1032 210 1048 «
226 1019 292 1050 Hoc
308 1021 354 1050 tot
368 1027 505 1050 numero
516 1018 638 1050 codices
653 1018 876 1058 manuscripti,
891 1020 936 1048 tot
946 1017 1112 1055 editiones,
1125 1021 1170 1048 tot
1185 1018 1449 1057 nomenclatores,
1465 1021 1576 1059 totque
1586 1019 1770 1060 scriptores,

151 1083 248 1114 etiam
263 1082 414 1123 aequales,
436 1084 492 1114 aut
514 1091 678 1122 suppares,
696 1083 807 1112 testata
822 1081 954 1118 faciunt,
970 1083 1004 1111 nt
1021 1081 1138 1112 frustra
1159 1082 1233 1120 sim,
1251 1082 1276 1112 si
1292 1082 1362 1112 hzeo
1376 1082 1416 1112 ad
1438 1082 1507 1122 ipsa
1535 1083 1773 1123 comprobanda

152 1143 248 1173 velim
261 1142 383 1182 aliquid
398 1142 524 1173 addere.
542 1142 575 1172 Si
589 1144 704 1173 caetera
728 1142 836 1172 omnia
858 1141 1021 1179 deforent,
1038 1150 1125 1172 unus
1143 1141 1219 1172 satis
1241 1142 1322 1173 mihi
1337 1145 1419 1174 esset
1440 1142 1493 1174 Fr.
1516 1142 1721 1175 Salimbenus
1735 1143 1774 1175 de

155 1205 279 1242 Parma,
302 1205 389 1236 testis
410 1207 710 1245 contemporaneus,
735 1214 771 1235 ac
795 1204 891 1235 etiam
915 1204 1061 1236 oculatus
1072 1229 1079 1243 ,
1104 1205 1162 1245 qui
1186 1204 1395 1237 disertissime
1418 1206 1596 1246 adseverat,
1622 1207 1734 1238 eadem
1754 1216 1773 1238 a

151 1270 259 1300 nostro
271 1267 496 1299 Bonaventura
510 1267 591 1298 facta
607 1266 735 1298 Parisiis
750 1276 836 1298 anno
852 1268 937 1298 1248.
957 1266 1048 1304 Quod
1063 1269 1172 1299 tamen
1185 1277 1259 1299 cum
1275 1277 1378 1307 grano
1394 1269 1467 1300 salis
1481 1269 1704 1310 accipiendum
1715 1271 1773 1307 est,

152 1331 257 1363 dando
268 1333 364 1362 antea
377 1333 409 1362 et
423 1332 532 1371 postea
545 1330 689 1361 debitum
704 1333 832 1371 tempus
849 1330 888 1361 ad
903 1339 985 1370 opus
1000 1330 1079 1361 adeo
1094 1330 1217 1370 grande
1237 1331 1474 1371 incipiendum,
1500 1332 1774 1373 prosequendum,

156 1393 452 1435 perficiendumque
477 1404 484 1424 ε
503 1402 568 1424 non
584 1393 670 1433 quod
685 1393 770 1424 intra
792 1394 891 1424 unius
910 1393 1398 1436 anni*miltesimivdncentesimi
1416 1394 1656 1435 quadragesimi
1671 1396 1776 1426 octavi

156 1457 326 1498 angustias
341 1456 420 1487 illud
445 1456 636 1497 conceperit,
650 1456 884 1497 pepereritqne.
897 1442 1299 1494 QuodlsisvelSaJimbeni
1316 1457 1538 1489 testimonium
1555 1457 1686 1496 deesset,
1702 1458 1778 1489 satis

156 1529 270 1551 eorum
285 1521 397 1551 auctor
411 1519 716 1560 deprehenderetur,
736 1519 816 1550 dum
830 1519 935 1559 prodit
949 1523 1033 1558 sese,
1048 1520 1168 1551 nedum
1182 1519 1444 1559 Franciseanum,
1465 1520 1587 1552 nedum
1602 1520 1776 1552 Alexandri

159 1582 284 1614 Alensis
307 1582 514 1623 discipulum,
543 1582 598 1613 sed
621 1584 652 1613 et
686 1581 949 1613 Bonaventuram
974 1581 1102 1613 Parisiis
1128 1582 1332 1614 scribentem.
1357 1582 1607 1615 Franciscanum
1633 1584 1778 1624 quidem,

160 1645 239 1677 dnm
254 1645 299 1676 ait
312 1645 395 1676 libro
418 1644 577 1676 secundo¹
596 1655 602 1676 :
625 1656 640 1673 α
662 1644 698 1676 ln
723 1645 839 1685 regula
862 1645 946 1677 beati
968 1645 1126 1676 Francisci
1142 1645 1330 1685 simpliciter
1356 1646 1553 1686 praecipitur,
1579 1646 1667 1687 quod
1692 1646 1779 1678 illius

161 1708 284 1748 regulae
297 1708 489 1748 professores
500 1707 579 1738 nihil
593 1707 727 1738 omnino
743 1707 1060 1752 habeantproprium
1076 1709 1318 1748 superterram.
1332 1719 1347 1737 i>
1362 1708 1536 1740 Alexandri
1544 1709 1671 1741 Alensis
1686 1709 1782 1741 disci-

161 1771 288 1812 pulum,
305 1770 383 1802 dum
399 1770 432 1801 in
447 1770 557 1802 eodem
569 1769 708 1801 secundo
722 1769 806 1801 libro
814 1770 930 1801 diserte
941 1770 1087 1801 nominat
1097 1771 1108 1788 ²
1123 1756 1260 1802 «fratem
1271 1771 1492 1803 Alexandrum
1503 1772 1541 1803 de
1556 1772 1631 1804 Ales
1645 1774 1781 1813 patrem,

163 1836 194 1865 et
209 1833 403 1874 magistrum
417 1835 603 1864 nostrum.»
617 1832 702 1865 Tum
716 1833 814 1864 etiam
830 1833 1102 1871 Bonamnturam,
1115 1833 1194 1865 dum
1208 1834 1290 1866 libro
1306 1836 1421 1874 quarto
1436 1834 1560 1875 inquit³
1577 1847 1583 1867 :
1605 1847 1620 1866 (ι
1634 1835 1667 1867 Si
1683 1845 1783 1867 unam

164 1897 320 1928 haberent
335 1896 581 1935 institutionem,
596 1906 701 1928 unum
714 1899 795 1928 esset
814 1906 944 1935 nomen,
966 1897 1049 1928 sicut
1068 1897 1129 1928 hoc
1150 1906 1269 1929 nomen
1286 1898 1525 1937 Βοηαυθητῑινα,
1549 1901 1609 1931 etc.
1625 1909 1640 1928 u
1657 1898 1786 1930 Parisiis

165 1969 293 2002 quoque
318 1960 528 1998 scribentem
549 1969 626 1991 nam
650 1962 767 2001 quarto
793 1961 876 1992 libro
899 1970 1050 2001 quaerens
1074 1960 1257 2001 purgatorii
1286 1960 1393 1993 locum
1421 1961 1687 2001 determinatum,
1703 1962 1787 1994 inter

167 2026 282 2055 raetera
300 2023 345 2054 sic
361 2023 458 2055 habet
471 2023 481 2040 ⁸
498 2034 504 2055 :
526 2035 541 2053 α
557 2023 589 2055 Si
604 2024 783 2055 dixerimus
798 2024 884 2065 quod
897 2024 953 2056 ubi
969 2026 1182 2065 peccaverunt
1195 2049 1202 2062 ,
1218 2024 1297 2055 illud
1309 2024 1442 2056 omnino
1454 2024 1505 2057 vel
1522 2024 1719 2063 incredibile,
1734 2025 1785 2058 vel

171 2086 381 2128 improbabile
395 2089 452 2126 est,
467 2087 554 2128 quod
568 2096 681 2119 omnes
694 2088 825 2127 animae,
837 2097 912 2129 quae
928 2087 1056 2120 Parisiis
1073 2089 1299 2128 peccaverunt,
1317 2087 1447 2119 Parisiis
1462 2087 1654 2129 puniantur.
1669 2099 1684 2117 n

211 2161 226 2180 ι
243 2149 326 2181 Hinc
340 2150 399 2189 est,
413 2149 501 2190 quod
524 2158 621 2181 nemo
644 2150 696 2182 vel
715 2159 756 2182 ex
779 2150 1010 2182 morosioribus
1025 2150 1153 2190 criticis,
1177 2149 1258 2181 mihi
1280 2150 1411 2191 quidem
1433 2150 1617 2191 compertis,
1637 2151 1790 2182 inventus

170 2214 218 2245 est
231 2213 398 2252 hactenus,
410 2211 467 2252 qui
483 2212 672 2253 hujusmodi
691 2213 922 2245 commentaria
935 2213 1032 2245 fuerit
1056 2222 1154 2245 ausus
1170 2214 1204 2245 in
1220 2213 1357 2245 dubium
1378 2221 1541 2245 revocare.
1558 2212 1599 2244 Ut
1617 2212 1695 2254 quid
1709 2221 1790 2252 ergo

172 2277 206 2307 in
226 2285 261 2308 re
280 2275 457 2308 meridiana
470 2275 542 2308 luce
556 2275 701 2316 clariore,
718 2279 814 2318 atque
826 2278 918 2308 extra
933 2276 1040 2308 omnis
1051 2276 1259 2309 dubitationis
1274 2276 1378 2308 aleam
1399 2276 1513 2317 posita,
1529 2278 1658 2318 tempus
1672 2276 1792 2317 pretio-

173 2339 337 2371 sissimum
351 2341 474 2371 terere?
488 2338 594 2371 Satius
604 2339 700 2371 fuerit
714 2341 895 2379 auctorum,
911 2339 967 2380 qui
986 2339 1021 2372 in
1045 2340 1205 2381 praedjctis
1221 2339 1461 2372 commentariis
1481 2340 1633 2380 citantur,
1654 2338 1792 2371 indicem

175 2402 318 2443 praebere
333 2401 429 2442 paulo
440 2401 682 2442 locupletiorem
698 2401 766 2442 illo,
783 2411 882 2443 quem
895 2402 1034 2434 Joannes
1047 2402 1211 2435 Balainius
1226 2402 1369 2435 Andrius
1388 2401 1624 2434 Franciscanus
1647 2401 1792 2442 digessit,

177 2474 213 2498 ac
225 2465 298 2497 talis
311 2466 360 2497 aet
373 2475 380 2495 :
399 2463 567 2503 Alcuinus,
579 2463 762 2497 Alexander
771 2464 869 2506 Papa,
882 2464 1063 2497 Alexander
1072 2465 1112 2498 de
1123 2465 1197 2497 Ales
1209 2468 1232 2505 ⁸,
1242 2464 1385 2505 Algazel‚
1401 2465 1605 2504 Ambrosius,
1622 2463 1795 2496 Anacletus

213 2565 221 2582 ¹
235 2564 299 2590 Dist.
314 2570 386 2595 xuv,
403 2565 451 2589 art.
467 2566 491 2595 3,
507 2571 532 2596 q.
550 2570 674 2595 11;supra
685 2583 693 2595 ,
706 2566 768 2589 tom.
787 2564 829 2594 111,
844 2572 870 2596 p.
886 2566 942 2595 «355,
958 2566 1006 2591 col.
1023 2568 1045 2591 2.
1058 2578 1087 2584 -—
1101 2566 1111 2582 ¹
1127 2566 1188 2590 Dist.
1204 2572 1280 2595 xxm,
1295 2568 1343 2590 nrt.
1360 2567 1384 2595 2,
1399 2572 1484 2597 q.111;
1500 2564 1574 2593 ibid..
1590 2572 1616 2596 p.
1634 2565 1688 2595 15¹,
1704 2563 1754 2589 col.
1771 2566 1794 2589 2.

180 2605 302 2629 —0Dist.
317 2609 375 2636 vm,
390 2606 456 2636 pai-t.
473 2604 504 2634 ll,
519 2605 568 2629 art.
583 2605 607 2635 2,
619 2611 644 2636 q.
661 2610 677 2629 ιι
689 2604 722 2629 ad
734 2604 830 2629 lin—⁸
844 2604 907 2628 nist.
922 2610 965 2635 xx,
979 2608 1044 2636 part.
1061 2607 1079 2636 Ι,
1092 2609 1138 2631 art.
1158 2609 1179 2637 ¹,
1189 2614 1214 2638 q.
1227 2612 1261 2631 νι.
1276 2607 1344 2629 —⁸«
1359 2606 1439 2636 Hujus
1452 2605 1569 2630 meminit
1582 2605 1660 2630 etiam
1672 2605 1738 2630 libi-0
1750 2603 1796 2635 lu,

183 2644 242 2669 dist.
255 2651 291 2676 iv,
305 2645 368 2670 dub.
383 2650 424 2676 111,
440 2645 482 2669 ubi
494 2645 578 2676 ipsum
590 2644 699 2676 appellat
715 2644 782 2670 bonoe
798 2646 934 2670 memori'oe.
949 2655 963 2670 ι)

217 2698 251 2728 (α)
267 2698 329 2723 Haec
343 2699 437 2724 omisso
451 2699 535 2730 primo
549 2701 620 2723 tomo
637 2699 888 2724 Commentariorum
898 2718 905 2729 ,
921 2699 980 2725 huic
995 2701 1085 2726 saltem
1100 2702 1164 2733 pin-li
1180 2701 1348 2725 restituimus.
