2017 2960
82 557 113 576 Ad
124 562 166 581 opp

194 206 252 235 216

444 358 644 398 QUAESTIO
668 356 731 387 Ill.

219 462 264 488 An
281 461 363 486 latria
377 460 413 485 sit
428 459 515 484 virtus
529 455 678 482 cardinalis
689 474 696 487 ,
712 453 754 479 rel
772 451 917 484 tlieoloqica
933 450 950 476 ¹.

242 541 353 571 Istrum
367 539 459 569 latria
473 537 511 567 sit
525 537 627 567 virtus
641 533 817 569 cardinalis,
829 541 870 562 an
885 531 972 561 theo-

201 594 322 633 logica3
337 595 368 622 et
385 591 469 631 quod
485 589 673 628 theologica,
689 586 826 618 videtur.
844 586 973 624 Augus-

202 648 298 684 tinuS,
315 646 357 677 De
374 645 508 676 Civitate
524 644 599 680 Dei,
627 641 725 681 capite
742 640 795 670 lv*
811 648 818 670 ι
839 650 853 666 (ι
872 637 975 669 Sacri-

202 702 334 732 ficamus
349 699 412 729 Deo
431 698 567 728 hostiam
586 694 788 730 humilitatis,
805 695 835 722 et
854 691 973 728 laudis,

203 757 235 786 in
259 763 313 785 ara
333 753 446 791 cordis,
469 753 545 791 igne
567 749 696 781 fervidae
718 746 919 778 charitatis.»
940 744 975 774 Et

204 811 273 848 post
290 819 296 838 z
319 820 332 835 «
348 807 404 838 Hic
420 808 467 837 est
482 805 534 836 Dei
549 804 664 841 cultus,
678 803 747 833 haec
762 809 838 831 vera
850 797 975 836 religio⁷

205 861 273 891 haec
289 862 373 890 recta
388 859 501 899 pietas,
519 859 549 887 et
564 858 690 887 tantum
706 854 769 885 Deo
790 852 895 884 debita
909 859 978 881 ser-

205 915 300 945 vitus
326 925 340 942 n
369 913 454 951 Ergo
475 911 602 941 videtur
621 908 705 948 quod
728 907 754 937 si
776 907 845 936 haec
872 903 980 935 omnia

206 967 505 1007 circumloquuntur
521 963 645 994 latriam
655 986 663 1000 ,
681 960 761 991 nihil
774 958 859 990 aliud
874 959 920 987 est
934 957 980 986 la-

208 1022 278 1057 tria,
295 1029 393 1060 quam
407 1020 476 1059 ipsa
489 1016 626 1048 charitas
639 1026 644 1045 :
660 1023 738 1053 ergo
753 1012 844 1043 latria
859 1012 905 1041 est
919 1010 982 1039 vir-

208 1078 258 1106 tus
275 1075 462 1113 theologica.

249 1132 277 1160 2.
296 1129 373 1159 Item
389 1126 603 1166 Augustinus,
621 1123 661 1154 De
679 1121 837 1153 Trinitate
849 1119 858 1135 ⁵
873 1129 879 1148 2
900 1129 913 1146 «
930 1117 984 1147 Sa-

210 1182 327 1222 pientia
352 1189 428 1211 vera
459 1181 505 1209 est
533 1185 629 1207 verus
656 1184 691 1205 ae
719 1172 902 1213 praecipuus
931 1170 984 1200 Dei

210 1236 324 1272 cultus,
337 1243 409 1274 quae
420 1242 486 1263 uno
498 1230 627 1261 nomine
642 1236 747 1268 graeco
766 1225 933 1256 Tlteosebia
945 1224 982 1261 (a)

209 1288 404 1329 appellatur,
435 1286 519 1326 quod
548 1291 666 1314 nomen
704 1279 801 1311 nostri
837 1278 985 1318 pietatem

211 1343 380 1379 dixerunt,
397 1349 470 1371 cum
488 1339 586 1379 pietas
602 1336 685 1376 apud
702 1335 827 1365 Graecos
842 1331 987 1362 usitatius

213 1394 388 1426 Theosebia
403 1394 617 1432 nuncupetur.
635 1401 648 1418 n
668 1389 727 1420 Sed
744 1388 844 1424 latria,
862 1388 897 1415 ut
914 1385 988 1416 dicit

213 1448 426 1488 Augustinus,
446 1447 487 1477 De
506 1446 643 1477 civitate
660 1442 820 1479 Dci⁴,non
836 1443 882 1470 est
900 1439 986 1469 aliud

214 1512 310 1542 quam
331 1500 492 1531 theosebia
513 1509 520 1529 ε
542 1497 704 1529 theosebia
726 1497 833 1525 autem
855 1503 920 1523 non
943 1495 990 1523 est

215 1556 299 1587 aliud
323 1563 420 1595 quam
443 1552 597 1592 sapientia
617 1562 623 1580 ι
650 1549 803 1589 sapientia
825 1550 931 1578 autem
957 1555 990 1576 se

216 1612 301 1640 tenet
313 1618 352 1639 ex
366 1609 453 1647 parte
468 1607 623 1637 virtutum
641 1602 891 1641 theologicarum
901 1625 908 1638 ‚
927 1610 991 1631 non

217 1661 424 1693 cardinalium
441 1669 448 1689 t
466 1667 545 1697 ergo
561 1660 591 1688 et
606 1658 673 1696 ipsa
687 1656 787 1686 latria.

259 1719 287 1746 3.
305 1716 383 1745 Item
402 1713 494 1744 latria
517 1715 563 1743 est
586 1712 688 1742 virtus
713 1718 768 1749 per
790 1717 886 1748 quain
911 1707 993 1737 Deus

219 1769 334 1800 colitur
348 1777 385 1797 eo
401 1767 506 1803 cultu,
524 1765 578 1804 qui
599 1766 645 1794 est
666 1762 806 1793 adoratio
829 1772 835 1791 ε
856 1761 909 1791 sed
927 1760 993 1789 vir-

221 1825 272 1852 tus
285 1821 406 1851 dictans
418 1818 509 1848 nobis
524 1817 624 1847 Deum
639 1815 848 1850 adorandum,
865 1815 912 1843 est
926 1813 995 1852 ipsa

222 1874 309 1909 tides,
332 1872 383 1902 vel
407 1872 501 1902 etiam
526 1870 677 1906 charitas3
704 1869 794 1908 quia,
821 1868 901 1897 sicut
921 1866 996 1896 dicit

222 1927 388 1961 Rabanus,
421 1932 513 1963 super
545 1923 690 1954 Genesim
705 1932 715 1951 :
738 1933 751 1949 «
778 1922 927 1959 Adorare,
952 1923 997 1951 est

223 1982 323 2011 Deum
336 2003 343 2017 ,
356 1978 413 2018 qui
425 1977 604 2009 adorandus
615 1979 672 2013 est,
687 1978 752 2006 tota
763 1975 878 2005 mentis
893 1975 997 2004 inten-

224 2034 309 2063 tione
322 2041 477 2072 quaerere.
491 2042 505 2059 »
523 2031 609 2069 Ergo
624 2030 751 2061 videtur
763 2029 845 2068 quod
858 2029 947 2059 latria
959 2028 998 2058 sit

227 2087 328 2117 virtus
344 2085 538 2123 theologica,
556 2084 638 2114 sicut
652 2083 746 2119 fides,
763 2082 813 2113 vel
829 2082 976 2112 charitas.

267 2142 297 2169 4.
320 2139 396 2168 Item
411 2138 445 2168 in
469 2138 559 2168 latria
581 2138 627 2167 est
650 2135 792 2176 impletio
807 2135 899 2174 primi
916 2143 996 2174 prae-

229 2192 308 2232 cepti
325 2201 332 2221 z
352 2192 405 2221 sed
426 2193 583 2230 praecepta
601 2190 713 2229 primae
728 2189 845 2218 tabulae
861 2188 999 2227 implen-

229 2248 282 2276 tur
301 2245 472 2275 virtutibus
486 2244 671 2283 theologicis
681 2267 688 2280 ,
706 2243 787 2272 sicut
801 2244 885 2281 patet
899 2241 937 2271 de
952 2250 1001 2272 se-

227 2299 331 2329 cundo
347 2298 430 2337 quod
446 2298 596 2337 impletur
612 2306 666 2336 per
682 2296 792 2333 fidem,
810 2298 839 2325 et
855 2295 892 2325 de
910 2294 1001 2325 tertio

229 2352 313 2392 quod
328 2351 478 2391 impletur
493 2359 547 2389 per
559 2350 745 2380 charitatem
760 2360 765 2378 :
784 2358 863 2387 ergo
877 2348 1001 2379 videtur

229 2405 314 2445 quod
330 2404 355 2434 si
371 2403 511 2443 primum
528 2402 679 2441 impletur
695 2411 750 2441 per
765 2402 900 2438 latriam,
917 2401 1002 2440 quod

228 2459 268 2488 sit
283 2458 385 2488 virtus
400 2456 588 2495 theologica.

260 2544 267 2560 ¹
296 2543 336 2572 Cf.
357 2544 382 2567 S.
398 2542 517 2571 Thomas,
534 2541 565 2564 111
585 2540 663 2567 Seni„
685 2540 742 2563 dist.
766 2545 807 2569 xx,
824 2546 848 2570 q.
872 2545 889 2570 i,
907 2541 952 2563 art.
967 2520 1001 2570 ἐς

231 2579 345 2609 AEgidius
360 2579 443 2608 Rom„
458 2577 488 2601 ΙΙΙ
511 2576 591 2604 Sene„
606 2575 662 2599 dist.
679 2581 714 2605 ix,
736 2582 760 2605 q.
778 2580 824 2605 ιιι;
845 2575 1002 2605 Itiehardus,

230 2614 260 2637 ΙΙΙ
274 2614 353 2643 Seni„
365 2613 423 2637 dist.
435 2618 469 2637 11.
485 2620 510 2643 q.
527 2618 574 2642 111;
592 2611 680 2642 Steph.
694 2610 798 2640 Brulet„
814 2611 932 2639 lltSenl.,
942 2610 1001 2635 dist.

265 2664 297 2692 (a)
315 2662 381 2686 Edit.
399 2662 508 2690 Gaume,
524 2668 574 2684 nno
593 2660 697 2684 nomine
717 2661 842 2683 ὑιοσεὸεια
858 2667 950 2689 graecv.

738 194 1046 230 SENTENTIARUM
1067 194 1140 225 LIB.
1165 193 1216 225 111.

1064 263 1093 292 5.
1111 260 1189 291 Item
1211 260 1280 290 haec
1294 262 1340 291 est
1360 260 1537 292 differentia
1557 261 1637 291 inter
1660 260 1794 291 virtutes

1025 313 1215 351 cardinaleS,
1239 314 1270 344 et
1293 313 1499 353 theologicas,
1516 313 1601 354 quod
1622 313 1795 344 cardinales

1025 366 1203 397 consistunt
1215 366 1248 396 in
1268 365 1371 396 medio
1385 367 1466 397 circa
1485 368 1685 407 superfluum
1701 368 1731 397 et
1745 367 1795 398 di-

1027 420 1189 450 minutum
1203 431 1209 457 3
1228 420 1260 450 in
1279 419 1465 458 theologicis
1478 423 1584 451 autem
1606 430 1670 451 non
1684 423 1731 451 est
1744 430 1794 451 re-

1029 473 1130 512 perire
1145 473 1342 512 superfluum
1367 482 1373 503 :
1392 472 1445 503 sed
1465 473 1547 503 circa
1571 473 1707 511 latriam,
1724 482 1797 513 quae

1028 527 1074 556 est
1093 525 1191 556 Deum
1208 525 1323 562 colere,
1340 535 1403 555 non
1420 528 1466 555 est
1488 527 1686 565 superfluum
1711 527 1799 557 inve—

1029 579 1097 609 nire
1121 587 1128 609 :
1148 587 1225 618 ergo
1253 579 1379 610 videtur
1400 579 1483 619 quod
1508 579 1599 609 latria
1619 588 1684 609 non
1707 580 1746 609 sit
1766 580 1799 609 in

1031 641 1149 671 genere
1174 632 1300 662 virtutis
1324 633 1481 663 virtutum
1505 632 1725 670 cardinalium,
1748 632 1799 663 sed

1030 686 1294 724 theologicarum.

1072 741 1101 769 6.
1119 739 1195 768 Item
1211 739 1314 769 virtus
1328 738 1504 778 theologica
1519 739 1646 776 dicitur,
1662 738 1737 778 quia
1750 738 1806 769 ha—

1034 792 1085 822 bet
1120 791 1220 822 Deum
1256 800 1314 830 pro
1336 791 1459 831 obJecto
1485 802 1491 821 z
1518 791 1570 821 sed
1593 791 1684 821 latria
1711 791 1807 822 habet

1034 845 1135 875 Deum
1156 853 1213 884 pro
1232 844 1353 883 objecto
1371 855 1377 874 :
1401 845 1482 874 sicut
1499 845 1584 874 enim
1606 845 1684 875 fides
1708 844 1807 875 credit

1038 898 1173 937 primam
1188 897 1371 934 veritatem,
1389 900 1420 928 et
1434 897 1570 928 charitas
1593 897 1696 936 diligit
1717 907 1805 927 sum-

1037 960 1122 980 mam
1137 950 1310 981 honitatem
1322 975 1330 988 ,
1348 950 1391 980 sic
1405 950 1497 980 latria
1512 952 1676 981 reveretur
1690 952 1721 980 et
1736 950 1809 980 colit

1037 1012 1197 1033 summam
1222 1005 1419 1042 majestatem
1443 1015 1449 1034 :
1473 1004 1600 1034 videtur
1624 1012 1702 1042 ergo
1725 1003 1808 1043 quod

1037 1058 1128 1087 latria
1142 1058 1181 1087 sit
1195 1057 1298 1087 virtus
1313 1057 1503 1097 theologica.

1080 1112 1139 1142 Sed
1155 1115 1264 1142 contra
1280 1122 1286 1141 :
1304 1111 1427 1150 Religio
1442 1113 1488 1141 est
1503 1111 1605 1141 virtus
1621 1120 1684 1150 qua
1699 1111 1812 1141 colitur
1826 1117 1930 1140 Fundam.

1039 1165 1093 1205 qui
1107 1167 1153 1194 est
1168 1164 1339 1203 superloris
1351 1166 1486 1202 naturae,
1502 1164 1581 1194 sicut
1597 1164 1664 1194 vult
1678 1164 1812 1203 Augus-

1040 1219 1126 1248 tinus
1150 1218 1181 1247 in
1205 1218 1326 1248 decimo
1350 1218 1431 1247 libro
1454 1218 1496 1249 De
1523 1218 1657 1250 civitate
1679 1218 1764 1256 Dei⁵,
1782 1220 1813 1248 et

1041 1271 1162 1302 Tullius
1176 1271 1209 1301 in
1223 1271 1325 1310 prima
1344 1271 1509 1303 Rhetorica
1521 1271 1530 1287 ⁶
1547 1282 1558 1302 .·
1572 1271 1625 1301 sed
1640 1271 1754 1310 religio
1768 1273 1814 1302 est

1041 1324 1162 1364 species
1176 1324 1326 1362 justitiae,
1347 1326 1380 1354 ut
1395 1325 1468 1355 dicit
1490 1324 1612 1355 Tullius
1630 1324 1763 1361 ibidem,
1784 1326 1815 1355 et

1040 1378 1164 1416 justitia
1182 1380 1228 1408 est
1250 1378 1352 1407 virtus
1368 1378 1554 1408 cardinalis:
1578 1378 1604 1407 si
1625 1386 1702 1417 ergo
1724 1378 1816 1408 latria

1043 1431 1224 1461 continetur
1238 1431 1296 1461 suh
1312 1431 1412 1470 specie
1427 1430 1600 1470 religionis,
1612 1431 1704 1461 latria
1718 1432 1764 1461 est
1778 1431 1816 1461 de

1044 1494 1161 1523 genere
1175 1484 1302 1514 virtutis
1316 1484 1494 1514 cardinalis.

1086 1538 1162 1568 Item
1194 1538 1274 1568 sicut
1307 1538 1483 1568 ohedientia
1517 1538 1642 1577 respicit
1676 1538 1817 1569 debitum

1047 1592 1243 1630 mandatum,
1260 1592 1303 1622 sic
1317 1592 1409 1622 latria
1423 1591 1549 1631 respicit
1564 1591 1706 1622 debitum
1721 1591 1820 1622 hono-

1047 1646 1090 1676 ris
1111 1646 1227 1682 divini;
1246 1647 1291 1675 est
1306 1645 1392 1675 enim
1412 1645 1503 1675 latria
1524 1645 1629 1675 cultus
1649 1645 1708 1675 Deo
1728 1644 1817 1675 debi-

1048 1702 1121 1729 tus:
1144 1699 1197 1729 sed
1212 1698 1406 1734 obedientia,
1430 1698 1506 1737 quia
1528 1697 1654 1737 respicit
1676 1698 1819 1728 debitum

1050 1751 1207 1791 praecepti,
1225 1752 1272 1781 est
1286 1751 1387 1781 virtus
1402 1750 1584 1788 cardinalis,
1601 1752 1747 1780 contenta
1761 1750 1820 1780 sub

1049 1805 1152 1835 debita
1172 1804 1307 1843 justitia,
1332 1813 1397 1834 non
1420 1804 1599 1843 theologica
1620 1814 1626 1834 :
1653 1812 1730 1842 ergo
1753 1804 1820 1843 pari

1050 1858 1170 1888 1‘ati0ne
1186 1860 1215 1887 et
1232 1858 1299 1896 ipsa
1314 1857 1414 1888 latria.

1092 1911 1168 1942 Item
1186 1911 1304 1941 nullius
1322 1910 1449 1941 virtutis
1465 1910 1651 1949 theologicae
1666 1912 1755 1940 actus
1770 1919 1820 1940 ca-

1051 1965 1096 1996 dit
1114 1965 1173 1995 sub
1195 1964 1370 2001 coactione3
1395 1963 1521 1994 credere
1542 1963 1627 1993 enim
1644 1971 1709 1993 non
1723 1965 1824 2002 potest

1052 2018 1122 2058 quis
1137 2028 1200 2048 non
1217 2017 1325 2048 volens
1343 2027 1350 2047 :
1376 2017 1428 2048 sed
1444 2020 1532 2047 actus
1553 2016 1653 2047 latriae
1670 2016 1751 2046 cadit
1765 2016 1823 2046 suh

1053 2072 1223 2110 coactione,
1240 2073 1275 2101 ut
1289 2071 1420 2102 adorare
1434 2072 1465 2101 et
1481 2070 1575 2100 thura
1589 2078 1706 2109 ponere
1723 2079 1730 2099 :
1747 2078 1825 2108 ergo

1054 2126 1144 2156 latria
1168 2134 1233 2155 non
1258 2124 1436 2155 continetur
1466 2124 1525 2153 sub
1551 2132 1669 2162 genere
1700 2122 1825 2153 virtutis

1054 2179 1251 2217 theologicae.

1096 2234 1173 2263 Item
1188 2232 1292 2262 omnis
1308 2231 1410 2262 virtus
1423 2230 1601 2269 theologica
1612 2229 1663 2260 vel
1676 2230 1722 2259 est
1736 2228 1824 2266 fides,

1057 2287 1106 2318 vel
1131 2295 1217 2326 spes,
1245 2286 1295 2317 vel
1320 2285 1455 2315 charitas
1476 2295 1482 2313 :
1507 2283 1561 2313 sed
1585 2282 1675 2313 latria
1697 2291 1761 2312 non
1783 2284 1828 2312 est

1056 2341 1148 2379 fides,
1167 2349 1224 2380 pro
1244 2349 1280 2370 eo
1300 2339 1384 2379 quod
1401 2347 1465 2369 non
1480 2336 1654 2368 considerat
1667 2343 1828 2365 summam

1057 2395 1223 2426 veritatem
1246 2392 1421 2423 secundum
1437 2400 1487 2429 se3
1504 2399 1560 2420 nec
1581 2388 1736 2425 charitaS,
1753 2388 1830 2427 quia

1058 2458 1122 2479 non
1159 2447 1334 2478 considerat
1362 2453 1521 2476 summam
1553 2442 1744 2480 bonitatem,
1777 2442 1830 2472 sed

1060 2554 1095 2577 ix,
1106 2554 1131 2578 q.
1144 2552 1180 2570 ix.
1191 2558 1221 2564 -
1231 2546 1241 2562 ἱ
1253 2546 1326 2575 Aug„
1338 2544 1367 2567 de
1382 2543 1459 2567 Civit.
1474 2542 1518 2565 Dei
1528 2560 1535 2572 ‚
1548 2541 1591 2564 lib.
1608 2542 1639 2571 X,
1649 2548 1671 2564 c.
1684 2546 1719 2571 iv,
1735 2540 1766 2564 al.
1784 2545 1829 2571 ιιι,

1058 2593 1083 2610 n.
1098 2587 1121 2609 2.
1136 2597 1161 2601 ——
1175 2584 1185 2601 ³
1205 2584 1231 2607 Id
1245 2602 1252 2613 ,
1264 2582 1293 2606 (Ie
1309 2579 1522 2609 Trz'n.‚1ib.x=v‚
1540 2586 1561 2603 c.
1574 2585 1592 2603 1.
1603 2591 1634 2598 -
1645 2579 1654 2595 ⁸
1668 2578 1714 2608 td„
1730 2578 1759 2602 de
1774 2578 1843 2611 civ„

1059 2620 1170 2649 Dei,1ih.
1187 2620 1216 2649 X,
1227 2626 1249 2642 c.
1261 2624 1278 2646 1,
1291 2625 1316 2641 n.
1333 2618 1357 2645 3,
1373 2615 1456 2647 quoad
1471 2622 1584 2638 sensum.
1595 2627 1625 2632 —
1639 2613 1744 2644 ⁸1bz'd.;
1758 2621 1781 2637 c.
1792 2619 1831 2643 tv,

1060 2658 1090 2680 al.
1104 2663 1142 2687 ιιι,
1158 2662 1183 2679 n.
1201 2657 1222 2678 3.
1234 2667 1262 2671 -
1277 2653 1286 2668 ⁶
1301 2654 1365 2683 citu,
1379 2652 1406 2675 «le
1422 2652 1524 2679 lavent„
1539 2650 1579 2674 lib.
1593 2650 1634 2679 ΙΙΙ,
1646 2655 1735 2675 versus
1745 2649 1830 2674 finem.
