2017 2960
669 184 764 216 DlST.
789 184 824 215 V.
851 184 939 215 Atl'l'.
966 185 1002 216 ll.
1028 184 1176 222 QUAEST.
1203 185 1252 215 111,

168 255 279 293 litatis,
296 255 327 284 et
346 253 613 293 supereminentis
629 252 803 291 dignitatis.
821 251 940 289 Quam-

169 309 216 340 vis
225 309 331 339 autem
345 307 379 337 in
394 306 502 336 anima
517 306 660 345 separata
675 305 714 335 sit
727 305 866 344 reperire
879 304 942 334 sin-

168 361 371 401 gularitatem
392 362 422 390 et
445 360 652 398 dignitatem,
678 368 742 389 non
766 361 812 389 est
833 361 941 388 tamen

168 414 307 454 reperire
321 413 712 444 1110011111]11111011111111010111
726 437 733 450 ,
753 412 828 452 quia
844 421 939 451 appe-

167 469 260 499 titum
280 469 309 498 et
327 467 537 507 aptitudinem
556 466 650 496 habet
671 468 706 495 ut
727 466 857 495 uniatur
873 473 942 494 cor-

169 522 237 563 pori
258 521 296 552 ad
318 521 573 551 constitutionem
599 519 681 549 tertii
705 528 712 548 :
737 520 767 548 et
791 518 859 548 ideo
886 527 942 547 ne-

168 584 251 605 cesse
271 577 318 605 est
341 574 442 614 ipsam
457 581 562 603 carere
578 571 776 602 distinctione
792 579 942 610 persona-

168 628 281 665 litatis,
309 626 459 667 quoniam
485 626 512 655 si
537 625 721 665 completior
745 626 790 654 est
816 624 940 661 anima,

168 682 244 712 dum
259 680 416 720 appetitus
430 680 499 719 ejus
513 678 718 715 terminatur,
735 686 832 717 quem
848 677 943 707 habet

167 736 310 774 respectu
323 732 463 772 corporis
477 731 675 767 resumendi,
693 730 773 761 sicut
792 730 860 761 vult
873 730 942 760 Au-

167 787 337 827 gustinus¹
366 793 462 825 super
484 786 627 817 Genesim
657 784 699 816 acl
726 784 886 821 litteram,
913 785 944 813 et

166 843 242 870 tunc
257 849 321 869 non
336 839 431 869 habet
452 839 486 869 in
502 849 534 869 se
555 839 766 870 intentionem
782 847 941 878 personae,

166 892 342 924 necessario
367 893 509 932 sequitur
533 893 616 933 quod
643 892 864 932 personalitate
891 901 944 922 ca-

165 949 252 985 reat,
268 955 342 978 cum
364 948 409 977 est
429 949 573 986 separata
593 956 611 977 a
628 956 759 986 corpore
777 956 783 976 :
801 946 943 985 alioqum

167 1002 376 1040 sequerentur
394 999 545 1040 praedicta
565 999 835 1036 inconvenientia,
852 999 944 1029 vide-

166 1053 239 1085 licet
253 1053 338 1094 quod
353 1053 430 1083 unio
446 1055 526 1084 esset
542 1052 830 1093 praeternaturalis‚
850 1053 879 1082 et
895 1061 943 1082 se-

167 1107 288 1147 paratio
298 1116 363 1137 non
377 1108 458 1137 esset
473 1106 620 1146 poenalis;
634 1106 751 1137 iterum
766 1105 851 1144 quod
867 1105 944 1135 unio

166 1161 247 1191 esset
263 1159 296 1189 in
312 1160 428 1190 animae
444 1159 679 1199 praeJudicIum,
697 1160 727 1189 et
742 1158 898 1198 separatio
912 1158 943 1187 in

166 1213 338 1254 praemium
362 1224 368 1243 :
386 1222 525 1253 quorum
545 1213 707 1252 quodlibet
731 1212 846 1242 falsum
869 1213 915 1242 est
935 1221 941 1242 :

166 1271 193 1300 et
211 1268 281 1299 ideo
296 1276 361 1298 non
384 1267 545 1298 immerito
560 1267 593 1297 in
609 1267 668 1297 hac
687 1266 836 1306 opinione
856 1275 945 1296 00111-

167 1321 307 1353 muniter
322 1330 386 1351 11011
401 1321 558 1351 sustinent
571 1319 759 1359 Magistrum
770 1344 777 1358 ,
795 1320 944 1359 quamvis

167 1375 265 1416 aliqui
279 1373 378 1406 velint
393 1374 508 1412 dicere,
523 1373 609 1414 quod
625 1373 775 1412 Magister
787 1373 944 1403 intellexit

168 1428 206 1459 de
221 1428 328 1458 anima
341 1428 495 1467 separata,
513 1426 751 1466 circumscripta
764 1426 943 1457 unibilitate

167 1481 207 1512 ad
222 1491 336 1522 corpus
351 1491 358 1511 ε
376 1484 406 1512 et
420 1482 480 1512 1100
496 1483 541 1512 est
556 1481 661 1521 potius
676 1481 764 1511 verbi
782 1480 921 1520 palliatio
934 1504 941 1518 ,

168 1544 265 1576 qnam
286 1535 455 1574 expositio,
484 1534 564 1564 sicut
583 1534 762 1573 aspiciendo
785 1534 824 1563 ad
847 1533 944 1564 verba

168 1589 274 1628 ipsius*
287 1590 382 1628 patet.
403 1587 560 1618 Praeterea
583 1587 756 1625 unibilitas,
780 1587 846 1617 sive
868 1586 944 1626 apti-

169 1642 246 1673 tudo
268 1641 397 1672 uniendi
418 1651 491 1671 cum
515 1650 661 1680 corpore,
678 1650 743 1670 11011
761 1643 805 1671 est
827 1641 944 1671 animae

168 1695 384 1731 accidentalis,
409 1694 462 1725 sed
485 1694 544 1733 ipsi
564 1694 680 1724 animae
699 1694 872 1724 essentialis
891 1705 897 1724 :
915 1696 944 1724 et

168 1748 239 1779 ideo
253 1757 317 1779 non
335 1749 435 1787 potest
450 1747 489 1777 ab
509 1756 546 1777 ea
563 1747 699 1787 separari
714 1770 721 1784 ,
740 1747 788 1778 vcl
810 1747 945 1778 circnm-

167 1801 271 1840 scribi,
286 1801 374 1832 salva
388 1801 487 1840 ipsius
501 1802 632 1838 natura,
649 1801 731 1830 sicut
746 1801 895 1837 superius
911 1801 943 1831 in

167 1854 307 1886 secundo
327 1854 410 1885 libro
432 1856 596 1884 ostensum
615 1854 685 1883 fuit.
707 1852 814 1884 Posset
836 1856 944 1884 tamen

168 1909 228 1940 dici
251 1909 290 1939 ob
303 1908 515 1939 reverentiam
529 1907 646 1947 ipsius,
665 1907 750 1946 quod
766 1916 831 1938 non
844 1907 945 1938 voluit

168 1962 270 1994 dicere
285 1962 371 2001 quod
386 1963 451 1992 tota
465 1961 544 1991 ratio
566 1960 797 2001 personalitatis
815 1970 943 2000 compe-

168 2017 248 2046 teret
261 2015 377 2046 animae
392 2016 555 2054 separatae,
572 2013 624 2044 sed
641 2014 738 2053 quod,
753 2014 812 2044 1100
828 2023 944 2054 suppo-

168 2069 245 2105 sito,
276 2068 362 2109 quod
386 2067 494 2098 anima
516 2069 660 2107 separata
684 2069 764 2098 esset
788 2077 942 2108 persona,

168 2123 273 2154 adhuc
296 2131 362 2153 non
385 2123 465 2152 esset
485 2130 620 2161 persona
643 2121 674 2151 111
703 2121 844 2159 Christo,
869 2122 945 2161 quia

169 2177 249 2207 esset
271 2177 440 2215 coniuncta
458 2184 532 2205 cum
554 2174 663 2205 divina
685 2184 829 2214 persona.
847 2176 946 2213 Quid-

168 2229 246 2269 quid
269 2231 377 2260 autem
399 2228 439 2259 sit
462 2229 499 2259 de
522 2227 697 2258 intentione
720 2228 878 2268 Magistri,
895 2229 946 2260 1110

170 2282 406 2314 concedendum
431 2283 477 2312 est
500 2281 586 2321 quod
610 2281 692 2312 ratio
716 2283 946 2322 personalitatis

170 2344 236 2366 non
248 2337 294 2366 est.
308 2335 399 2376 plene
414 2335 496 2366 circa
505 2335 647 2365 animam
657 2338 845 2376 separatam.
858 2336 946 2368 Unde

171 2389 378 2421 concedendae
394 2391 469 2420 sunt
482 2389 621 2420 rationes
636 2390 675 2421 ad
690 2390 750 2421 1100
765 2390 915 2421 inductae.

211 2444 241 2474 1.
255 2443 304 2474 Ad
319 2443 396 2474 illud
411 2452 487 2474 vero
505 2443 590 2483 quod
607 2443 755 2484 objicitur
773 2445 810 2475 de
832 2446 946 2476 aucto-

172 2496 263 2527 ritate
295 2496 457 2536 Magistri,
483 2499 568 2536 patet
600 2497 764 2538 responsio
799 2507 855 2538 per
877 2499 946 2538 jam

172 2548 265 2579 dicta.

213 2603 244 2632 2.
275 2602 320 2632 Ad
347 2602 425 2633 illud
453 2612 528 2635 vero
554 2604 639 2644 quod
667 2604 836 2644 objicitur,
863 2605 948 2645 quod

208 2665 214 2681 ¹
230 2665 308 2695 Aug„
321 2669 351 2687 tte
365 2665 448 2689 tiene-5.
465 2665 498 2689 ad
516 2666 576 2695 litt..
593 2666 636 2689 1111.
655 2667 708 2696 ΧΗ,
725 2674 744 2690 c.
762 2673 840 2697 xxxv,
864 2674 889 2691 u.
909 2667 947 2690 68.

1714 189 1770 218 ¹33

996 252 1105 283 anima
1119 253 1263 292 separata
1283 254 1330 282 est
1351 260 1400 282 res
1418 251 1563 282 distincta
1583 253 1772 292 proprietate

997 306 1035 337 ad
1054 306 1244 345 dignitatem
1263 305 1453 345 pertinente,
1471 306 1500 335 et
1515 305 1615 344 quod,
1632 305 1771 335 circum-

997 360 1111 399 scripta
1128 359 1343 399 assumptione
1357 360 1387 388 et
1402 358 1531 395 unione,
1549 358 1702 398 complete
1716 359 1772 388 ha-

998 413 1050 443 bet
1067 414 1221 443 rationem
1237 422 1391 452 personae,
1408 421 1504 452 qnam
1521 411 1610 452 ponit
1624 411 1750 442 Boetius
1765 422 1772 450 ;

999 466 1166 496 dicendum
1183 467 1266 506 quod
1283 476 1346 496 non
1359 468 1404 496 est
1416 466 1459 496 ibi
1474 466 1554 497 ratio
1567 465 1774 496 distinctionis

999 519 1174 549 secundum
1187 519 1272 558 quod
1288 520 1437 550 convenit
1453 528 1595 559 personae
1606 518 1775 548 intentioni

999 572 1176 602 secundum
1187 572 1273 602 illam
1289 572 1447 611 triplicem
1463 572 1690 609 conditionem,
1703 579 1775 611 quae

1000 625 1147 664 superius
1161 625 1321 663 assignata
1336 627 1393 656 est.

1042 680 1070 708 3.
1086 678 1133 708 Ad
1148 678 1225 708 illud
1241 687 1317 708 vero
1331 677 1416 718 quod
1432 677 1590 716 objicitur,
1602 677 1687 717 quod
1703 686 1777 707 cum

1000 732 1107 762 anima
1123 731 1234 762 unitur
1247 731 1390 771 corpori,
1409 739 1472 761 non
1496 730 1607 761 unitur
1622 730 1775 770 digniori,

1000 787 1029 815 et
1042 785 1085 815 ita
1100 784 1260 815 unibilitas
1274 785 1313 814 acl
1331 793 1448 823 corpus
1463 793 1527 814 non
1543 784 1646 814 aufert
1660 784 1777 815 animae

1000 847 1144 878 persona-3
1168 838 1410 878 proprietatem3
1429 838 1599 868 dicendum
1618 838 1702 877 quod
1718 838 1778 869 hoc

1002 901 1116 923 verum
1131 894 1221 931 esset,
1239 892 1264 921 si
1279 891 1387 922 anima
1408 894 1488 922 esset
1505 901 1639 931 persona
1654 901 1709 931 per
1724 901 1755 922 se
1769 901 1776 931 ;

1001 947 1078 976 tunc
1099 946 1185 976 enim
1205 945 1327 975 ratione
1348 954 1491 984 personae
1514 954 1578 975 non
1600 945 1779 985 privaretur

1002 1008 1042 1030 ex
1057 999 1126 1036 hoc,
1141 999 1225 1038 quod
1241 998 1364 1038 corpori
1379 1000 1630 1037 conjungeretur
1642 1009 1648 1029 :
1661 999 1687 1028 si
1701 1007 1779 1037 ergo

1002 1054 1087 1082 caret
1109 1052 1231 1082 ratione
1247 1061 1390 1091 personae
1412 1061 1486 1082 cum
1502 1051 1625 1091 corpori
1641 1052 1779 1091 conjun-

1002 1106 1100 1144 gitur,
1119 1106 1203 1144 patet
1218 1106 1302 1145 quod
1318 1114 1382 1136 non
1397 1107 1443 1135 est
1462 1114 1595 1145 persona
1610 1115 1685 1136 cum
1701 1108 1747 1135 est
1761 1114 1779 1135 a

1003 1168 1133 1198 corpore
1149 1161 1291 1198 separata
1309 1168 1316 1188 :
1332 1159 1393 1189 1100
1410 1160 1518 1189 autem
1539 1168 1604 1189 non
1623 1160 1669 1189 est
1683 1168 1778 1199 prop-

1002 1215 1049 1243 ter
1070 1213 1228 1243 defectum
1247 1212 1430 1251 dignitatis,
1453 1212 1507 1242 sed
1528 1214 1656 1252 propter
1677 1212 1778 1243 defec-

1002 1268 1072 1297 tum
1087 1265 1452 1296 incommunicabilitatis
1469 1275 1475 1296 ι
1493 1264 1640 1305 quamvis
1656 1274 1719 1295 non
1733 1265 1779 1295 in-

1002 1329 1146 1359 congrue
1163 1322 1266 1359 posset
1282 1320 1355 1357 dici,
1374 1319 1459 1360 quod
1475 1319 1514 1350 ad
1531 1319 1633 1359 ipsam
1647 1318 1779 1349 1111111111-

1002 1375 1099 1404 tatem
1128 1383 1184 1414 per
1211 1373 1344 1404 modum
1374 1373 1610 1414 compositionis
1635 1373 1779 1413 sequitur

1002 1427 1150 1467 quaedam
1173 1427 1363 1467 indigentia,
1387 1428 1418 1457 et
1439 1427 1578 1458 defectus
1600 1436 1620 1456 a
1639 1426 1780 1466 comple-

1001 1482 1087 1512 tione
1103 1481 1303 1521 dignissima.

1042 1537 1071 1565 4.
1093 1535 1142 1566 Ad
1163 1534 1241 1565 illud
1264 1534 1349 1574 quod
1372 1533 1541 1574 objicitur,
1560 1533 1646 1573 quod
1670 1533 1779 1564 anima

1002 1588 1105 1620 differt
1126 1588 1229 1628 specie
1249 1587 1288 1618 ab
1308 1587 1423 1627 angelo
1446 1586 1624 1617 secundum
1644 1586 1729 1626 quod
1749 1585 1778 1616 ei

1002 1644 1215 1680 comparatur,
1235 1641 1404 1672 dicendum
1420 1639 1505 1680 quod
1523 1639 1603 1670 ratio
1625 1648 1777 1679 persona-

1000 1693 1097 1724 litatis
1112 1693 1183 1734 plus
1196 1694 1270 1724 dicit
1286 1693 1546 1733 completionem,
1564 1702 1660 1733 quam
1678 1693 1779 1724 inten-

1001 1747 1120 1778 tionem
1136 1747 1259 1787 speciei.
1275 1747 1356 1778 Nam
1372 1746 1514 1778 Christus
1528 1746 1704 1777 secundum
1720 1746 1779 1778 hu-

1002 1810 1131 1831 manam
1156 1803 1305 1832 naturam
1325 1801 1506 1831 continetur
1522 1799 1582 1830 sub
1603 1799 1704 1839 specie
1718 1799 1779 1830 ho·-

1002 1855 1115 1891 minis,
1141 1854 1289 1894 quamvis
1317 1853 1493 1884 secundum
1517 1853 1604 1883 illam
1628 1854 1778 1883 naturam

1002 1917 1066 1938 non
1094 1907 1209 1938 haheat
1234 1907 1445 1938 intentionem
1471 1905 1713 1947 personalitatis.
1742 1905 1778 1936 Et

1001 1961 1071 1991 ideo
1088 1970 1151 1992 non
1166 1961 1312 2001 sequitur
1323 1985 1331 1999 ,
1348 1960 1433 2001 quod
1448 1959 1474 1990 si
1488 1960 1606 1990 animae
1627 1960 1778 2000 separatae

1001 2015 1171 2046 conveniat
1193 2014 1338 2055 specifica
1363 2013 1540 2044 differentia
1558 2014 1702 2053 respectu
1720 2021 1778 2043 an—

1002 2068 1077 2108 geli,
1090 2068 1175 2108 quod
1190 2069 1318 2108 propter
1332 2067 1392 2098 hoc
1407 2067 1575 2097 conveniat
1587 2066 1616 2097 ei
1631 2066 1777 2097 discretio

1002 2121 1175 2162 personalis
1189 2123 1333 2161 respectu
1353 2120 1482 2151 alterius
1504 2120 1632 2151 animae.
1649 2119 1712 2150 Nee
1726 2128 1777 2150 se-

1002 2175 1112 2215 quitur
1137 2186 1144 2206 :
1174 2187 1188 2204 (‹
1212 2175 1321 2205 Differt
1344 2183 1480 2205 numero
1502 2174 1542 2205 ab
1565 2173 1627 2205 alia
1649 2174 1775 2210 anima,

1003 2238 1082 2268 ergo
1106 2229 1211 2260 differt
1232 2228 1457 2268 personaliter3
1483 2238 1497 2256 1)
1525 2227 1600 2268 quia
1622 2226 1778 2258 distinctio

1003 2282 1179 2313 secundum
1198 2290 1372 2312 numerum
1394 2281 1427 2311 in
1449 2280 1520 2322 plus
1540 2282 1587 2312 est
1609 2289 1707 2320 quam
1728 2279 1778 2309 di-

1002 2335 1129 2367 stinctio
1144 2335 1329 2376 personalis.

1045 2391 1074 2421 5.
1091 2389 1139 2420 Ad
1152 2389 1229 2420 illud
1244 2385 1330 2429 qnod
1341 2388 1524 2430 opponitur,
1536 2386 1620 2427 quod
1634 2386 1781 2417 011100111-

1004 2444 1082 2484 petit
1096 2443 1183 2483 loqui
1204 2443 1242 2474 de
1267 2452 1314 2481 se,
1331 2445 1367 2473 ut
1388 2443 1425 2473 de
1449 2451 1497 2478 se,
1523 2443 1594 2478 etc.;
1612 2439 1781 2471 dicendum

1006 2497 1090 2538 quod
1105 2506 1219 2528 verum
1236 2499 1282 2527 est
1296 2496 1477 2536 accipiendo
1494 2495 1583 2534 large
1599 2503 1780 2535 personam,

1006 2550 1185 2582 secundum
1199 2550 1282 2591 quod
1302 2559 1435 2590 persona
1455 2549 1570 2579 dicitur
1584 2557 1650 2578 esse
1671 2547 1706 2578 in
1720 2555 1781 2578 no-

1007 2604 1104 2642 mine,
1116 2603 1168 2635 vel
1181 2603 1380 2644 pronomine,
1393 2601 1569 2633 secundum
1584 2601 1669 2641 quod
1682 2600 1782 2631 reddit

1007 2657 1208 2698 suppositum
1231 2656 1330 2687 verbo
1354 2665 1361 2686 :
1385 2655 1446 2687 1100
1469 2656 1577 2686 autem
1598 2653 1694 2686 modo
1715 2662 1783 2685 non
