2017 2960
24 1668 58 1688 Ad
75 1673 130 1695 opp.

645 137 742 170 DlST.
765 137 802 168 V.
825 136 916 168 ART.
941 136 979 167 11.
1003 136 1152 174 QUAEST.
1177 137 1214 168 Η,

133 208 261 240 illarum
285 206 537 238 notificationum
566 205 737 246 accipiatur
762 204 817 235 illa
848 213 907 234 na-

135 265 216 300 tura,
244 261 312 293 dieo
336 260 420 301 quod
444 258 621 290 secundum
649 267 779 289 omnem
809 259 910 298 potest

134 314 243 354 accipi,
262 313 402 344 maxime
420 314 527 343 tamen
549 312 725 342 secundum
748 310 907 348 ultimam,

134 367 211 407 quia
225 366 448 405 completivam
471 368 501 395 et
524 366 703 405 specificam
723 364 834 395 habuit
849 364 909 394 ho-

136 420 231 451 minis
254 419 478 450 differentiam.
509 419 572 449 Nec
605 419 711 450 valent
746 418 808 448 illae
838 417 910 447 ins-

135 473 243 504 tantiae
271 483 278 502 z
304 473 380 512 quia
407 473 548 503 Christus
579 481 644 502 non
667 471 770 501 solum
796 470 912 501 dicitur

135 526 343 566 assumpsisse
358 526 534 557 humanam
554 527 717 562 naturam,
738 523 790 554 sed
813 525 911 553 totam

135 580 310 611 humanam
326 583 488 617 naturam;
506 588 564 610 nec
578 578 693 608 dicitur
705 576 912 616 assumpsisse

135 633 313 673 specificam
350 632 580 669 differentiam,
613 631 790 662 seeundum
826 628 912 669 quod

135 687 279 727 specifica
292 685 468 716 differentia
490 685 629 715 sumitur
652 693 707 724 per
726 683 912 713 abstractio-

135 749 210 771 nem
225 749 243 770 a
262 739 497 778 singularibus3
519 739 571 769 sed
597 737 768 777 assumpsit
788 736 911 776 specifi-

136 802 206 824 cam
236 792 446 823 differentiam
479 793 510 822 in
544 791 727 831 particulari
758 790 914 821 veraciter

136 847 336 877 existentem.
359 845 397 877 Et
419 846 479 876 hoc
509 846 602 876 datur
621 845 755 884 intelligi
784 843 914 874 nomine

136 904 271 933 naturae.
290 901 326 932 In
340 901 400 932 hoc
419 901 505 932 enim
530 901 634 932 differt
655 900 788 931 essentia
811 908 830 929 a
853 907 912 929 na-

137 958 221 994 tura,
241 955 317 995 quia
331 955 467 986 essentia
490 955 634 985 nominat
656 955 701 986 rei
722 955 857 985 formam
882 952 915 982 in

139 1010 277 1049 quadam
298 1009 526 1048 abstractione,
547 1011 662 1039 natura
679 1018 750 1039 eam
771 1008 917 1040 nominat

139 1065 246 1094 entem
270 1062 303 1093 in
331 1065 432 1100 motu,
459 1065 489 1094 et
515 1063 647 1093 materia
663 1064 699 1093 ut
721 1064 916 1095 naturalium

139 1116 362 1155 operationum
386 1115 579 1155 principium
605 1126 611 1146 :
630 1118 661 1146 et
681 1115 752 1146 ideo
775 1117 918 1148 doctores

140 1169 285 1201 catholici
305 1168 411 1209 magis
434 1168 493 1199 isto
515 1169 613 1200 verbo
637 1169 683 1199 uti
712 1170 883 1201 voluerunt
907 1181 915 1203 :

144 1234 158 1252 ιι
190 1222 271 1253 Deus
301 1222 472 1262 assumpsit
501 1222 678 1253 humanam
703 1225 867 1263 naturam,
899 1234 914 1253 ι)

140 1285 238 1317 quam
253 1275 313 1306 hoc
331 1287 337 1307 :
361 1287 375 1304 α
391 1275 472 1306 Deus
494 1276 666 1316 assumpsit
680 1276 857 1308 humanam
872 1286 919 1308 es-

141 1329 275 1360 sentiam
292 1339 299 1359 :
316 1340 330 1357 n
353 1329 502 1369 quamvis
522 1331 658 1370 utraque
682 1330 723 1360 sit
746 1340 836 1368 vera,
860 1331 919 1362 ista

142 1384 250 1414 tamen
264 1384 310 1413 est
320 1383 424 1422 magis
436 1383 576 1423 propria.

409 1489 589 1527 QUAESTIO
612 1490 650 1521 ΙΙ.

197 1575 242 1599 An
258 1571 325 1599 Deus
339 1574 512 1607 assumpserit
528 1572 672 1600 humanam
684 1580 827 1607 personam
842 1573 863 1600 ¹.

186 1652 298 1683 Utrum
318 1651 401 1682 Deus
419 1652 624 1692 assumpserit
647 1652 824 1684 humanam
847 1663 920 1693 per-

145 1714 256 1737 sonam
266 1716 274 1743 ;
293 1706 324 1736 et
338 1704 424 1745 quod
438 1705 499 1744 sic,
515 1705 653 1736 videtur.
674 1706 816 1744 Boetius,
834 1706 921 1737 diffi-

144 1758 238 1789 niens
251 1767 431 1798 personam,
447 1758 519 1789 dicit
537 1761 548 1777 ¹
563 1759 648 1798 quod
668 1771 682 1788 (ι
697 1761 742 1790 est
751 1759 920 1791 individua

144 1812 321 1843 substantia
333 1811 495 1842 rationalis
509 1814 633 1843 naturae
647 1821 655 1843 :
674 1823 689 1841 ι)
707 1813 761 1844 sed
775 1813 919 1845 Christus

145 1865 317 1905 assumpsit
328 1865 526 1896 individuam
537 1866 745 1897 substantiam
760 1867 922 1898 rationalis

145 1923 280 1959 naturae,
295 1922 331 1950 ut
345 1920 420 1950 dicit
433 1920 645 1951 Damascenus
660 1924 670 1940 ³
688 1932 694 1952 :
717 1933 731 1951 (ι
741 1921 922 1962 Assumpsit

146 1973 235 2004 enim
252 1975 400 2004 naturam
413 1973 446 2003 in
462 1975 567 2005 atomo
584 1985 591 2005 :
614 1985 628 2002 ι)
649 1984 727 2014 ergo
751 1975 922 2015 assumpsit

147 2035 327 2066 personam.

187 2082 217 2110 2.
239 2079 318 2111 Item
337 2079 377 2110 ad
395 2079 586 2119 dignitatem
608 2080 782 2120 singularis
804 2083 922 2121 spectat

147 2133 315 2173 quodillud
321 2133 484 2173 singulare
493 2133 533 2164 sit
542 2143 687 2173 persona,
697 2143 830 2174 persona
836 2135 923 2165 enim

147 2195 266 2218 nomen
276 2189 322 2218 est
335 2186 499 2226 dignitatis
509 2196 516 2217 z
528 2187 580 2218 sed
592 2189 708 2218 natura
718 2190 880 2227 assumpta
890 2189 924 2219 in

148 2239 271 2271 Christo
287 2249 378 2280 aeque
398 2240 451 2272 vel
473 2241 577 2280 magis
600 2241 715 2272 nobilis
739 2243 802 2280 est,
825 2251 923 2281 quam

149 2294 189 2324 sit
202 2294 237 2324 in
251 2294 359 2334 aliquo
381 2293 444 2325 alio
465 2293 596 2325 homine
623 2305 629 2325 t
654 2294 679 2325 si
701 2303 778 2334 ergo
801 2295 834 2325 in
856 2295 927 2326 aliis

149 2356 215 2378 non
229 2347 344 2378 amittit
353 2348 511 2378 rationem
524 2357 681 2388 personae,
694 2348 822 2379 videtur
838 2349 924 2388 quod

150 2400 185 2430 in
198 2400 318 2432 Christo
333 2401 448 2433 haheat
461 2401 624 2442 potissime
638 2411 647 2432 :
664 2411 754 2442 ergo,
770 2403 829 2432 etc.

185 2481 193 2497 ¹
211 2481 250 2512 Cf.
271 2483 298 2507 S.
315 2482 418 2512 Thom.,
438 2489 463 2514 p.
481 2483 522 2512 ΙΙΙ,
538 2490 563 2513 q.
584 2488 618 2512 ιν,
634 2484 681 2506 art.
703 2483 732 2511 4;
757 2484 781 2506 et
797 2482 828 2506 ΙΙΙ
845 2482 925 2513 Sene„

153 2515 211 2540 dist.
227 2522 251 2546 ν,
262 2524 287 2548 q.
302 2524 346 2548 ιιι,
358 2520 406 2542 art.
422 2520 452 2549 35
469 2521 494 2542 et
508 2518 566 2542 dist.
580 2524 614 2548 νι,
629 2525 655 2550 q.
670 2525 688 2548 1,
704 2520 751 2543 art.
770 2521 795 2547 ις
819 2518 924 2550 Scotus‚

154 2551 187 2575 ΙΙΙ
204 2551 282 2583 Seni„
302 2553 359 2578 dist.
374 2559 399 2583 v,
420 2561 444 2585 q.
463 2556 489 2585 15
504 2553 658 2584 Richafflus,
680 2554 711 2577 111
729 2553 810 2578 Sent..
824 2553 881 2577 dist.
900 2558 923 2582 v,

155 2594 180 2619 q.
194 2593 217 2618 ις
237 2588 383 2619 Durandus,
399 2589 430 2613 ΙΙΙ
444 2589 524 2620 Seni„
537 2590 592 2614 dist.
606 2595 632 2620 v,
647 2596 671 2620 q.
688 2595 712 2620 13
729 2589 879 2614 Franciscus
893 2588 924 2613 de

154 2622 247 2653 Mayr„
263 2623 296 2647 ln
311 2622 390 2654 Sent„
404 2623 462 2648 dist.
478 2630 502 2654 V,
521 2632 547 2656 q.
562 2630 585 2655 ις
601 2625 673 2649 Joan.
691 2625 776 2655 Bane„
793 2625 824 2648 ΙΙΙ
846 2625 925 2654 Sem„

274 2675 351 2699 '1⁸08-
374 2676 418 2700 W.

1682 140 1739 169 ¹29

1008 208 1037 235 3.
1055 204 1132 235 ltem
1152 205 1259 234 anima
1280 205 1442 235 rationalis
1457 205 1547 235 unita
1565 205 1651 235 carni
1666 205 1741 236 facit

967 267 1154 298 personam:
1170 257 1223 288 sed
1234 266 1308 289 cum
1323 257 1404 288 Deus
1419 257 1596 289 humanam
1613 267 1740 289 carnem

967 311 1151 351 assumpsit,
1178 312 1319 342 animam
1342 311 1529 342 rationalem
1547 311 1635 342 carni
1663 320 1741 342 con-

963 365 1074 403 junxit
1098 375 1105 394 :
1129 374 1207 404 ergo
1231 365 1255 395 si
1280 364 1451 404 assumpsit
1479 365 1622 395 animam
1655 365 1742 395 carni

968 418 1181 456 conjunctam,
1197 418 1322 449 videtur
1339 418 1424 459 quod
1444 419 1648 458 assumpserit
1667 427 1742 459 per-

968 479 1091 500 sonam.

1008 525 1037 552 4.
1049 522 1127 552 Item
1138 532 1273 562 persona
1283 533 1347 554 non
1361 524 1467 564 gignit
1481 524 1540 555 nisi
1552 533 1719 565 personam
1734 534 1742 556 :

968 576 1021 605 sed
1040 576 1091 606 Dei
1107 576 1204 607 Filius
1220 577 1391 616 assumpsit
1402 578 1486 617 quod
1500 578 1599 617 Virgo
1610 579 1742 618 genuit:

969 638 1046 669 ergo
1070 630 1096 660 si
1122 630 1221 669 Virgo
1248 639 1381 670 persona
1409 632 1486 669 fuit,
1503 632 1630 663 videtur
1660 633 1744 673 quod

970 683 1051 714 Deus
1065 693 1106 714 ex
1120 694 1156 715 ea
1172 693 1341 724 personam
1356 685 1572 725 assumpserit.

1011 737 1071 768 Sed
1085 740 1194 768 contra
1211 748 1217 769 ι
1235 738 1436 778 Augustinus
1451 739 1472 777 ὦ,
1490 738 1527 770 de
1538 738 1620 771 Fide
1634 739 1678 771 ad
1688 739 1746 771 Pe-

970 794 1055 823 trum
1074 802 1080 821 z
1102 803 1115 820 <t
1131 791 1213 822 Deus
1228 794 1378 823 naturam
1403 792 1542 823 hominis
1563 793 1744 833 assumpsit,

970 854 1035 876 non
1050 854 1228 885 personam.
1246 856 1259 874 ›)

1013 898 1090 929 Item
1105 899 1165 929 hoc
1185 899 1290 939 ipsum
1314 899 1452 930 ostendit
1468 899 1596 931 Boetius
1616 899 1671 931 tali
1691 909 1745 931 ra-

971 952 1079 984 tione:
1102 952 1225 983 Christo
1245 962 1308 984 non
1333 955 1379 984 est
1404 953 1464 983 nisi
1489 963 1554 985 una
1578 963 1712 994 persona
1737 965 1745 986 :

972 1015 1050 1045 ergo
1065 1006 1088 1037 si
1106 1006 1157 1037 Dei
1173 1006 1271 1037 Filius
1282 1007 1453 1047 assumpsit
1464 1016 1646 1047 personam,
1663 1008 1747 1039 idem

972 1062 1192 1101 assumpsisset
1206 1062 1345 1102 seipsum
1363 1072 1371 1093 ε
1386 1065 1416 1093 et
1431 1063 1490 1093 hoc
1511 1065 1558 1094 est
1575 1064 1702 1102 falsum,
1718 1065 1749 1094 et

973 1124 1038 1146 non
1053 1115 1254 1154 intelligibile
1273 1126 1279 1145 2
1301 1125 1379 1154 ergo
1398 1118 1429 1153 et
1451 1116 1530 1147 illud
1549 1126 1589 1147 ex
1611 1126 1675 1157 quo
1696 1127 1749 1148 se-

973 1169 1099 1208 quitur,
1119 1169 1234 1199 scilicet
1260 1169 1343 1208 quod
1368 1179 1503 1209 persona
1525 1170 1586 1200 fuit
1608 1179 1627 1200 a
1645 1169 1749 1202 Verbo

973 1224 1145 1262 assumpta.
1170 1221 1285 1253 Probat
1307 1224 1415 1254 autem
1440 1223 1576 1263 primam
1604 1223 1748 1264 proposi—

974 1277 1095 1307 tionem
1109 1277 1163 1313 sic,
1180 1277 1298 1308 scilicet
1308 1278 1393 1318 quod
1410 1278 1552 1309 Christus
1566 1278 1606 1309 sit
1620 1288 1706 1309 unus
1717 1279 1750 1310 in

974 1339 1108 1370 persona
1134 1342 1139 1361 :
1167 1331 1267 1362 Omne
1289 1331 1375 1371 quod
1397 1334 1461 1370 est,
1486 1331 1557 1362 ideo
1583 1334 1646 1369 est,
1675 1332 1751 1372 quia

975 1393 1078 1414 unum
1104 1393 1239 1415 numero
1263 1386 1310 1415 est
1337 1395 1344 1413 :
1372 1385 1397 1415 si
1421 1394 1500 1424 ergo
1525 1385 1665 1416 Christus
1691 1387 1749 1424 est,

975 1446 1102 1467 necesse
1117 1439 1162 1467 est
1177 1446 1282 1468 unum
1303 1447 1370 1469 esse
1390 1448 1397 1468 ;
1414 1437 1468 1468 sed
1491 1447 1557 1469 non
1579 1440 1625 1469 est
1648 1447 1752 1469 unum

976 1489 1010 1520 in
1025 1492 1162 1520 natura:
1187 1499 1265 1529 ergo
1284 1499 1411 1522 necesse
1432 1493 1478 1522 est
1500 1499 1602 1522 unum
1626 1500 1693 1522 esse
1718 1491 1753 1522 in

976 1551 1122 1582 persona.

1018 1595 1096 1626 Item
1120 1596 1180 1626 hoc
1202 1596 1308 1636 ipsum
1329 1596 1508 1627 ostenditur
1533 1605 1590 1636 per
1612 1597 1753 1628 nominis

977 1649 1133 1681 rationem
1150 1660 1157 1680 t
1174 1658 1309 1689 persona
1323 1650 1409 1681 enim
1424 1650 1499 1681 dicit
1520 1650 1599 1690 quid
1617 1651 1754 1691 comple-

977 1704 1058 1741 tum,
1075 1704 1105 1733 et
1117 1702 1303 1733 distinctum
1318 1703 1432 1734 ultima
1446 1704 1657 1744 completione
1673 1713 1681 1735 ε
1700 1705 1754 1736 sed

978 1756 1062 1796 quod
1079 1757 1264 1794 assumitur,
1280 1765 1317 1787 eo
1334 1756 1401 1796 ipso
1414 1757 1500 1797 quod
1515 1758 1703 1797 assumitur,
1715 1758 1754 1790 ad

978 1810 1166 1851 completius
1180 1811 1346 1842 ordinatur
1363 1822 1369 1842 z
1385 1820 1463 1850 ergo
1481 1811 1606 1843 videtur
1620 1812 1706 1853 quod
1721 1813 1755 1843 in

979 1873 1012 1894 se
1026 1873 1091 1894 non
1105 1864 1219 1894 habeat
1234 1864 1389 1895 rationem
1404 1873 1560 1904 personae.

1021 1917 1110 1955 Item,
1135 1918 1162 1948 si
1187 1918 1369 1958 assumpsit,
1388 1921 1444 1949 aut
1466 1918 1674 1958 consumpsit,
1700 1920 1756 1950 aut

980 1971 1178 2002 conservavit
1196 1982 1202 2002 ε
1220 1973 1340 2002 constat
1353 1971 1439 2011 quod
1461 1981 1526 2002 non
1547 1972 1754 2012 consumpsit,

981 2025 1057 2065 quia
1083 2024 1192 2055 divina
1215 2026 1330 2055 natura
1352 2025 1505 2056 humanae
1529 2027 1653 2056 naturae
1675 2025 1756 2056 nihil

981 2078 1151 2109 nobilitatis
1163 2077 1294 2108 abstulit
1305 2089 1312 2116 ;
1325 2077 1350 2108 si
1366 2078 1576 2117 conservavit,
1592 2088 1671 2118 ergo
1681 2088 1754 2110 cum

981 2141 1147 2162 assumens
1168 2141 1233 2162 non
1253 2131 1293 2162 sit
1313 2134 1527 2172 assumptum,
1553 2134 1649 2164 restat
1672 2132 1757 2172 quod

982 2187 1014 2216 in
1035 2185 1156 2216 Christo
1170 2186 1233 2216 sint
1247 2185 1319 2216 duae
1334 2189 1460 2217 naturas
1475 2190 1505 2217 et
1516 2187 1589 2217 duae
1600 2195 1754 2227 personae,

981 2239 1099 2270 scilicet
1114 2240 1257 2270 humana
1278 2242 1309 2270 et
1330 2240 1439 2271 divina
1464 2251 1470 2270 :
1495 2249 1574 2279 ergo
1596 2250 1654 2271 nec
1675 2240 1757 2270 Deus

981 2296 1027 2324 est
1041 2293 1149 2332 homo,
1166 2303 1225 2325 nec
1239 2294 1335 2325 homo
1350 2296 1397 2325 est
1411 2294 1494 2325 Deus
1509 2304 1516 2325 :
1532 2304 1610 2334 ergo
1624 2303 1690 2325 non
1710 2295 1758 2325 est

982 2345 1026 2375 ibi
1042 2345 1148 2385 aliqua
1162 2345 1251 2382 unio,
1269 2355 1305 2376 ac
1321 2355 1376 2385 per
1389 2345 1451 2376 hoc
1465 2355 1524 2377 neo
1547 2345 1723 2385 assumptio
1746 2353 1755 2376 :

981 2398 1006 2428 si
1022 2407 1100 2437 ergo
1122 2399 1170 2429 est
1190 2398 1233 2428 ibi
1252 2399 1426 2439 assumptio
1441 2408 1528 2437 vera,
1552 2398 1756 2429 manifestum

981 2454 1028 2483 est
1042 2452 1126 2492 quod
1140 2461 1274 2492 persona
1288 2462 1353 2483 non
1366 2455 1413 2484 est
1427 2455 1600 2493 assumpta.

982 2516 1039 2540 dist.
1056 2522 1080 2546 v,
1097 2522 1122 2546 q.
1139 2521 1161 2546 ις
1176 2515 1263 2546 Steph.
1281 2515 1385 2547 Brulef.‚
1401 2516 1429 2540 ΙΙΙ
1446 2516 1525 2546 SenL,
1542 2516 1599 2540 dist.
1613 2521 1639 2546 v,
1654 2522 1679 2547 q.
1693 2517 1756 2540 6.—

981 2553 991 2568 ¹
1007 2553 1089 2582 Boet.‚
1104 2551 1133 2575 de
1154 2551 1236 2575 Duab.
1258 2551 1319 2575 Nat.
1332 2554 1354 2575 et
1369 2559 1411 2576 un.
1426 2559 1491 2583 pers.
1508 2551 1621 2583 Christi,
1641 2558 1664 2576 c.
1684 2557 1713 2576 ιι.
1724 2565 1755 2570 -

981 2588 991 2606 ³
1001 2588 1125 2616 Damase,
1139 2587 1168 2611 de
1182 2587 1244 2611 Fide
1257 2587 1364 2619 orthod„
1377 2587 1420 2612 lib,
1438 2588 1457 2617 Ι,
1469 2593 1537 2612 c.x1.
1547 2600 1578 2606 —
1587 2587 1596 2604 ⁴
1607 2588 1660 2612 lmo
1671 2587 1754 2618 Fulg„

981 2623 1010 2647 de
1025 2623 1089 2647 Fide
1100 2622 1134 2646 ud
1142 2623 1221 2652 Pelr„
1234 2630 1255 2647 c.
1273 2629 1336 2654 xvn,
1351 2630 1377 2647 n.
1393 2625 1431 2647 60.

1615 2670 1635 2699 0

1761 751 1864 774 Fundam.
