2017 2960
782 165 971 198 DISTINGT.
995 165 1086 198 XXV.

132 236 302 275 quoerz'cun
318 243 390 267 cum
405 235 474 266 sine
491 233 555 272 fide
572 234 768 272 Medz'atoris,
786 236 858 271 etos,
876 234 909 263 in

131 289 222 319 tertia
235 297 311 320 vero
326 288 460 328 inquirit
474 288 512 318 de
527 288 589 319 fide
604 288 750 326 Comelii,
762 296 835 327 quae
851 287 910 317 fuit

131 344 204 372 ante
210 341 423 380 Evangelium
432 341 674 380 promulgatum
687 341 738 380 (a),
748 341 791 371 ibi
805 350 812 370 :
827 339 909 371 Solet

131 395 229 427 etiam
245 395 349 434 qzcoerz'
366 394 403 426 <le
421 395 577 433 Cornelio,
594 396 653 425 etc.
671 393 910 425 Subdivisiones

130 450 237 478 autem
253 448 391 487 partium
407 449 583 479 manisestae
599 450 674 479 sunt
689 448 724 478 in
739 448 852 478 littera.

460 544 529 565 DUB.
554 544 575 565 1.

130 609 204 634 Fides
219 609 312 640 quippe
325 616 417 641 magna
428 609 520 633 dicitur
532 609 689 640 cognitione,
707 610 732 632 et
745 608 910 632 articulorum

229 647 369 679 quantitate
379 667 386 678 ,
401 647 442 671 vel
457 646 613 675 constantia,
630 648 654 670 et
670 646 816 670 devotione,

170 723 284 754 Contra
302 732 309 754 :
325 722 457 754 Videtur
472 723 575 762 primo
589 722 642 752 hic
657 730 724 752 esse
740 721 910 761 superflui-

129 778 189 815 tas,
205 777 279 816 quia
296 777 449 816 magister
465 775 561 814 Hugo
573 785 638 805 non
654 775 743 814 ponit
757 775 817 805 nisi
833 775 909 813 duo,

129 829 305 860 secundum
330 838 403 869 qnae
436 828 608 859 attenditur
636 829 795 867 profectus
818 827 911 866 fidei,

129 883 277 914 videlicet
301 883 536 922 cognitionem,
559 885 589 913 et
607 882 827 920 affectionen13
846 882 911 912 Ma-

129 936 229 975 gister
244 946 320 967 vero
333 936 421 976 ponit
431 936 484 966 hic
502 938 640 976 quatuor
658 947 664 967 :
680 945 758 975 ergo
771 936 909 974 videtur,

130 989 215 1029 quod
236 989 287 1020 ille
304 989 343 1019 sit
358 989 554 1027 diminutus,
575 989 626 1020 vel
642 989 700 1019 iste
715 989 910 1028 superfluus.

131 1041 209 1073 Item
221 1042 332 1073 eadem
343 1042 415 1080 side,
425 1051 490 1082 qua
502 1042 641 1073 creditur
654 1051 739 1073 nnus
746 1042 910 1080 articulus,

130 1095 307 1126 creduntur
321 1097 352 1125 et
368 1095 475 1126 caeteri
489 1104 497 1126 :
511 1104 588 1134 ergo
605 1105 669 1125 non
685 1095 812 1126 videtur
826 1096 912 1136 quod

132 1148 256 1179 dicatur
276 1158 397 1188 magna
413 1149 452 1179 ab
466 1149 675 1180 articulorum
692 1149 880 1189 quantitate.

171 1201 263 1241 Resp.
290 1202 468 1232 Dicendum
492 1204 539 1232 est
563 1202 603 1232 ad
628 1202 700 1238 hoc,
726 1203 811 1242 quod
833 1202 911 1233 fides

130 1254 290 1294 duplicem
314 1255 410 1285 habet
433 1255 692 1294 magnitudinem
710 1266 717 1286 2
735 1264 834 1285 unam
855 1264 912 1295 per
938 1294 941 1296 v

129 1308 400 1349 comparationem
415 1309 454 1339 ab
479 1309 640 1348 objectum
652 1333 662 1347 ‚
678 1311 708 1339 et
722 1309 792 1339 haec
807 1311 908 1339 atten-

129 1362 216 1393 ditur
236 1362 271 1392 in
285 1362 495 1393 articulorum
510 1362 704 1402 quantitate,
721 1365 752 1393 et
778 1364 911 1393 vocatur

130 1415 201 1446 haec
215 1415 425 1446 articulorum
441 1416 604 1456 quantitas
625 1416 769 1455 ipsorum
790 1415 909 1446 articu-

130 1468 236 1499 lorum
251 1469 392 1508 dignitas
410 1480 417 1499 ι
441 1469 566 1499 articuli
587 1469 674 1499 enim
695 1478 760 1499 non
784 1471 858 1499 sunt
873 1468 910 1499 de

130 1531 335 1562 quacumque
349 1523 495 1561 veritate,
510 1523 562 1553 sed
573 1522 611 1553 de
622 1522 755 1554 veritate
770 1531 909 1553 summa.

131 1574 169 1606 Et
183 1585 280 1615 penes
294 1576 355 1606 hoc
373 1576 534 1615 quantitas
558 1576 630 1607 fidei
646 1575 779 1616 aequalis
798 1579 844 1606 est
858 1585 910 1607 se-

131 1630 275 1660 cundum
300 1630 515 1661 diversitatem
540 1632 748 1670 temporum3
776 1631 910 1670 aequalis

132 1685 178 1713 est
197 1683 293 1713 etiam
317 1683 495 1714 secundum
519 1683 735 1723 pluralitatem
756 1684 910 1715 articulo-

132 1745 222 1775 rum,
240 1739 399 1776 quantum
414 1736 453 1767 ad
475 1736 506 1767 id
521 1737 608 1776 quod
623 1739 671 1767 est
685 1737 718 1767 in
733 1737 777 1768 eis
792 1737 911 1776 princi-

132 1790 213 1830 pale,
229 1789 347 1820 scilicet
360 1792 517 1829 quantum
531 1789 570 1820 ad
583 1790 686 1830 ipsam
701 1790 839 1830 primam
854 1801 908 1822 ve-

132 1843 259 1874 ritatem
273 1845 448 1883 :quantum
462 1852 539 1874 vero
553 1843 593 1874 ad
608 1845 814 1875 connotatum
829 1845 908 1876 bene

132 1899 237 1937 posset
248 1896 391 1934 concedi,
409 1896 493 1935 quod
507 1905 593 1927 unus
606 1897 761 1928 articulus
775 1900 820 1928 est
836 1898 906 1938 dig-

133 1950 204 1981 nior
224 1950 286 1980 alio
308 1960 314 1981 :
338 1952 374 1980 nt
395 1949 460 1986 ini,
483 1949 539 1989 qui
559 1951 635 1980 sunt
661 1950 700 1981 de
723 1951 907 1991 divinitate,

133 2006 210 2034 sunt
224 2003 387 2042 digniores
401 2012 500 2043 quam
516 2003 572 2042 illi,
585 2003 640 2043 qui
655 2005 729 2034 sunt
743 2004 781 2035 de
795 2004 909 2036 huma-

133 2058 241 2088 nitate.
258 2056 358 2088 Habet
372 2056 468 2087 etiam
483 2057 740 2096 magnitudinem
755 2067 811 2098 per
826 2067 910 2089 com-

133 2109 330 2150 parationem
345 2109 384 2140 ad
398 2110 595 2149 subjectum,
611 2111 687 2150 quia
705 2111 784 2142 fides
806 2112 907 2152 respi-

132 2164 174 2195 cit
204 2163 385 2203 subJectum
418 2163 596 2194 secundum
630 2164 786 2205 triplicem
818 2165 885 2197 vim
896 2189 906 2204 ,

133 2216 278 2248 videlicet
291 2216 467 2247 secundum
482 2217 656 2256 potentiam
670 2218 907 2257 intellectivam,

132 2272 164 2302 et
184 2270 362 2301 secundum
383 2270 558 2310 potentiam
583 2271 779 2310 affectivam,
805 2274 836 2303 et
857 2281 909 2303 se-

133 2324 275 2355 cundum
289 2323 465 2364 potentiam
479 2323 765 2364 interpretativam.
787 2325 908 2357 Secun-

133 2377 212 2408 dum
229 2378 299 2409 haec
317 2377 491 2408 attenditur
512 2377 545 2408 in
567 2378 630 2409 fide
652 2379 841 2419 magnitudo
863 2389 910 2411 se-

135 2430 278 2461 cundum
301 2430 457 2470 triplicem
483 2431 633 2470 modum;
661 2433 826 2471 videlicet,
851 2442 910 2473 per

134 2483 406 2523 comparationem
444 2484 484 2515 ad
521 2484 750 2517 intellectivam
792 2486 910 2519 dicitur

135 2546 255 2576 magna
275 2536 478 2576 cognitione;
499 2547 556 2578 per
573 2540 847 2580 comparationem
868 2541 910 2573 ad

135 2590 314 2621 affectivam
346 2589 461 2620 dicitur
488 2600 608 2631 magna
633 2592 801 2625 devotione
817 2604 825 2632 ;
853 2603 910 2635 per

169 2653 202 2684 (a)
213 2652 283 2677 Edit.
301 2652 369 2677 Vent.
385 2651 555 2684 promulgata.
566 2667 597 2673 —-
612 2654 646 2686 (b)
661 2655 704 2680 ita.

1678 172 1733 202 541

966 234 1235 273 comparationem
1259 234 1299 265 ad
1324 235 1599 275 interpretativam
1624 236 1740 268 dicitur

966 295 1086 326 magna
1111 287 1300 319 constantia.
1328 287 1416 318 Tunc
1439 288 1526 318 enim
1550 288 1627 319 fides
1649 300 1741 320 cons-

966 341 1036 369 tans
1058 343 1119 378 est,
1146 341 1274 380 quando
1297 341 1413 381 aliquis
1437 342 1535 372 libere
1560 342 1739 382 confitetur,

965 393 1050 431 quod
1073 393 1169 424 credit
1186 404 1193 424 ;
1210 397 1239 424 et
1254 394 1298 424 sic
1314 397 1397 434 patet
1421 395 1647 434 praedictorum
1662 405 1740 436 qua-

966 448 1039 476 tuor
1062 456 1217 478 numerus
1238 451 1269 478 et
1292 449 1492 479 sufficientia.
1518 450 1616 480 Aliter
1641 452 1742 489 potest

965 499 1037 538 dici,
1050 502 1080 530 et
1095 501 1198 539 magis
1208 502 1384 532 secundnm
1402 503 1609 534 intentionem
1619 503 1741 543 Magis-

966 553 1025 590 tri,
1041 554 1139 593 quod,
1158 564 1230 585 cun]
1246 555 1323 585 fides
1338 556 1483 595 respiciat
1495 557 1690 587 intellectum
1712 559 1743 588 et

966 606 1138 644 affectum,
1162 607 1336 638 secundum
1363 609 1448 648 quod
1472 618 1568 648 supra
1597 610 1742 640 habiturn

967 661 1024 696 est,
1043 660 1232 699 magnitudo
1259 661 1329 700 ejus
1351 661 1491 691 sumitur
1510 664 1574 691 tam
1593 671 1633 692 ex
1656 664 1743 701 parte

966 712 1083 751 hujus,
1100 722 1198 753 quam
1214 723 1254 744 ex
1278 715 1366 753 parte
1388 713 1485 744 illius.
1509 713 1557 744 Ex
1572 717 1661 754 parte
1682 724 1743 746 au-

966 768 1030 797 tem
1048 767 1226 797 intellectus
1241 768 1408 807 dupliciter
1423 770 1525 807 potest
1539 769 1658 799 attendi
1675 778 1741 799 ma-

962 820 1015 859 jor
1031 820 1222 859 magnitudo
1237 821 1269 850 in
1285 821 1356 858 fide,
1373 823 1430 851 aut
1444 821 1519 861 quia
1534 821 1651 852 clarius
1663 831 1743 862 cog-

966 874 1068 904 noscit
1087 874 1193 914 ipsum
1215 874 1382 911 creditum,
1403 877 1459 904 aut
1483 874 1558 913 quia
1582 875 1744 914 cognoscit

966 928 1072 968 ipsum
1097 928 1129 957 in
1158 927 1312 966 pluribus,
1336 927 1403 957 sive
1424 927 1612 958 distinctius.
1636 928 1744 959 Primo

968 981 1061 1011 modo
1083 981 1198 1011 dicitur
1221 981 1298 1011 fides
1323 990 1442 1020 magna
1466 981 1672 1020 cognitione;
1694 992 1744 1013 se-

967 1034 1083 1071 cundo,
1099 1033 1309 1064 articulorum
1323 1034 1510 1073 quantitate,
1528 1034 1606 1074 quia
1622 1035 1742 1066 articu-

966 1088 1012 1118 los
1038 1088 1128 1119 novit
1151 1088 1265 1118 melius
1288 1088 1500 1127 distinguere.
1526 1088 1677 1119 Similiter
1703 1098 1743 1119 ex

966 1143 1054 1180 parte
1075 1140 1206 1171 affectus
1229 1141 1397 1180 dupliciter
1418 1141 1591 1172 attenditur
1614 1142 1744 1181 magni-

966 1194 1058 1230 tudo,
1086 1196 1141 1224 aut
1166 1194 1240 1233 quia
1265 1195 1389 1224 firmius
1412 1195 1568 1231 adhaeret,
1594 1198 1649 1226 aut
1669 1195 1744 1235 quia

966 1246 1122 1277 intensius
1138 1258 1144 1277 ε
1169 1247 1272 1286 primo
1289 1248 1384 1278 modo
1407 1248 1522 1278 dicitur
1537 1257 1603 1278 esse
1624 1257 1744 1287 magna

966 1300 1164 1338 constantia;
1192 1300 1331 1330 secundo
1355 1300 1450 1331 modo
1482 1301 1598 1331 dicitur
1624 1311 1744 1340 magna

965 1353 1192 1385 devotionetet
1209 1353 1254 1384 sic
1266 1353 1325 1383 ista
1341 1353 1376 1393 (b)
1394 1356 1534 1393 quatuor
1548 1354 1745 1385 reducuntur

966 1407 1066 1438 adilla
1078 1407 1154 1444 duo,
1167 1415 1240 1446 quae
1248 1407 1338 1446 ponit
1354 1407 1507 1446 magister
1522 1407 1632 1446 Hugo:
1644 1409 1674 1438 et
1688 1416 1745 1448 per

966 1461 1027 1492 hoc
1041 1463 1126 1501 patet
1146 1461 1308 1500 responsio
1330 1461 1369 1491 ad
1389 1461 1521 1500 objecta.
1539 1461 1626 1492 Patet
1648 1462 1743 1492 etiam

966 1515 1052 1555 quod
1065 1525 1130 1546 non
1144 1517 1190 1546 est
1205 1514 1312 1555 aliqua
1327 1514 1543 1553 contrarietas,
1560 1524 1618 1546 nec
1632 1518 1679 1547 est
1693 1525 1746 1547 su-

965 1569 1140 1609 perfluitas.

1289 1643 1358 1664 DUB.
1378 1642 1413 1664 11.

966 1701 1122 1730 Quibusdam
1137 1701 1238 1725 videtur
1252 1700 1321 1731 quod
1332 1700 1458 1724 suffecerit
1468 1700 1516 1724 illis
1526 1702 1633 1731 quatuor
1642 1703 1740 1726 tantum

997 1738 1116 1768 eredere,
1133 1737 1229 1761 scilicet
1243 1736 1402 1760 nativitatem
1413 1755 1421 1767 ‚
1436 1738 1562 1768 mortem,
1577 1738 1741 1762 resurrectio-

997 1781 1072 1805 nem,
1088 1776 1113 1798 et
1125 1773 1265 1797 adventum
1279 1772 1310 1796 ad
1325 1771 1456 1803 judicium.

1006 1840 1121 1870 Contra
1137 1848 1144 1869 :
1163 1838 1241 1869 Cum
1266 1837 1317 1867 isti
1332 1837 1456 1867 articuli
1479 1837 1522 1867 ita
1543 1837 1623 1868 hene
1638 1841 1742 1870 essent

965 1893 1081 1932 ignoti,
1102 1892 1183 1923 sicut
1207 1891 1275 1929 alii,
1291 1891 1418 1922 videtur
1439 1890 1524 1930 quod
1548 1900 1613 1922 non
1635 1893 1739 1931 magis

964 1948 1149 1978 tenerentur
1172 1953 1363 1984 cognoscere
1397 1944 1467 1975 illos
1479 1968 1487 1982 ‚
1517 1954 1614 1984 quam
1648 1945 1735 1978 alios,

965 2001 1125 2038 Quaeritur
1148 2008 1227 2038 ergo
1253 2008 1353 2039 qnare
1374 1999 1480 2038 magis
1504 1999 1564 2029 ista
1586 1999 1741 2032 debebant

964 2054 1092 2085 credere
1107 2054 1144 2084 de
1160 2052 1340 2090 Mestiatore,
1356 2061 1455 2092 quam
1467 2052 1538 2083 alia.

1006 2108 1098 2148 Resp.
1124 2106 1299 2137 Dicendum
1326 2105 1413 2145 quod
1438 2106 1499 2136 ista
1525 2106 1740 2147 principaliter

965 2162 1098 2193 debebat
1117 2161 1234 2191 habere
1248 2159 1327 2190 fides
1356 2159 1485 2190 illorum
1514 2160 1632 2200 quibus
1655 2161 1741 2192 inni-

965 2215 1104 2252 tebatur,
1120 2215 1277 2252 tanquam
1313 2211 1417 2251 magis
1443 2215 1633 2252 opportuna.
1660 2214 1740 2246 Nam

965 2268 1108 2308 primum
1129 2266 1259 2307 quidem
1278 2265 1447 2296 credebant
1466 2268 1622 2306 tanquam
1641 2267 1740 2307 ipsius

965 2321 1039 2352 fidei
1058 2319 1236 2352 Mediatoris
1253 2319 1516 2358 fundamentum⁷
1532 2319 1677 2351 videlicet
1691 2321 1738 2361 ip-

965 2385 1033 2407 sam
1048 2374 1268 2411 nativitatem;
1293 2373 1471 2404 secundum
1486 2382 1578 2412 vero,
1596 2374 1740 2406 videlicet

965 2430 1067 2470 ipsam
1095 2428 1294 2469 passionem,
1321 2429 1357 2457 ut
1381 2429 1567 2467 provocaret
1591 2428 1629 2458 ad
1653 2437 1740 2459 amo-

965 2492 1034 2514 rem
1045 2493 1053 2521 ;
1073 2481 1203 2513 tertium
1223 2489 1313 2519 vero,
1338 2480 1484 2511 videlicet
1504 2480 1606 2520 ipsam
1630 2490 1739 2513 resur-

965 2536 1149 2574 rectionem,
1165 2536 1202 2566 ut
1217 2534 1400 2566 sublevaret
1414 2533 1453 2565 ad
1465 2542 1566 2574 spem.
1583 2534 1739 2572 Quartum

965 2600 1053 2629 vero,
1070 2589 1187 2620 scilicet
1200 2588 1374 2619 adventum
1389 2587 1427 2617 ad
1439 2587 1611 2627 Judicium‚
1626 2590 1663 2620 ut
1676 2598 1739 2628 gu-

965 2645 1113 2676 bernaret
1143 2651 1199 2682 per
1225 2641 1387 2672 timorem.
1417 2639 1455 2671 Et
1483 2641 1558 2680 quia
1589 2642 1739 2673 omnibus
