2017 2960
98 853 201 874 Fundam.

99 2192 132 2211 Ad
143 2198 195 2218 opp.

218 249 256 276 66

217 312 311 342 alicui
326 312 507 350 concedere,
523 313 584 342 nisi
604 312 633 343 ei
652 311 710 342 soli
729 319 786 351 per
803 318 899 350 quem
915 318 989 339 om—

218 365 308 395 nium
327 365 406 395 sacta
423 367 469 396 est
486 365 581 403 salus,
602 364 748 395 videlicet
769 363 899 393 Domino
918 361 992 391 Jcsu

218 418 350 456 Christo,
367 421 419 449 ut¹
439 427 501 450 non
521 419 671 457 ¹qlorietar
686 419 722 448 in
737 420 904 456 conspectu
923 415 992 454 eJ'us

218 473 322 503 omnis
337 480 409 503 caro
422 481 432 502 .·
446 472 499 502 sed
514 472 573 511 ipsi
585 476 594 490 ’2
607 471 668 503 soli
681 471 721 500 sit
738 470 836 501 honor
849 472 877 501 et
889 469 993 508 aleria

218 527 255 557 in
269 526 385 557 soecula
399 525 596 558 sa’culorimz.
613 526 725 557 Amen.

479 644 658 682 QUAESTIO
683 644 735 674 Ill.

281 724 327 749 Aa
352 722 430 748 beata
457 722 538 755 Virgo
563 722 735 754 sanctificata
760 720 845 752 suerit
873 721 934 745 ante

504 767 677 792 nativitatem
693 765 713 791 ³³.

260 845 373 875 Utrum
386 845 476 874 beata
490 844 588 883 Virgo
603 843 796 873 sanctificata
810 841 904 872 fuerit
921 843 993 871 ante

218 897 437 934 nativitatem·‚
456 900 486 927 et
509 897 593 936 quod
615 897 672 934 sie,
698 896 833 926 videtur.
858 894 994 925 Bernar-

218 950 292 987 dus7
309 949 353 981 ad
371 949 594 989 Lugdunenses
606 950 615 964 ²
633 959 640 980 ι
662 960 675 978 (ι
694 948 766 979 Fuit
785 947 993 987 proculdubio

218 1005 319 1033 mater
334 1003 386 1033 Dei
402 1006 474 1032 ante
489 1005 608 1039 sancta,
626 1011 723 1041 quam
740 1003 823 1031 nata.
840 1011 854 1028 ›>

258 1055 336 1085 Item
355 1055 554 1086 Bernardus⁵
572 1065 578 1085 ε
600 1067 614 1083 «
635 1054 725 1091 Quod
746 1053 855 1093 paucis
875 1054 995 1083 morta-

218 1109 297 1140 lium
311 1110 344 1139 in
356 1112 429 1140 ortu
442 1109 590 1148 congruit
602 1118 668 1138 esse
681 1108 842 1143 collatum⁷
854 1107 900 1137 fas
912 1108 994 1136 certe

218 1171 282 1192 non
304 1164 350 1192 est
371 1162 496 1192 credere
516 1164 613 1191 tantae
631 1159 756 1199 Virgini
775 1160 871 1189 fuisse
893 1169 994 1198 nega-

219 1218 287 1245 tum
305 1225 312 1245 ;
329 1226 342 1243 n
363 1215 415 1245 sed
434 1214 571 1245 Joannes
590 1216 619 1244 et
641 1213 792 1243 Ieremias
810 1213 995 1243 sanctificati

218 1269 349 1298 suerunt
360 1268 394 1298 in
408 1270 510 1305 utero,
525 1267 700 1297 secundum
714 1266 799 1305 quod
812 1266 947 1296 habetur
962 1266 993 1295 in

219 1321 374 1352 Jeremia⁶
393 1332 398 1351 ;
417 1323 591 1360 Antequam
608 1321 724 1357 exires,
741 1322 800 1349 etc.
818 1319 874 1349 Et⁷
889 1330 895 1349 ε
913 1319 995 1358 Spi—

217 1375 283 1405 ritu
299 1377 407 1405 sancto
424 1374 593 1412 replebitur
608 1373 712 1404 adhuc
726 1381 767 1403 ezr
781 1376 866 1404 utero
879 1373 994 1404 malms

217 1436 293 1458 sace.
315 1427 365 1457 Sic
389 1436 466 1465 ergo
488 1427 615 1457 videtur
638 1426 738 1456 multo
760 1426 884 1463 fortius,
910 1425 995 1465 quod

217 1481 311 1518 virgo
327 1479 425 1510 Maria
442 1479 535 1510 fuerit
552 1480 585 1509 in
601 1481 692 1509 utero
710 1478 912 1509 sanctificata.

260 1533 338 1563 Item
358 1533 493 1564 Ecclesia
513 1533 648 1563 celebrat
669 1535 699 1563 et
721 1532 906 1563 solemnizat
923 1531 996 1563 Vir-

219 1587 303 1626 ginis
318 1587 517 1617 nativitatem
535 1597 541 1617 :
564 1587 617 1617 sed
634 1587 728 1617 statui
748 1587 781 1616 in
802 1587 928 1626 peccato
943 1595 993 1616 so-

217 1640 363 1670 lemnitas
377 1649 441 1670 non
455 1640 589 1670 debetur
604 1650 610 1670 τ
630 1649 707 1678 ergo
723 1639 849 1670 videtur
862 1639 947 1679 quod
962 1638 995 1669 in

219 1693 298 1723 hora
313 1693 486 1723 nativitatis
501 1693 596 1723 fuerit
609 1692 813 1723 sanctificata.

260 1745 357 1784 Item,
382 1746 409 1775 si
437 1746 544 1785 aliqua
572 1754 707 1784 persona
734 1745 772 1775 de
798 1744 996 1784 plenitudine

218 1799 330 1837 gratiae
358 1798 427 1828 Filii
452 1799 551 1828 beatae
572 1797 714 1837 Virginis
736 1798 845 1827 debuit
866 1797 991 1836 partici-

219 1861 304 1892 pare,
332 1854 432 1882 mater
454 1852 522 1890 ejus
546 1851 685 1881 maxime
709 1851 862 1890 particeps
887 1849 996 1880 debuit

220 1905 286 1935 fieri
307 1913 314 1933 ;
335 1914 413 1943 ergo
434 1904 513 1934 sicut
534 1907 610 1934 tunc
630 1903 770 1933 maxime
794 1905 861 1933 erat
884 1903 995 1933 idonea

221 1961 257 1988 ut
269 1967 343 1988 cum
356 1958 423 1996 ipsa
433 1960 463 1987 ct
478 1957 510 1987 in
522 1957 590 1996 ipsa
603 1957 706 1996 gratia
719 1958 994 1995 augmentaretur,

221 2019 295 2041 cum
323 2019 398 2040 eum
427 2010 569 2049 gestabat
594 2010 676 2040 inter
704 2010 841 2047 viscera,
870 2009 997 2040 videtur

210 2063 305 2103 ‘quod
332 2064 366 2093 in
392 2063 460 2102 ipso
486 2066 576 2093 utero
604 2063 708 2102 gratia
735 2063 871 2102 Spiritus
896 2063 995 2093 sancti

221 2116 330 2146 fuisset
348 2115 476 2155 repleta.

263 2169 323 2199 Sed
339 2171 447 2199 contra
465 2171 477 2198 l
493 2171 503 2187 ⁸
517 2179 523 2198 z
543 2168 580 2200 Uc
603 2169 647 2199 sic
662 2168 730 2206 ipse
743 2168 996 2208 primoqenitus5

223 2223 329 2254 Glossa
344 2234 350 2253 :
370 2235 383 2251 κ
399 2223 478 2259 Quia
492 2222 614 2261 primus
628 2222 695 2251 sine
712 2225 838 2261 peccato
850 2225 954 2258 natus,
967 2226 997 2252 et

223 2277 348 2316 primus
364 2275 565 2314 impassibilis
581 2283 764 2313 resurgens.
778 2285 792 2302 »
811 2275 897 2314 Ergo
913 2276 997 2306 vide-

224 2332 276 2358 tur
297 2328 381 2367 quod
402 2328 492 2357 beata
514 2327 611 2365 Yirgo
632 2336 697 2357 non
717 2327 811 2356 fuerit
834 2330 907 2357 nata
929 2328 997 2358 sine

224 2384 366 2421 peccato,
389 2390 463 2410 cum
486 2383 560 2409 nata
581 2379 677 2409 fuerit
699 2382 869 2418 antequam
891 2381 998 2410 Chris-

222 2436 273 2463 tus
295 2445 301 2463 :
326 2442 405 2473 ergo
431 2442 497 2463 non
526 2432 586 2463 suit
611 2433 803 2463 sanctificata
826 2435 997 2473 antequam

224 2489 308 2516 nata.

263 2541 292 2569 9..
319 2538 395 2569 [tem
427 2538 648 2577 Augustinus,
679 2537 723 2568 ad
750 2538 959 2570 Dardammz‘³
988 2552 994 2571 :

259 2600 282 2623 ¹1
300 2600 366 2628 Cosa,
381 2605 403 2627 1,
419 2600 515 2624 29.—-2
530 2599 538 2623 I
552 2599 666 2624 Timum„
678 2605 695 2629 1,
714 2601 785 2622 17.—
796 2600 856 2630 ³Cf.
872 2601 995 2626 Alexand.

225 2635 333 2664 alensis,
345 2642 369 2665 p.
386 2636 428 2664 lll,
440 2642 465 2665 q.
486 2641 522 2664 lx,
544 2635 638 2658 memb.
659 2636 682 2664 2,
693 2638 739 2658 art.
753 2636 766 2658 2
780 2637 803 2658 ct
817 2638 843 2666 3;
856 2638 881 2660 S.
894 2637 996 2666 Thurin,

225 2676 250 2699 p.
270 2671 311 2699 ΗΙ,
328 2677 353 2700 q.
380 2676 460 2699 xxvii,
479 2672 526 2693 art.
551 2672 577 2699 1;
598 2673 623 2694 et
636 2670 666 2694 lll
687 2670 765 2699 Seni„
781 2671 838 2694 dist.
863 2678 903 2702 111,
924 2680 948 2703 q.
968 2679 996 2703 11,

224 2706 270 2728 art.
287 2707 313 2733 ¹3
331 2707 354 2728 et
370 2706 470 2732 Quolib.
491 2705 538 2734 vl,
564 2712 588 2735 q.
607 2711 648 2734 vi,
669 2708 715 2729 art.
735 2708 760 2735 ¹3
783 2706 896 2737 AEgidius
922 2709 994 2731 [tout.

772 241 1080 274 SENTENTIARUM
1104 242 1176 273 LlB.
1202 241 1255 272 lli.

1051 321 1065 337 (ι
1081 309 1134 339 Illa
1150 308 1253 348 gratia
1268 315 1332 347 qua
1346 306 1503 338 efficimur
1517 309 1674 348 templum
1690 309 1744 341 Dei
1760 311 1822 342 sin-

1048 363 1175 402 gulare,
1200 361 1327 392 nonnisi
1353 363 1538 393 renatorum
1558 365 1619 401 est,
1638 364 1714 403 quia
1739 374 1819 396 non-

1047 415 1107 444 nisi
1123 416 1188 445 nati
1204 414 1349 445 homines
1365 423 1431 444 esse
1447 419 1588 454 possunt.
1606 428 1619 444 »
1641 417 1726 456 Ergo
1747 428 1821 449 cum

1047 477 1103 508 per
1129 467 1409 498 sanctificationem
1430 468 1522 499 beata
1549 469 1646 509 Virgo
1674 471 1713 500 sit
1742 471 1823 502 sacta

1046 521 1203 560 templum
1232 520 1301 557 Dei,
1332 529 1397 551 non
1425 520 1484 551 fuit
1511 524 1583 552 ante
1610 524 1819 562 sanctificata,

1047 583 1145 613 quam
1163 576 1247 604 nata.

1088 629 1116 657 3.
1134 626 1211 657 Item
1224 626 1312 656 nulla
1331 626 1504 666 proprietas
1517 627 1697 666 perimitur,
1711 637 1823 668 quam-

1047 679 1102 710 diu
1115 680 1209 710 habet
1225 680 1465 710 continuitatem
1479 689 1553 710 cum
1569 690 1627 711 sua
1641 690 1735 711 causa
1749 693 1754 712 :
1770 682 1824 712 sed

1047 733 1155 762 anima
1167 733 1324 763 contrahit
1337 733 1491 772 originale
1502 743 1520 763 a
1532 733 1732 772 parentibus:
1746 743 1824 773 ergo

1048 785 1204 825 quamdiu
1219 786 1322 825 proles
1337 787 1448 825 juncta
1466 789 1511 817 est
1528 787 1634 825 matri,
1651 796 1716 817 non
1735 787 1823 818 vide-

1050 841 1101 869 tur
1121 839 1204 878 quod
1228 840 1267 869 ab
1288 839 1437 878 originali
1462 842 1588 879 peccato
1610 841 1708 880 possit
1728 849 1825 871 mun-

1049 892 1115 922 dari
1132 901 1139 921 :
1156 901 1234 931 ergo
1249 901 1306 922 nec
1321 893 1520 923 sanctificari.

1089 947 1118 975 4.
1136 945 1213 975 Item
1229 954 1296 976 esse
1311 945 1494 976 ordinatum
1513 947 1663 986 supponit
1679 957 1745 979 esse
1761 948 1824 979 dis-

1049 999 1184 1029 tinctum
1207 1010 1213 1029 ;
1246 999 1299 1029 sed
1327 1000 1429 1037 gratia
1455 1001 1708 1031 sanctificationis
1736 1002 1825 1041 ponit

1049 1060 1116 1081 esse
1137 1051 1320 1081 ordinatum
1338 1062 1343 1082 :
1366 1061 1443 1090 ergo
1466 1052 1546 1082 nulli
1570 1055 1670 1092 potest
1690 1054 1826 1085 conferri

1049 1105 1109 1134 nisi
1123 1104 1253 1134 habenti
1269 1114 1335 1135 esse
1350 1105 1536 1135 distinctum
1554 1116 1560 1134 z
1578 1115 1656 1145 ergo
1671 1106 1826 1146 quamdiu

1050 1158 1152 1197 proles
1165 1159 1335 1197 conjuncta
1346 1160 1392 1188 est
1402 1158 1508 1196 matri,
1521 1168 1585 1189 non
1598 1159 1724 1190 videtur
1735 1169 1826 1200 posse

1050 1211 1249 1241 sanctificari.

1091 1267 1120 1295 5.
1135 1265 1211 1296 item
1224 1266 1426 1296 sanctificatio
1443 1266 1482 1305 (a)
1494 1266 1527 1296 in
1539 1268 1628 1296 utero
1640 1269 1685 1297 est
1696 1265 1826 1297 effectus

1051 1318 1197 1356 cognitus
1223 1318 1279 1348 soli
1310 1318 1371 1348 Deo
1390 1329 1396 1348 t
1420 1328 1499 1357 ergo
1527 1319 1565 1349 de
1594 1319 1682 1349 nullo
1711 1318 1826 1350 Sancto

1050 1371 1255 1401 asserendum
1272 1374 1319 1401 est
1333 1381 1399 1401 esse
1420 1372 1652 1402 sanctificatum
1671 1373 1705 1403 in
1722 1376 1825 1411 utero,

1050 1424 1110 1454 nisi
1123 1424 1161 1454 de
1175 1434 1222 1461 eo,
1241 1424 1278 1454 de
1296 1434 1360 1464 quo
1374 1434 1521 1464 expresse
1536 1425 1655 1464 legitur
1669 1426 1702 1456 in
1718 1425 1825 1466 Scrip-

1052 1479 1124 1507 tura
1143 1477 1257 1507 tradita
1276 1487 1294 1507 a
1316 1480 1422 1508 sancto
1446 1477 1576 1517 Spiritu.
1599 1477 1659 1509 Sed
1680 1479 1741 1509 hoc
1761 1487 1828 1509 non

1051 1530 1169 1569 legitur
1193 1531 1230 1561 de
1253 1530 1384 1570 Virgine
1407 1542 1413 1562 :
1441 1541 1536 1570 ergo,
1560 1534 1618 1562 etc.
1648 1532 1745 1563 Juxta
1768 1532 1828 1563 hoc

1052 1584 1208 1623 quaeritur
1224 1594 1230 1614 2
1248 1583 1350 1620 Quare
1366 1584 1470 1623 potius
1485 1584 1519 1614 in
1534 1583 1698 1624 Scriptura
1712 1584 1827 1615 sancti-

1051 1639 1156 1669 ficatio
1178 1638 1309 1669 Joannis
1331 1638 1481 1678 Baptistae
1503 1641 1534 1669 et
1553 1638 1699 1670 Jeremiae
1719 1639 1829 1679 expri-

1053 1692 1163 1730 mitur,
1182 1701 1280 1731 quam
1296 1692 1426 1722 alterius
1441 1691 1569 1722 Sancti?
1584 1692 1622 1722 Et
1635 1692 1662 1722 si
1679 1694 1716 1723 tu
1731 1692 1827 1731 dieas,

1052 1745 1136 1783 quod
1158 1745 1204 1775 illi
1224 1745 1354 1780 fuerunt
1376 1745 1434 1775 soli
1455 1745 1660 1783 sanctificati;
1687 1747 1761 1776 tunc
1782 1746 1830 1776 est

1052 1797 1197 1836 quaestio,
1215 1797 1301 1828 unde
1315 1797 1376 1828 hoc
1390 1797 1447 1836 sit;
1465 1797 1557 1828 multi
1574 1798 1706 1829 suerunt
1722 1798 1830 1830 Sancti

1052 1853 1118 1882 tam
1139 1851 1172 1881 in
1194 1860 1295 1888 novo,
1318 1860 1416 1890 quam
1440 1851 1540 1882 veteri
1562 1851 1774 1890 Testamento,
1799 1853 1830 1883 et

1053 1905 1227 1935 sanctitatis
1240 1904 1332 1935 valde
1347 1904 1526 1934 eminentis.

1327 2033 1553 2066 CONCLUSIO.

1054 2126 1176 2153 Gloriosa
1201 2126 1283 2158 Virgo
1306 2125 1335 2151 in
1356 2126 1430 2151 utero
1454 2127 1557 2151 etanta
1575 2126 1751 2152 nativitatem
1772 2126 1829 2158 fuit

1090 2171 1278 2203 sanctificata,
1304 2177 1465 2203 quamquam
1486 2170 1713 2202 sanctificationis
1733 2170 1788 2197 dies
1803 2172 1828 2197 et

1089 2215 1154 2240 liora
1168 2215 1306 2247 ignoretur
1331 2222 1338 2238 :
1355 2213 1500 2247 probabile
1518 2215 1607 2240 tamen
1623 2216 1676 2247 est,
1692 2214 1762 2248 quod
1776 2215 1828 2241 cito

1088 2261 1147 2293 post
1157 2259 1255 2284 animae
1266 2258 1443 2289 infusionem,
1454 2259 1536 2284 etiam
1549 2258 1647 2291 qratiae
1656 2259 1742 2291 faerit
1751 2259 1828 2292 facta

1089 2303 1202 2335 infusio.

1094 2380 1185 2420 Resp.
1201 2379 1238 2410 ad
1253 2388 1323 2418 arg.
1338 2379 1513 2410 Dicendum
1527 2379 1613 2419 quod
1627 2388 1684 2419 pro
1697 2379 1825 2410 indubi-

1054 2433 1132 2464 tanti
1144 2433 1237 2463 habet
1250 2433 1310 2462 hoc
1322 2431 1469 2470 Ecclesia,
1481 2432 1625 2463 videlicet
1636 2432 1721 2471 quod
1736 2432 1827 2463 beata

1053 2486 1151 2526 Virgo
1164 2486 1259 2516 fuerit
1272 2487 1305 2515 in
1317 2487 1407 2516 utero
1419 2485 1612 2516 sanctificata
1626 2495 1633 2516 :
1648 2487 1679 2516 et
1693 2485 1772 2516 illud
1786 2495 1828 2516 ex

1053 2540 1113 2570 hoc
1127 2540 1222 2579 patet,
1238 2539 1324 2578 quod
1340 2540 1367 2578 ej
1374 2548 1409 2569 us
1424 2539 1625 2569 nativitatem·
1637 2540 1702 2569 tota
1716 2538 1826 2569 Eccle-

1055 2603 1086 2625 lll
1103 2602 1182 2631 Seni„
1196 2601 1253 2625 dist.
1269 2607 1310 2631 111,
1325 2607 1350 2631 q.
1366 2606 1411 2630 111,·
1423 2600 1551 2631 Richard.,
1565 2601 1595 2624 ΙΙΙ
1618 2600 1697 2631 Sent.,
1710 2600 1769 2625 dist.
1785 2601 1825 2633 iu,

1054 2645 1078 2668 q.
1090 2638 1179 2662 lin—⁶
1192 2638 1276 2667 Rern„
1287 2636 1368 2666 Epist.
1381 2635 1653 2660 chxiv.—⁵1bid.—⁶
1663 2636 1764 2666 Jerem.,
1773 2642 1790 2664 1,
1800 2638 1824 2662 5.

1053 2674 1163 2702 ——7Luc‚
1171 2679 1191 2702 1,
1205 2674 1241 2696 15.
1252 2685 1282 2689 —
1291 2671 1301 2688 ⁸
1309 2672 1387 2702 Rom„
1397 2677 1454 2702 viu,
1467 2672 1505 2695 29.
1518 2685 1547 2689 —
1555 2671 1565 2688 ⁹
1576 2673 1651 2702 Aug„
1663 2672 1747 2702 Epist.
1760 2677 1824 2701 Lvn,

1054 2716 1076 2732 e.
1094 2715 1128 2738 ix,
1141 2708 1171 2732 al.
1183 2713 1316 2737 cmxxvii,
1329 2713 1355 2730 n.
1368 2709 1442 2730 31.—
1456 2706 1486 2736 (a)
1504 2706 1574 2730 Edit.
1596 2707 1652 2730 Veri.
1668 2706 1823 2730 sanctificati.
