2017 2960
202 163 260 192 284

201 227 283 257 nitas
297 236 430 266 operum
445 228 608 258 ordinetur
629 229 667 258 ad
692 228 867 267 profectum
880 228 973 267 spiri-

201 281 262 317 tus,
280 280 396 310 frustra
413 281 622 319 operabatur3
645 281 669 309 si
687 280 878 319 proficiebat,
895 288 972 319 ergo

200 343 219 363 a
229 333 423 373 plenitudine
439 334 611 364 deficiebat.

241 388 269 416 ὅ.
286 387 374 423 Item,
392 387 469 416 sicut
487 387 592 416 anima
607 385 720 416 Christi
734 385 825 415 uuita
842 385 900 415 fuit
925 385 972 415 di-

201 440 336 475 vinitati,
365 440 406 468 ita
421 442 447 469 et
463 448 594 478 corpus-3
611 441 641 468 et
656 438 735 468 sicut
755 438 793 467 ad
810 438 974 476 perfectio-

202 502 275 523 nem
293 493 419 523 unionis
433 492 607 531 requiritur
632 491 778 530 perfectio
794 491 915 529 gratim,
931 491 974 521 ita

200 546 238 575 ad
268 545 488 585 perfectionem
513 546 638 574 naturae
667 544 815 583 perfectio
840 544 940 574 aetatis
965 555 971 574 :

201 600 253 629 sed
269 599 408 629 Christus
419 598 594 628 secundum
618 606 733 637 corpus
748 598 906 628 crescebat
919 607 972 628 ve-

201 654 324 689 raciter,
341 656 372 684 et
388 654 581 693 implebatur
596 653 747 692 quotidie,
760 661 817 682 nec
831 653 942 682 habuit
956 661 974 682 a

201 707 355 747 principio
371 708 602 746 plenitudinem
616 709 752 743 naturae,
767 706 835 736 sive
851 705 972 735 aetatis:

201 769 279 797 ergo
290 769 349 790 nec
363 760 593 796 plenitudinem
611 759 733 797 gratiae.

242 816 270 843 (5.
291 813 381 850 Item,
397 813 434 843 de
448 813 535 842 nulla
548 821 581 842 re
595 814 696 850 potest
707 810 862 850 capacitas
869 811 975 850 aliqua

201 866 336 905 impleri,
350 875 389 895 ex
403 867 495 904 cujiis
508 866 646 895 adventu
661 864 815 904 capacitas
836 873 901 894 non
917 864 974 893 mi-

200 918 320 955 nuitur,
339 918 392 948 sed
407 921 546 957 augetur
570 929 576 947 :
604 918 656 947 sed
679 917 782 956 gratia
804 917 975 947 adveniens

199 980 264 1001 non
282 971 408 1009 minuit,
425 972 476 1001 sed
493 973 590 1010 auget
613 971 817 1010 capacitatem
832 971 947 1001 animae
966 980 972 1000 :

199 1033 276 1062 ergo
303 1024 430 1054 videtur
445 1024 530 1063 quod
555 1033 732 1063 numquam
748 1026 851 1063 posset
874 1024 975 1063 ipsam

200 1077 331 1117 implere
352 1086 359 1107 :
373 1087 451 1116 ergo
466 1087 523 1108 nec
538 1078 570 1107 in
588 1077 720 1115 Christo,
736 1086 795 1108 nec
809 1078 842 1107 in
857 1077 917 1108 alio
930 1079 976 1107 est

200 1130 339 1169 reperire
353 1131 465 1169 gratiae
481 1130 727 1169 plenitudinem.

457 1244 719 1276 CONCLUSIO.

200 1335 296 1361 Gratia
318 1334 418 1360 Christi
445 1335 478 1360 ab
500 1336 617 1361 fuscanti
635 1343 686 1361 surr
717 1335 895 1369 rouceptz'onis
921 1335 977 1365 fuit

234 1380 352 1413 perfecta
370 1381 394 1404 e!
417 1382 595 1405 corzsnmnmm
609 1399 615 1410 ‚
639 1386 697 1412 quse
716 1380 773 1410 fuit
795 1380 823 1404 in
840 1386 867 1404 co
882 1385 974 1404 secun-

236 1423 299 1448 dum
315 1423 509 1456 plcnz'tmlincm
525 1422 791 1457 superabamantioe.

242 1502 332 1541 Resp.
352 1502 390 1532 ad
403 1511 472 1540 arg.
491 1501 665 1531 Dicendum
681 1501 765 1540 quod
783 1500 901 1540 absque
913 1500 976 1530 du-

201 1555 251 1585 bio
263 1555 294 1584 in
310 1554 431 1584 Christo
442 1554 616 1584 secundum
630 1554 806 1583 humanam
828 1556 976 1584 naturam

200 1609 238 1638 al·
255 1607 354 1647 ipsius
370 1607 583 1646 conceptionis
606 1606 780 1646 primordio
800 1607 858 1637 fuit
873 1607 977 1645 gratia

201 1660 347 1699 perfecta,
363 1662 394 1690 et
416 1659 572 1697 ordinata,
589 1662 619 1690 et
641 1662 861 1689 consummata
874 1660 976 1698 pleni—

201 1714 288 1743 tudo.
308 1713 377 1743 Non
391 1712 479 1742 enim
494 1712 622 1742 decebat
637 1711 777 1741 Verbum
802 1712 977 1742 increatum

202 1766 285 1795 uniri
302 1765 418 1795 animae
432 1764 658 1804 perfectissima
673 1764 804 1801 unione,
823 1764 924 1803 qualis
932 1766 978 1794 est

202 1818 278 1848 unio
294 1818 327 1847 in
342 1818 495 1847 unitatem
514 1826 670 1857 personae,
686 1817 765 1856 quin
774 1817 882 1846 anima
897 1819 977 1847 esset

200 1871 371 1906 deiformis,
386 1871 561 1901 secundum
583 1871 667 1910 quod
683 1872 751 1901 erat
763 1870 919 1909 possibile.
940 1869 977 1899 Et

200 1924 269 1954 ideo
284 1933 348 1954 non
360 1926 484 1954 tantum
510 1924 753 1954 deiformitatem
779 1923 889 1953 habuit
906 1932 977 1962 gra-

201 1976 252 2006 tiae
269 1979 299 2006 et
316 1976 446 2015 gloriae3
464 1977 517 2007 sed
534 1977 629 2007 etiam
643 1986 739 2016 super
751 1985 880 2006 omnem
902 1985 977 2015 gra-

200 2029 276 2059 tiam
291 2032 320 2059 et
333 2030 479 2067 gloriam.
500 2028 563 2060 Nec
586 2031 711 2059 tantum
729 2029 787 2059 fuit
802 2029 834 2058 in
856 2039 893 2059 eo
909 2029 977 2068 pie-

201 2083 310 2113 nitudo
326 2084 534 2120 sufficientiae,
564 2084 643 2113 sicut
658 2084 691 2113 in
707 2083 839 2121 Sanctis,
860 2084 897 2113 de
915 2092 978 2122 qua

201 2135 396 2174 plenitudine
411 2136 524 2166 dicitur
541 2137 546 2152 ¹
567 2147 572 2166 :
592 2136 771 2175 Stephanus
784 2137 894 2176 plenus
909 2145 979 2175 qra-

203 2189 250 2220 tia
275 2192 303 2220 et
335 2189 548 2227 tortitude'ne;
574 2199 631 2219 nec
663 2192 789 2219 tautum
816 2189 978 2228 plenitudo

202 2242 436 2280 praerogativae,
453 2242 531 2272 sicut
546 2243 579 2272 in
596 2242 728 2281 VirgIne
742 2242 851 2280 Maria,
868 2242 905 2272 de
914 2252 978 2281 qua

203 2294 396 2333 plenitudine
421 2295 536 2325 dicitur
551 2296 560 2311 ²
585 2305 591 2325 :
616 2296 701 2331 Ave,
730 2296 838 2335 qratia
862 2295 978 2334 plena:

204 2356 262 2377 nec
287 2349 411 2378 tantum
436 2347 598 2386 plenitudo
614 2348 851 2378 numerositatis
876 2351 907 2378 et
926 2357 977 2378 co-

204 2401 277 2439 piae,
293 2400 373 2430 sicut
387 2400 420 2430 in
438 2402 502 2430 tota
524 2400 670 2437 Ecclesia,
687 2401 725 2431 de
750 2410 813 2440 qua
843 2401 980 2440 plenitu-

204 2452 276 2483 dine
289 2453 298 2469 ³
315 2462 322 2483 :
339 2453 490 2484 Ascendit
504 2461 600 2492 super
615 2454 715 2491 coelcs,
741 2458 775 2485 uz
792 2454 979 2493 adimpleret

205 2507 325 2543 omnia,
339 2509 397 2536 etc.
417 2517 424 2536 :
440 2506 495 2537 sed
510 2507 606 2537 etiam
616 2507 776 2546 plenitudo
784 2509 980 2547 superabun-

242 2589 327 2616 ¹Act.‚
345 2594 378 2615 v1,
394 2589 417 2612 8.
429 2601 455 2606 —
468 2589 477 2604 ²
490 2589 558 2618 Luc„
575 2594 592 2619 1,
608 2589 685 2613 28.-
698 2589 709 2605 ὃ
731 2588 831 2619 Εμ]ιεε.,
853 2595 885 2617 ιν,
903 2591 939 2613 10.
951 2603 980 2608 -

208 2627 218 2642 ⁸
234 2623 314 2653 leam,
329 2629 348 2654 ι,
365 2626 401 2648 Η.
414 2636 445 2643 -
459 2623 469 2640 ⁶
482 2623 560 2654 [bidq
579 2624 616 2648 16.

767 161 1077 193 SENTENTIARUM
1098 162 1172 193 LlB.
1197 162 1248 193 111.

1031 228 1158 266 dantiae,
1175 229 1213 259 de
1221 233 1317 268 qua‘:
1336 231 1485 264 Vidimus
1495 234 1632 272 qloriam
1643 234 1800 273 ejus,etc.;

1029 281 1171 320 plenum,
1201 281 1346 321 inquam,
1376 284 1572 323 plenitudiue
1603 288 1802 326 superabun-

1029 333 1146 363 dantiae
1161 345 1167 363 ε
1181 337 1308 374 propter
1324 337 1408 375 quod
1425 338 1530 368 subdit
1544 339 1582 369 ad
1597 340 1657 370 hoc
1671 340 1804 379 proban-

1029 386 1106 416 dum
1117 387 1126 403 ⁵
1141 397 1146 416 z
1160 387 1202 418 Ετ
1216 387 1255 418 de
1268 387 1469 426 plenitudine
1484 390 1552 429 ejus
1563 399 1620 423 nos
1636 400 1741 424 omnes
1754 401 1804 424 ac-

1029 440 1180 478 cepimus.
1202 440 1414 472 Concedendae
1427 446 1502 473 sunt
1515 453 1592 482 ergo
1603 445 1738 476 rationes
1751 455 1803 476 os-

1030 493 1194 523 tendentes
1218 493 1377 524 Christum
1393 495 1433 524 ab
1450 495 1578 526 instanti
1593 499 1805 537 conceptionis

1031 545 1128 575 fuisse
1150 546 1253 584 gratia
1276 547 1420 586 plenum,
1436 550 1466 578 et
1481 549 1628 580 babuisse
1642 550 1675 580 in
1690 560 1722 581 se
1736 551 1803 590 ple-

1031 598 1212 629 nitudinem
1228 600 1349 638 gratiae.

1072 654 1100 681 l.
1132 651 1179 681 Ad
1205 652 1284 682 illud
1309 662 1388 692 ergo
1420 653 1502 693 quod
1521 655 1624 694 primo
1645 655 1804 695 objicitur,

1030 705 1115 743 quod
1132 714 1197 735 non
1214 706 1325 736 habuit
1340 707 1435 737 fidem
1464 710 1495 737 et
1509 717 1614 747 spem,
1636 708 1806 739 dicendum

1030 758 1117 796 quod
1135 758 1211 788 fides
1238 760 1268 788 et
1291 768 1362 798 spes
1382 760 1499 790 habent
1526 770 1635 791 secum
1659 763 1805 800 Junctam

1031 810 1322 850 imperfectionem3
1340 813 1458 843 habent
1475 816 1506 843 et
1528 814 1738 844 nihilominus
1751 814 1807 844 ali-

1031 864 1107 902 quid
1124 864 1322 903 perfectionis
1343 876 1349 895 :
1366 868 1396 895 et
1424 866 1545 896 ratione
1563 868 1632 906 eJus
1647 866 1733 906 quod
1748 867 1806 897 ha-

1032 916 1108 946 bent
1136 917 1175 947 de
1189 917 1438 956 imperfectione,
1457 918 1645 957 plenitudini
1661 919 1731 958 pius
1746 920 1804 949 ob·

1031 969 1130 1007 viant,
1153 979 1249 1009 quam
1267 970 1307 1000 ad
1322 971 1550 1010 plenitudinem
1574 971 1704 1008 faciant,
1721 971 1806 1002 unde

1031 1025 1228 1054 evacuantur
1241 1023 1274 1052 in
1287 1023 1391 1062 gloria
1407 1034 1413 1053 :
1429 1023 1482 1053 sed
1498 1024 1618 1054 ratione
1637 1025 1706 1063 eJus
1721 1025 1806 1063 quod

1031 1076 1230 1115 perfectionis
1258 1078 1304 1106 est
1324 1076 1357 1106 in
1379 1077 1434 1112 eis,
1460 1076 1576 1116 siquid
1598 1079 1644 1107 est
1662 1077 1805 1116 reperiri,

1031 1129 1150 1159 habent
1174 1138 1239 1159 esse
1255 1129 1287 1159 in
1305 1129 1437 1160 Christo.
1462 1129 1498 1160 Et
1513 1130 1584 1160 ideo
1598 1129 1726 1160 illarum
1741 1130 1806 1160 vir-

1030 1184 1137 1212 tutum
1162 1182 1301 1212 absentia
1323 1182 1393 1221 plus
1417 1184 1582 1213 attestatur
1603 1183 1804 1222 plenitudini,

1031 1244 1131 1274 quam
1146 1234 1364 1265 diminutioni.

1072 1290 1100 1317 2.
1119 1287 1166 1317 Ad
1192 1287 1269 1317 illud
1285 1288 1369 1327 quod
1385 1288 1548 1327 objicitur,
1565 1288 1650 1328 quod
1666 1288 1807 1320 Christus

1032 1341 1091 1370 fuit
1106 1341 1138 1370 in
1153 1343 1236 1370 statu
1252 1340 1392 1377 viatoris,
1410 1341 1580 1371 dicendum
1602 1342 1686 1380 quod
1702 1342 1806 1372 Chris-

1031 1396 1082 1423 tus
1096 1393 1155 1423 fuit
1178 1393 1275 1422 simul
1293 1393 1325 1422 in
1341 1395 1424 1423 statu
1455 1393 1598 1430 viatoris,
1615 1396 1646 1424 et
1660 1403 1807 1434 compre-

1034 1445 1177 1475 hensoris
1195 1457 1200 1475 z
1218 1446 1251 1475 in
1271 1448 1355 1475 statu
1380 1446 1668 1485 comprehensoris,
1693 1456 1808 1478 secun-

1032 1497 1110 1527 dum
1132 1500 1255 1536 partem
1278 1497 1490 1537 superiorem3
1508 1497 1542 1527 in
1562 1500 1646 1528 statu
1664 1498 1804 1536 viatoris,

1032 1550 1211 1581 secundum
1233 1553 1353 1590 partem
1372 1550 1566 1588 inferiorem,
1585 1552 1617 1581 et
1630 1551 1805 1582 secundum

1032 1613 1172 1634 carnem.
1183 1603 1382 1643 thuoniam
1397 1604 1512 1643 gratia,
1527 1605 1704 1635 secundum
1714 1614 1806 1636 suam

1032 1658 1200 1688 essentiam
1209 1659 1238 1688 et
1246 1657 1528 1696 complementum,
1544 1657 1670 1697 respicit
1684 1660 1807 1697 partem

1032 1710 1227 1749 superiorem
1245 1712 1275 1740 et
1287 1711 1425 1740 mentem
1437 1720 1444 1747 ;
1458 1709 1531 1739 hinc
1541 1712 1586 1739 est
1599 1710 1684 1749 quod
1700 1710 1807 1741 Chris-

1032 1766 1083 1794 tus
1102 1763 1206 1802 magis
1221 1763 1333 1793 habuit
1348 1762 1486 1801 gratiam
1502 1763 1682 1802 perfectam,
1708 1772 1806 1803 quam

1031 1817 1242 1853 diminutam,
1266 1816 1340 1855 quia
1369 1816 1472 1855 gratia
1498 1815 1602 1854 magis
1621 1816 1808 1855 respiciebat

1033 1872 1153 1900 statum
1168 1869 1354 1909 perfectum.

1073 1927 1102 1955 3.
1128 1925 1176 1955 Ad
1203 1924 1281 1954 illud
1309 1923 1394 1963 quod
1422 1923 1570 1962 objicitur
1598 1923 1636 1954 de
1660 1923 1806 1963 exemplo

1033 1978 1156 2014 Christi,
1173 1977 1341 2008 dicendum
1356 1976 1440 2016 quod
1455 1976 1597 2006 Christus
1612 1976 1697 2007 dedit
1714 1977 1807 2008 nobis

1032 2031 1217 2071 exemplum
1240 2031 1272 2060 in
1301 2030 1449 2070 operibus
1481 2029 1703 2067 exterioribus,
1728 2031 1807 2062 etin

1033 2085 1182 2125 operibus
1196 2084 1323 2115 virtutis
1339 2083 1483 2123 perfectae
1503 2092 1510 2113 :
1526 2083 1579 2114 sed
1596 2083 1649 2113 iila
1663 2092 1759 2123 opera
1773 2085 1806 2115 in

1033 2139 1155 2170 Christo
1170 2139 1260 2168 erant
1274 2136 1498 2176 perfectionem
1515 2136 1695 2174 indicantia,
1710 2136 1743 2166 in
1751 2145 1806 2167 no-

1033 2192 1080 2222 bis
1094 2200 1170 2222 vero
1184 2192 1259 2220 sunt
1283 2190 1321 2220 ad
1346 2189 1571 2229 perfectionem
1591 2188 1804 2228 perducentia.

1034 2245 1070 2275 Et
1100 2244 1248 2284 quamvis
1273 2252 1370 2282 opera
1396 2242 1552 2273 exteriora
1576 2241 1807 2281 praetenderent

1033 2299 1103 2337 ejus
1131 2296 1315 2336 profectum,
1346 2304 1410 2326 non
1432 2297 1537 2325 tamen
1559 2296 1627 2325 erat
1656 2293 1804 2331 mendax,

1033 2350 1108 2390 quia
1130 2349 1252 2379 nullam
1272 2348 1495 2388 perfectionem
1515 2346 1712 2389 indicabant,
1733 2355 1806 2386 quae

1034 2411 1098 2433 non
1112 2404 1191 2432 esset
1206 2402 1238 2431 in
1253 2410 1300 2432 eo.
1318 2400 1350 2431 Si
1367 2409 1442 2431 vero
1457 2408 1513 2439 per
1527 2408 1622 2439 opera
1637 2407 1702 2429 non
1728 2398 1806 2429 indi-

1034 2456 1123 2486 cabat
1131 2455 1353 2494 perfectionem
1367 2461 1459 2483 suam
1472 2460 1643 2489 summam,
1668 2451 1728 2482 hoc
1742 2460 1806 2482 non

1034 2511 1101 2539 erat
1127 2508 1292 2538 falsitatem
1320 2505 1514 2546 praetendere
1528 2529 1536 2543 ‚
1569 2504 1622 2535 sed
1641 2504 1806 2536 veritatem

1012 2561 1191 2592 ·occultare
1221 2570 1228 2591 :
1257 2559 1343 2601 quod
1369 2558 1498 2598 quidem
1524 2558 1594 2589 licet
1627 2559 1658 2589 et
1681 2557 1807 2597 expedit

1036 2616 1164 2655 propter
1179 2615 1321 2646 nostram
1330 2610 1509 2644 utilitatem.
