2017 2960
41 1598 129 1620 Divisio.

810 226 999 259 DISTINCT.
1024 228 1074 259 lx.
1697 237 1754 266 {97

153 298 246 331 unita
260 300 322 330 est:
340 299 378 329 ut
394 305 460 328 non
479 294 582 328 alium
598 298 629 328 et
643 294 760 336 alium,
776 293 830 328 sed
850 306 956 328 unum
971 295 1191 341 eumdemque
1206 297 1312 330 Deum
1327 302 1358 331 et
1374 298 1540 332 hominem
1556 300 1679 334 Filium
1695 302 1755 335 Dei

152 367 219 390 esse
232 354 400 388 confitear.
417 353 567 398 Denique
584 353 610 385 si
626 352 794 386 hominem
810 355 1010 398 separaveris
1026 367 1044 387 a
1059 355 1137 396 Deo,
1155 355 1205 387 iili
1221 367 1394 400 nunquam
1415 357 1522 399 credo,
1545 369 1603 391 nec
1618 360 1724 392 servio
1743 373 1749 392 :

151 414 242 447 velut
256 413 283 445 si
299 412 374 457 quis
399 423 583 456 purpuram
607 411 659 444 vel
688 411 838 444 diadema
865 413 973 455 regale
997 413 1109 457 jacens
1138 413 1296 454 inveniat,
1328 414 1492 459 numquid
1520 427 1557 448 ea
1580 417 1753 451 conabitur

151 471 315 504 adorare?
332 470 416 503 Cum
433 481 512 503 vero
529 470 574 502 eis
601 480 657 502 rex
680 469 780 502 fuerit
800 469 949 511 indutus,
971 471 1155 514 periculum
1178 472 1291 504 mortis
1315 473 1466 514 incurrit,
1493 473 1520 506 si
1538 485 1574 506 ea
1588 485 1664 507 cum
1678 487 1754 519 rege

151 529 286 562 adorare
301 528 375 572 quis
391 527 633 572 contempserit.
651 527 699 559 Ita
715 531 746 559 et
760 527 793 559 in
803 527 930 560 Christo
941 527 1081 560 Domino
1094 528 1332 562 humanitatem
1349 542 1415 563 non
1430 531 1533 564 solam
1549 532 1601 565 vel
1615 533 1752 575 nudam,

147 585 202 618 sed
217 585 382 618 divinitati
403 585 544 626 unitam,
566 584 687 617 scilicet
711 595 815 617 unum
836 585 959 617 Filium
978 585 1084 618 Deum
1108 598 1236 627 verum,
1258 592 1288 620 et
1308 588 1476 621 hominem
1492 601 1621 631 verum,
1639 591 1665 623 si
1680 592 1755 636 quis

146 644 282 677 adorere
305 643 561 687 comtempserit,
589 643 788 675 aeternaliter
808 643 967 675 morietur
990 644 1048 687 (a).
1067 657 1082 674 »
1100 644 1189 676 Idem
1212 656 1307 689 super
1322 647 1483 687 Psalmos,
1507 648 1564 680 ubi
1579 649 1699 682 dicitur
1716 652 1723 668 ¹
1743 662 1749 682 :

147 701 294 735 Adorate
307 702 484 735 scabellum
497 700 618 745 pedum
636 700 718 744 ejus,
731 701 889 745 quoniam
904 707 1056 734 sanctam
1067 708 1114 734 est
1124 706 1134 721 ²
1144 715 1154 734 .·
1172 716 1187 733 ε(
1205 702 1382 736 Sciendum
1394 705 1472 748 quia
1483 705 1517 737 in
1529 706 1657 739 Christo
1668 711 1753 740 terra

146 764 205 801 est,
222 759 255 792 id
272 763 318 792 est
333 770 421 800 caro,
438 769 515 803 quae
529 758 598 791 sine
613 758 780 803 impietate
795 758 961 791 adoratur.
989 759 1139 804 Suscepit
1163 761 1250 793 enim
1274 761 1313 794 de
1329 765 1415 794 terra
1432 768 1564 804 terram,
1581 764 1660 808 quia
1673 775 1748 797 caro

145 817 186 851 de
202 822 288 851 terra
301 822 360 859 est,
379 821 411 850 et
426 817 465 849 de
480 828 577 850 carne
592 817 702 849 Mariae
716 828 847 850 carnem
871 818 1003 862 accepit.
1024 818 1099 851 Haec
1118 819 1187 852 sine
1210 819 1375 864 impietate
1390 832 1409 853 a
1423 821 1533 854 Verbo
1548 822 1608 854 Dei
1626 834 1753 855 assum-

145 881 200 921 pta
216 876 371 909 adoratur
387 887 405 908 a
431 875 536 913 nobis,
563 875 642 920 quia
668 886 764 908 nemo
789 886 920 908 carnem
945 876 1016 920 ejus
1040 877 1228 919 manducat,
1255 877 1316 910 nisi
1341 878 1433 922 prius
1457 878 1592 912 adoret:
1618 880 1672 913 sed
1695 879 1754 924 qui

145 935 271 977 adorat,
286 946 355 967 non
377 938 496 967 terram
528 934 700 967 intuetur:
733 933 789 966 sed
817 934 914 967 illum
944 935 1064 979 potius,
1095 935 1190 979 cujus
1216 936 1395 969 scabellum
1419 941 1478 979 est,
1506 942 1639 982 propter
1653 950 1752 983 quem

147 993 272 1026 adorat.
288 1006 304 1024 >³
323 992 383 1026 His
399 992 650 1025 auctoritatibus
667 992 839 1036 praemissas
854 992 1116 1036 investigationis
1135 993 1297 1027 absolutio
1313 994 1506 1039 explicatur.

339 1154 543 1186 EXPOSITIO
564 1154 730 1186 TEXTUS.

285 1232 413 1256 Praeterea
428 1231 576 1262 investigari
595 1233 711 1262 oportet,
729 1232 779 1255 etc.

186 1315 290 1356 Supra
309 1317 377 1356 egit
399 1316 548 1356 Magister
571 1317 609 1348 de
624 1317 860 1357 comparatione
874 1317 922 1347 di-

145 1370 229 1401 vinae
245 1372 369 1401 naturae
394 1371 433 1401 ad
448 1371 672 1411 proprietatem
694 1371 846 1402 humanae
863 1381 922 1401 na-

146 1425 228 1453 turae
241 1431 249 1452 2
264 1423 316 1454 hic
328 1433 403 1454 vero
420 1424 487 1463 agit
502 1425 540 1455 de
554 1425 790 1465 comparatione.
804 1425 920 1455 huma-

146 1486 197 1507 nae
214 1480 338 1508 naturae
353 1478 392 1508 ad
418 1478 644 1518 proprietatem
667 1479 797 1516 divinae,
813 1478 922 1518 inqui-

146 1539 219 1560 rens
241 1533 350 1561 utrum
375 1533 491 1562 natura
518 1532 662 1562 humana
684 1532 717 1561 in
736 1532 857 1562 Christo
883 1533 922 1562 sit

145 1583 306 1614 adoranda
315 1584 497 1615 adoratione
513 1585 625 1615 latriae.
643 1585 799 1615 Dividitur
813 1587 921 1615 autem

144 1645 217 1676 pars
231 1637 290 1667 ista
316 1637 349 1668 in
375 1640 480 1677 partes
495 1638 585 1675 duas,
615 1638 648 1668 in
663 1647 802 1678 quarum
817 1639 921 1678 prima

143 1690 348 1730 prosequitur
362 1691 575 1730 quaestionem
603 1691 779 1722 secundum
799 1692 922 1731 opinio-

142 1752 217 1774 nem
231 1752 454 1782 communem3
469 1745 502 1774 in
517 1745 657 1775 secunda
668 1754 744 1775 vero
758 1745 921 1785 prosequi-

141 1798 194 1827 tur
222 1806 293 1828 eam
324 1798 501 1828 secundum
516 1798 702 1837 opinionem
717 1798 873 1836 aliorum,
890 1800 921 1829 et

142 1850 333 1882 Sanctorum
344 1852 559 1889 auctoritates,
569 1851 613 1881 ibi
629 1863 635 1882 :
653 1851 724 1883 Alia·
738 1855 844 1884 autem
852 1852 921 1892 pla-

141 1908 188 1937 cet
213 1905 334 1937 Christi
360 1905 604 1944 humanitatem,
634 1907 692 1936 etc.
714 1905 821 1936 Prima
845 1916 918 1946 pars

142 1958 295 1989 dividitur
310 1959 343 1989 in
369 1959 448 1989 duas
474 1960 589 1998 partes,
602 1959 636 1989 in
663 1968 803 1998 quarum
817 1960 921 2000 prima

143 2016 233 2052 parte
248 2012 399 2052 opponit3
417 2012 452 2042 in
466 2012 604 2043 secunda
621 2012 820 2049 determinat,
849 2013 892 2043 ibi
912 2025 918 2044 ι

144 2066 218 2098 Ideo
237 2065 430 2105 quibusdam
453 2065 595 2104 videtur,
611 2068 671 2096 etc.
688 2066 833 2097 Secunda
849 2076 921 2106 pars

144 2120 178 2149 in
193 2119 272 2150 duas
286 2119 448 2156 dividitur,
466 2119 500 2149 in
514 2128 651 2159 quarum
665 2120 768 2159 prima
786 2120 920 2160 subjun-

144 2173 192 2212 git
213 2173 350 2203 aliorum
367 2172 550 2212 opinionem
564 2183 571 2210 3
583 2172 616 2202 in
630 2173 770 2204 secunda
784 2182 860 2204 vero
875 2174 921 2204 in-

143 2227 229 2258 ducit
253 2227 339 2258 illius
368 2227 525 2267 opinionis
553 2228 827 2259 confirmationem
865 2238 920 2268 per

142 2281 349 2321 multiplicem
364 2280 551 2312 Sanctorum
578 2281 830 2321 attestationemj,
847 2282 890 2312 ibi
911 2294 917 2313 :

142 2335 184 2366 De
193 2334 250 2366 hoc
265 2335 400 2366 Joannes
414 2336 631 2365 Damascenus
646 2335 694 2366 ita
709 2335 775 2372 ait,
791 2337 849 2366 etc.
866 2335 920 2366 Illa

142 2388 281 2419 secunda
293 2397 366 2428 pars
379 2390 483 2428 posset
493 2388 597 2418 adhuc
605 2388 763 2419 subdividi
772 2389 806 2419 in
818 2389 897 2420 duas
910 2399 918 2420 :

142 2441 175 2471 in
189 2441 294 2481 prima
309 2441 478 2472 confirmat
500 2441 687 2472 auctoritate
703 2441 804 2472 Graeci
814 2466 821 2479 ,
838 2443 920 2473 scili-

143 2497 191 2525 cet
204 2494 406 2532 Damasceni3
424 2494 459 2524 in
474 2494 612 2525 secunda
626 2495 813 2526 auctoritate
839 2496 920 2527 Lati-

143 2549 189 2586 ni,
211 2550 355 2581 videlicet
376 2550 561 2589 Augustini,
585 2550 630 2580 ibi
662 2551 727 2582 :De
741 2551 796 2583 hoc
823 2553 940 2585 etiam,

144 2602 346 2642 Anqustinus
356 2604 405 2636 ait
415 2604 452 2635 in
464 2611 607 2636 sermone
622 2604 764 2636 Domini.

181 2677 240 2700 ¹1³³.
258 2682 348 2707 xcviii,
364 2679 387 2702 5.
399 2678 446 2694 —2
463 2678 550 2702 Enarr.
568 2679 592 2702 1'71
609 2679 649 2702 Ps.
665 2685 758 2710 xcvm,
774 2686 800 2703 n.
815 2680 838 2703 9.

177 2718 210 2747 (α)
226 2718 296 2743 Edit.
309 2718 434 2744 Benedici.
445 2722 549 2744 aeternae
562 2721 652 2745 mortis
664 2728 769 2752 poenam
780 2721 917 2753 patientur.

1312 1166 1380 1189 DUB.
1402 1167 1424 1189 1.

1025 1247 1124 1275 Cuttus,
1145 1249 1205 1277 etc„
1221 1247 1336 1271 consistit
1351 1248 1377 1271 in
1392 1248 1527 1273 dilectione
1543 1250 1568 1273 et.
1591 1250 1710 1275 sacrificii

1253 1283 1426 1314 exhibitione,
1439 1286 1488 1308 etc.

1019 1372 1075 1403 Hic
1101 1373 1258 1412 quaeritur
1279 1373 1414 1413 qualiter
1438 1374 1684 1413 distinguuntur
1701 1375 1756 1406 illa

981 1429 1056 1465 tria;
1086 1429 1117 1457 et
1137 1427 1265 1457 videtur
1291 1427 1375 1467 quod
1406 1427 1634 1459 insufficienter
1660 1429 1753 1467 dicat,

979 1481 1054 1521 quia
1070 1480 1174 1520 magis
1186 1481 1314 1511 videtur
1329 1481 1500 1512 consistere
1515 1482 1548 1512 in
1557 1482 1751 1514 adoratione.

979 1534 1031 1565 Ait
1047 1534 1133 1564 enim
1150 1534 1321 1564 Rabanus:
1343 1546 1357 1563 (ι
1378 1533 1429 1564 Sic
1449 1543 1521 1565 caro
1542 1534 1655 1566 Christi
1681 1535 1754 1566 ado-

979 1588 1076 1618 randa
1089 1590 1135 1618 est
1148 1587 1252 1623 latria,
1269 1587 1351 1617 sicut
1367 1587 1524 1624 Verbum3
1542 1588 1595 1619 sed
1612 1598 1677 1619 non
1689 1598 1755 1620 om-

978 1641 1012 1671 ni
1040 1641 1142 1681 specie
1169 1641 1270 1671 latriae
1283 1664 1290 1675 ,
1309 1641 1461 1680 quoniam
1491 1650 1556 1671 non
1584 1641 1755 1673 adoramus

978 1703 1053 1724 eum
1066 1694 1214 1734 prostrati
1229 1694 1263 1724 iu
1278 1696 1372 1731 terra,
1389 1694 1433 1724 sic
1448 1696 1483 1724 ut
1495 1694 1661 1725 credamus
1669 1696 1753 1735 quod

978 1756 1036 1777 nos
1051 1748 1169 1778 creavit
1185 1757 1225 1777 ex
1241 1747 1352 1778 nihilo.
1370 1759 1383 1775 »
1403 1748 1489 1787 Ergo
1516 1748 1642 1779 videtur
1668 1749 1754 1789 quod

978 1801 1083 1841 potius
1097 1801 1265 1838 prostratio
1278 1801 1311 1831 in
1326 1803 1444 1832 terram
1461 1802 1616 1841 pertineat
1631 1803 1668 1833 ad
1685 1803 1755 1834 cul-

977 1857 1047 1885 tum
1066 1854 1128 1892 Dei,
1157 1864 1254 1894 quam
1278 1855 1440 1894 praedicta.
1466 1854 1544 1885 Item
1563 1855 1691 1886 videtur
1705 1856 1754 1887 di-

977 1908 1125 1946 minutio,
1142 1908 1218 1947 quia
1232 1917 1296 1938 non
1311 1910 1438 1938 tantum
1462 1908 1577 1938 colitur
1600 1908 1682 1939 Deus
1705 1909 1752 1939 di-

976 1960 1121 1999 lectione,
1139 1962 1191 1992 sed
1202 1962 1297 1992 etiam
1313 1962 1387 1992 fide.
1404 1961 1565 1998 Quaeritur
1576 1971 1655 2001 ergo
1670 1971 1753 2002 qua-

975 2015 1047 2046 liter
1057 2015 1302 2054 distinguuntur
1315 2015 1367 2045 illa
1382 2015 1442 2045 tria
1453 2015 1614 2055 praedicta.

1018 2069 1108 2110 Resp.
1122 2069 1306 2108 Dicendum,
1323 2069 1420 2109 quod,
1438 2069 1519 2100 sicut
1537 2069 1684 2100 habitum
1709 2072 1756 2100 est

975 2132 1084 2162 supra,
1111 2123 1193 2154 Deus
1207 2123 1320 2153 colitur
1344 2123 1431 2153 cultu
1450 2122 1594 2153 interiori
1608 2125 1639 2153 et
1664 2125 1755 2153 exte-

975 2176 1051 2207 riori
1067 2187 1073 2207 :
1091 2179 1127 2207 ut
1141 2179 1249 2207 autem
1259 2175 1410 2215 Mag1ster
1423 2177 1616 2216 exprimeret
1632 2179 1755 2207 utrum-

976 2240 1038 2270 que
1052 2231 1186 2268 cultum,
1197 2230 1271 2261 dicit
1280 2230 1364 2269 quod
1378 2230 1519 2260 consistit
1534 2229 1567 2260 in
1575 2229 1751 2268 dilectione,

975 2287 1134 2324 quantum
1151 2284 1268 2314 scilicet
1283 2283 1322 2313 ad
1352 2283 1474 2314 cultum
1489 2283 1672 2314 interiorem
1687 2307 1694 2320 ,
1710 2284 1754 2314 ita

975 2337 1060 2377 quod
1074 2337 1107 2367 in
1119 2337 1285 2368 dilectione
1300 2337 1513 2377 intelligimus
1527 2337 1753 2376 trestheologi-

975 2402 1028 2421 cas
1056 2392 1190 2423 virtutes
1201 2416 1208 2429 ,
1237 2392 1353 2422 scilicet
1383 2391 1585 2428 charitatem,
1615 2393 1646 2421 et
1676 2391 1753 2421 alias

974 2446 1054 2476 duas
1068 2445 1281 2486 praeambulas
1295 2456 1302 2476 ι
1315 2454 1392 2484 ergo
1401 2448 1558 2485 quantum
1575 2445 1614 2475 ad
1629 2444 1751 2475 cultum

975 2499 1166 2529 exteriorem
1181 2498 1266 2535 dicit,
1291 2499 1376 2538 quod
1392 2498 1505 2529 colitur
1520 2497 1673 2528 sacrificio
1683 2521 1692 2535 ,
1708 2497 1751 2528 ita

974 2553 1058 2592 quod
1087 2553 1146 2583 sub
1166 2552 1319 2582 sacrificio
1347 2550 1594 2591 comprehendat
1621 2559 1751 2581 omnem

973 2605 1188 2637 reverentiam
1211 2614 1284 2645 quae
1313 2605 1454 2635 exterius
1493 2603 1663 2634 exhibetur
1690 2603 1750 2635 soli

976 2659 1048 2691 Deo.
1064 2659 1125 2691 Per
1151 2659 1211 2690 hoc
1235 2661 1344 2690 autem
1366 2658 1451 2698 quod
1467 2657 1573 2688 subdit
1595 2666 1749 2688 reveren-

973 2713 1063 2752 tiam,
1078 2713 1318 2754 comprehendit
1344 2715 1535 2752 utrumque,
1551 2714 1583 2743 et
1604 2711 1650 2742 sic
1664 2713 1750 2752 patet
