2017 2960
205 213 263 242 214

206 277 290 308 bitus
307 287 389 318 saepe
403 276 606 308 diffiniuntur
621 283 676 314 per
695 276 801 309 acm,
819 274 849 302 ct
870 271 976 301 notiti-

208 333 338 368 cantur3
356 331 409 361 sed
422 331 480 360 hoe
493 338 556 359 non
570 331 615 357 ost
630 326 851 366 praedicatione
871 332 976 354 essen-

209 383 286 421 tiali,
305 383 358 414 sed
373 383 488 413 causali
506 393 512 412 :
529 384 559 411 et
574 381 642 410 ideo
655 388 718 408 non
735 377 878 417 sequitur
891 376 976 415 quod

207 438 297 468 latria
321 437 346 467 si
369 436 407 466 sit
433 435 553 470 cultus,
581 432 666 471 quod
690 440 755 460 non
778 430 817 460 sit
838 429 975 459 habitus.

206 491 312 521 Posset
327 493 431 521 tamen
447 488 506 519 diri
530 489 565 517 nt
588 486 675 525 prius
687 508 694 522 ,
711 484 795 524 quod
810 483 903 513 latria
917 482 977 513 ali-

205 544 332 584 quando
354 541 506 581 accipitur
533 548 589 578 pro
614 540 704 575 actu,
728 537 898 576 aliquando
921 545 977 575 pro

206 597 328 633 habitu,
343 595 422 625 sicut
436 594 494 623 hoc
510 593 691 631 frequenter
706 590 864 629 reperitur
879 589 909 618 in
925 588 979 618 ha-

205 649 324 679 bitibus
339 650 369 677 et
383 646 505 677 actibus
518 645 645 682 animm,
658 652 730 683 quae
742 643 859 672 habent
875 650 978 671 unum

206 710 324 732 nomen
348 707 529 730 commune.
556 697 642 727 Unde
669 695 896 734 Philosophus¹
921 694 977 723 ali-

205 754 333 794 quando
363 753 474 792 accipit
495 760 613 782 nomen
639 749 815 779 intellectus
839 756 897 786 pro
920 747 979 776 ha-

206 807 285 841 bitu,
302 805 471 845 aliquando
487 812 544 843 pro
566 801 725 842 potentian
744 800 886 830 similiter
911 799 980 829 An—

207 859 353 895 selmus²,
369 858 565 888 voluntatem
585 865 591 886 t
607 855 717 885 eodem
738 853 830 883 modo
847 852 979 891 Augus-

207 912 312 942 tinus³
335 913 365 941 et
386 911 436 941 alii
460 910 602 940 doctores
624 909 761 938 utuntur
782 906 911 936 nomine
934 905 981 935 la-

207 965 287 995 triae.

247 1021 274 1048 3.
303 1017 349 1048 Ad
373 1016 450 1047 illud
474 1015 557 1055 quod
587 1013 754 1053 objicitur,
780 1012 863 1051 quod
891 1010 982 1041 latria

207 1072 290 1101 idem
308 1072 354 1100 est
368 1069 452 1109 quod
465 1068 581 1108 pietas,
598 1066 768 1097 dicendum
782 1065 865 1104 quod
875 1088 882 1102 ‚
901 1064 982 1094 sicut

207 1125 280 1155 dicit
297 1123 498 1162 Augustinus
514 1122 545 1151 in
561 1121 683 1151 decimo
701 1119 743 1150 De
758 1119 896 1150 Civitace
913 1118 980 1155 Dei,

208 1177 306 1217 pietas
328 1177 443 1207 dicitur
464 1174 629 1214 tripliciter
649 1182 656 1203 :
675 1181 739 1203 uno
762 1172 856 1202 modo
880 1173 982 1210 pictas

208 1230 293 1261 idem
316 1231 378 1267 est,
406 1228 489 1268 quod
516 1226 694 1264 theosebia;
717 1227 747 1255 et
770 1225 813 1254 sic
835 1224 917 1254 idem
938 1226 983 1254 est

208 1283 292 1322 quod
314 1282 418 1312 cuitus
439 1281 510 1317 Der,
536 1280 596 1310 alio
622 1279 714 1309 modo
739 1278 853 1308 dicitur
878 1278 983 1316 pietas

209 1335 350 1366 officium
367 1334 550 1374 parentibus
570 1332 765 1368 exhibitum3
784 1331 874 1360 tertio
890 1331 983 1360 modo

208 1388 322 1418 dicitur
344 1388 447 1426 pietas
471 1385 703 1422 misericordia,
730 1392 803 1423 quae
831 1383 984 1423 proximis

210 1441 241 1471 in
255 1441 405 1481 operibus
419 1440 597 1471 exhibetur.
624 1438 664 1468 De
685 1438 733 1467 his
748 1438 855 1467 autem
870 1436 984 1465 dicitur

209 1494 385 1525 secundum
407 1493 494 1532 prius
516 1493 546 1522 et
569 1490 736 1530 posterius,
758 1491 788 1519 et
808 1487 983 1519 secundum

209 1547 381 1587 quamdam
419 1545 574 1575 rationem
607 1543 783 1581 analogiae,
808 1541 984 1571 secundum

209 1600 293 1639 quod
317 1599 431 1629 dicitur
454 1598 588 1634 ibidem,
617 1597 691 1635 quia
713 1596 745 1625 in
769 1594 918 1625 omnibus
940 1596 985 1624 est

210 1653 314 1683 cultus
340 1651 410 1688 Dei3
437 1650 653 1690 principaliter
675 1651 782 1678 tamen
809 1647 923 1677 dicitur
947 1646 984 1676 de

209 1705 298 1735 cultu
314 1704 434 1741 divino,
453 1703 484 1733 id
499 1704 545 1733 est
558 1702 596 1732 de
611 1702 664 1731 illa
679 1701 807 1737 virtute,
824 1709 887 1738 qua
908 1699 985 1729 coli-

208 1761 262 1788 tur
277 1757 359 1788 Deus
377 1767 383 1787 :
410 1759 439 1786 et
464 1756 508 1785 sic
533 1756 617 1794 patet
634 1754 718 1793 quod
741 1753 853 1792 pietas,
871 1761 985 1782 secun-

209 1810 287 1841 dum
307 1810 447 1840 diversas
469 1807 684 1847 acceptiones,
703 1808 803 1845 potest
820 1814 885 1836 esse
901 1805 982 1835 idem

209 1862 293 1902 quod
310 1862 418 1899 latria,
438 1864 468 1892 et
484 1860 610 1891 differre
623 1870 641 1890 a
656 1859 757 1889 latria.
783 1858 860 1888 Cum
876 1862 984 1888 autem

209 1915 325 1945 dicitur
337 1914 423 1954 qnod
440 1914 538 1953 pietas
552 1915 597 1943 est
612 1913 731 1943 donum
741 1935 749 1949 ,
768 1911 984 1950 aequivocatur

210 1968 332 2007 pietatis
346 1976 462 1997 nomen
480 1976 486 1996 :
504 1966 546 1996 ibi
561 1966 648 1996 enim
661 1974 726 1994 non
745 1964 896 2003 accipitur
917 1963 984 2002 pie-

210 2023 257 2050 tas
272 2029 328 2059 pro
342 2020 459 2050 virtute
474 2019 537 2056 illa,
558 2028 621 2058 qua
635 2018 748 2048 colitur
763 2017 855 2047 Deus.

251 2076 279 2103 4.
298 2073 346 2104 Ad
360 2073 438 2103 illud
457 2072 540 2112 quod
561 2070 724 2110 objicitur,
742 2070 825 2109 quod
846 2069 984 2100 revereri

211 2125 311 2156 Deum
324 2127 370 2156 est
385 2125 482 2164 ipsius
496 2124 634 2161 timoriS,
649 2123 819 2154 dicendum
835 2122 919 2161 quod
934 2131 984 2152 re-

212 2178 355 2209 verentia
374 2178 531 2217 reperitur
552 2181 617 2207 tam
638 2177 670 2206 in
691 2176 811 2206 honore
831 2184 929 2214 quam
952 2175 985 2204 in

212 2235 336 2271 timore,
354 2233 431 2273 quia
452 2233 485 2263 in
509 2233 619 2262 timore
641 2234 686 2262 est
707 2231 836 2261 resilitio
859 2231 891 2260 in
916 2239 986 2269 pro-

212 2287 314 2326 priam
333 2286 506 2322 vilitatem,
524 2285 691 2315 inhonore
713 2293 789 2314 vero
812 2285 858 2313 est
877 2283 986 2313 testifi—

212 2340 292 2371 catio
318 2339 368 2371 vel
395 2339 548 2370 exhibitio
575 2338 709 2377 alicujus
735 2337 929 2367 testificantis
955 2339 986 2367 et

213 2392 388 2431 profitentis
421 2391 521 2430 ipsam
556 2391 763 2429 majestatem.
797 2389 986 2420 Reverentia

211 2447 334 2482 autem,
351 2452 424 2484 quae
446 2445 492 2474 est
511 2443 628 2480 latriae,
646 2443 749 2482 potius
768 2444 814 2472 est
837 2442 982 2480 honoris,

248 2510 348 2540 ¹Arist.‚
360 2509 487 2540 Post.,lib.
500 2510 507 2533 1
522 2511 546 2533 et
562 2509 600 2538 ΙΙ;
616 2507 644 2531 de
659 2508 754 2538 Am‘m.‚
764 2509 806 2532 lib.
820 2509 852 2532 ΙΙΙ
865 2516 872 2538 3
885 2510 984 2539 Avcrr„

210 2546 239 2569 de
254 2547 348 2575 Anim.,
363 2546 405 2569 lib.
418 2546 460 2573 ΙΙΙ,
473 2552 540 2568 com.
556 2545 594 2568 20.
605 2543 653 2561 -²
663 2544 785 2573 Ausetm„
796 2544 824 2567 cle
844 2544 984 2572 Volunt.,in

211 2581 293 2612 princ.
304 2582 350 2599 -—-²
362 2583 436 2612 Aug„
451 2580 479 2603 tle
491 2580 566 2603 C'zvz't.
583 2580 636 2608 Dei,
649 2578 692 2602 lib.
709 2579 738 2607 X,
755 2586 776 2603 c.
793 2585 810 2609 1,
827 2587 852 2604 n.
868 2582 881 2603 2
897 2582 984 2603 etti.—

210 2618 221 2633 ⁶
245 2617 284 2647 Cf.
299 2619 324 2642 S.
337 2617 457 2647 Thomas,
473 2617 504 2640 111
521 2616 599 2646 Seni„
612 2615 670 2640 dist.
684 2621 722 2645 ix,
739 2622 763 2646 q.
781 2622 799 2644 ι,
815 2618 862 2639 art.
876 2619 881 2639 1
897 2634 904 2645 ‚
917 2623 942 2646 q.
956 2618 982 2647 1;

244 2674 274 2697 ga,
293 2668 360 2691 Edze.
378 2668 488 2697 Gaume,
502 2666 679 2690 inhaereamus.

771 204 1079 238 SENTENTIARUM
1101 204 1173 235 LlB.
1199 203 1250 234 111.

1033 280 1129 310 quam
1145 269 1278 300 timoris.
1300 268 1338 299 Et
1354 269 1398 298 sic
1417 270 1501 308 patet
1522 268 1682 308 quomodo
1701 267 1805 297 differt

1033 333 1051 353 a
1065 324 1192 360 timore,
1210 325 1241 352 ot
1264 330 1362 361 quare
1376 322 1471 352 etiam
1490 322 1581 352 latria
1601 330 1666 351 non
1687 322 1733 351 est
1749 320 1804 350 do-

1033 385 1130 413 num,
1148 376 1228 406 sicut
1240 376 1335 405 timor
1359 385 1364 404 z
1382 375 1486 413 magis
1502 375 1586 405 enim
1601 374 1696 404 habet
1711 372 1807 403 ratio-

1034 438 1107 458 nem
1122 428 1260 465 virtutis,
1277 437 1350 458 cum
1365 427 1458 457 latria
1472 427 1619 457 consistat
1634 426 1667 456 in
1683 426 1807 456 exhibi-

1033 482 1117 512 tione
1128 506 1136 519 ,
1152 482 1248 512 timor
1263 481 1296 510 in
1316 479 1487 510 resilitione
1504 488 1511 509 ε
1529 482 1559 510 et
1574 479 1616 509 sic
1630 479 1723 509 latria
1738 478 1808 518 plus
1824 508 1827 511 ,

1034 535 1174 565 consistit
1196 535 1228 564 in
1252 534 1389 568 actione,
1414 533 1509 562 timor
1533 532 1565 562 in
1590 532 1744 571 passione.
1771 531 1809 562 Et

1034 588 1104 618 haee
1118 590 1163 617 est
1182 597 1247 617 una
1269 586 1447 617 differentia
1469 585 1626 616 donorum
1652 584 1690 614 ad
1705 584 1809 615 virtu-

1036 641 1092 676 tes,
1108 640 1143 669 ut
1156 638 1290 668 inferius
1306 637 1441 677 patefiet.

1291 751 1501 791 QUAESTH)
1530 751 1572 781 11.

1071 831 1116 856 An
1132 830 1217 855 latria
1233 829 1269 854 sit
1283 829 1370 854 virtus
1385 827 1534 860 generali&
1551 826 1592 852 vel
1607 825 1733 860 specialis
1751 825 1772 851 ⁴.

1078 908 1188 939 Utrum
1206 907 1296 938 latria
1310 907 1349 937 sit
1367 906 1470 937 virtus
1489 905 1659 944 generalis,
1677 904 1728 935 vel
1742 913 1811 944 spe-

1037 961 1138 998 cialis;
1162 962 1192 990 et
1213 960 1298 999 quod
1318 959 1358 989 sit
1377 958 1535 998 specialis,
1554 958 1690 988 videtur.
1706 957 1813 987 Virtus

1037 1022 1110 1053 quae
1126 1013 1221 1043 habet
1238 1013 1398 1051 objectum
1414 1011 1558 1050 speciale,
1577 1012 1623 1040 est
1643 1009 1786 1049 specialis
1804 1018 1811 1040 :

1037 1066 1090 1096 sed
1109 1066 1201 1096 latria
1225 1067 1271 1095 est
1293 1063 1481 1103 huJusmodi
1505 1074 1511 1093 z
1539 1072 1616 1102 ergo
1641 1064 1688 1092 est
1715 1062 1814 1093 virtus

1037 1118 1188 1158 specialis.

1079 1171 1156 1201 item
1171 1171 1253 1200 circa
1273 1172 1379 1200 actum
1400 1168 1569 1208 specialem
1590 1168 1729 1198 consistit
1750 1168 1815 1198 vir-

1037 1228 1089 1255 tus
1108 1224 1251 1264 specialis
1269 1233 1275 1253 :
1293 1223 1346 1253 sed
1365 1221 1505 1252 adoratio
1524 1223 1571 1251 est
1592 1222 1680 1250 actus
1698 1220 1814 1260 specia-

1037 1278 1075 1308 lis
1093 1289 1099 1307 :
1116 1286 1193 1315 ergo
1209 1276 1290 1306 circa
1304 1276 1408 1315 ipsum
1425 1274 1563 1305 consistit
1579 1273 1681 1304 virtus
1695 1273 1811 1312 specia-

1037 1331 1075 1361 lis
1092 1342 1097 1361 :
1116 1331 1184 1360 haec
1199 1332 1306 1360 autem
1322 1332 1368 1360 est
1380 1329 1471 1359 latria
1486 1339 1492 1358 z
1510 1337 1600 1367 ergO,
1618 1330 1676 1358 etc.

1080 1384 1174 1420 Item,
1199 1383 1280 1413 sicut
1298 1382 1423 1412 difficile
1448 1383 1494 1411 est
1515 1381 1641 1411 credere
1665 1380 1699 1410 in
1723 1389 1814 1410 sum-

1040 1446 1124 1466 mam
1149 1436 1329 1472 veritatem,
1355 1435 1398 1464 sic
1421 1436 1452 1464 et
1473 1434 1631 1464 honorare
1652 1442 1814 1463 summam

1040 1491 1236 1529 majestatem
1251 1500 1256 1519 :
1276 1489 1301 1518 si
1316 1497 1393 1527 ergo
1408 1488 1564 1518 habemus
1578 1486 1729 1517 virtutem
1747 1494 1814 1525 spe-

1040 1543 1151 1573 cialem
1172 1551 1235 1582 qua
1251 1541 1410 1572 credimus
1424 1541 1456 1570 in
1475 1541 1611 1580 primam
1627 1539 1793 1570 veritatem
1805 1562 1813 1577 ,

1040 1596 1155 1626 scilicet
1175 1596 1286 1632 fidem,
1303 1595 1346 1624 sic
1369 1596 1398 1624 et
1423 1603 1486 1633 qua
1510 1593 1706 1624 honoramus
1730 1601 1816 1623 sum-

1041 1658 1125 1679 mam
1150 1650 1347 1687 maiestatem
1364 1658 1370 1678 2
1388 1647 1457 1677 haec
1479 1649 1588 1677 autem
1610 1655 1674 1676 non
1695 1648 1742 1676 est
1756 1646 1817 1675 nisi

1039 1702 1132 1732 latria
1150 1713 1155 1732 :
1172 1710 1250 1740 ergo
1264 1701 1356 1731 latria
1370 1702 1416 1730 est
1430 1701 1533 1730 virtus
1548 1699 1700 1739 specialis.

1080 1754 1156 1784 Item
1179 1753 1271 1783 latria
1295 1755 1325 1782 et
1344 1752 1520 1783 idololatria
1546 1754 1619 1782 sunt
1643 1751 1786 1791 opposita
1807 1762 1813 1781 :

1039 1807 1091 1837 sed
1108 1806 1282 1837 idololatria
1305 1807 1353 1835 est
1373 1804 1490 1835 vitium
1512 1805 1644 1844 speciale
1662 1813 1669 1835 ε
1685 1813 1762 1843 ergo
1777 1805 1816 1835 ab

1039 1860 1191 1900 oppositis
1206 1859 1296 1888 latria
1309 1860 1356 1888 est
1371 1857 1474 1887 virtus
1490 1857 1641 1897 specialis.

1080 1914 1139 1943 Sed
1161 1914 1270 1942 conti-a
1295 1922 1300 1941 :
1322 1914 1348 1941 l.
1373 1911 1592 1949 Augustinus,
1613 1911 1646 1941 in
1660 1911 1816 1945 ,Encllirl-

1040 1968 1094 1999 clio
1131 1978 1138 1997 ι
1155 1978 1168 1995 «
1183 1966 1216 1996 Si
1233 1965 1405 2005 quaeritur:
1425 1964 1492 2001 Quo
1507 1964 1620 1994 colitur
1635 1964 1736 1994 Deus?
1748 1963 1819 1995 Res-

1039 2020 1162 2060 pondeo
1176 2030 1181 2049 :
1203 2018 1288 2055 Fide,
1306 2026 1372 2056 spe,
1390 2019 1420 2046 et
1434 2017 1597 2047 charitate.
1614 2028 1628 2044 »
1645 2017 1704 2047 Sed
1719 2017 1818 2047 virtus

1040 2083 1102 2114 qua
1125 2073 1238 2103 colitur
1261 2071 1358 2107 Deus,
1382 2072 1428 2100 est
1448 2070 1516 2109 ipsa
1537 2070 1652 2101 latria:
1669 2079 1748 2109 ergo
1771 2070 1816 2101 la-

1041 2128 1105 2158 tria
1133 2124 1371 2164 comprehendit
1396 2124 1429 2153 in
1455 2132 1487 2154 se
1515 2123 1628 2160 fidem,
1655 2132 1763 2162 spem,
1787 2126 1818 2154 et

1040 2181 1225 2211 charitatem
1244 2188 1250 2208 ε
1269 2186 1346 2215 ergo
1367 2176 1456 2206 latria
1476 2185 1540 2206 non
1562 2178 1609 2206 est
1627 2176 1730 2206 virtus
1744 2185 1815 2216 spe-

1041 2234 1142 2270 cialis,
1159 2231 1210 2261 sed
1228 2229 1395 2269 generalis.

1080 2290 1110 2317 2.
1135 2286 1212 2316 item
1237 2282 1454 2322 Augustinus,
1482 2282 1522 2312 De
1544 2281 1681 2313 Civitate
1704 2282 1782 2313 Dei⁶
1804 2291 1816 2310 .-

1045 2352 1059 2369 (ι
1083 2339 1201 2370 Verum
1226 2336 1416 2367 sacrificium
1440 2337 1487 2365 est
1510 2344 1603 2365 omne
1629 2344 1708 2374 opus
1731 2336 1816 2374 quod

1040 2393 1165 2432 agitur,
1193 2393 1229 2421 ut
1259 2392 1365 2420 sancta
1398 2388 1543 2418 societate
1566 2389 1744 2427 ¹iungamur
1775 2389 1813 2428 (α)

1041 2446 1114 2476 Deo.
1139 2455 1153 2473 »
1179 2443 1239 2474 Sed
1264 2441 1454 2472 sacrificium
1476 2442 1523 2470 est
1546 2440 1649 2470 cultus
1672 2441 1729 2471 soli
1752 2441 1814 2472 Deo

1039 2498 1180 2535 debitus,
1196 2497 1276 2527 sicut
1290 2495 1407 2525 ibidem
1422 2493 1494 2523 dicit
1510 2493 1710 2531 Augustinus
1727 2505 1733 2525 ε
1754 2494 1814 2525 hoc

1041 2557 1349 2590 AEgid.R0m.‚11¹Sent.‚
1361 2555 1418 2579 dist.
1430 2561 1466 2585 1x,
1475 2561 1499 2585 q.
1511 2560 1528 2578 11
1538 2562 1545 2585 ;
1554 2555 1721 2585 Richard.,ltl
1731 2556 1812 2586 Sent.,

1040 2595 1098 2619 dist.
1111 2601 1148 2624 ix,
1162 2601 1187 2624 q.
1200 2600 1219 2618 11
1230 2601 1237 2624 ;
1250 2592 1338 2623 steph.
1349 2590 1453 2619 Brulef„
1465 2590 1495 2614 111
1509 2591 1588 2619 Sent„
1597 2591 1655 2615 dist.
1669 2596 1706 2619 xx,
1718 2597 1743 2622 q.
1755 2596 1810 2616 vni.

1828 925 1930 946 Fundam.

1833 1927 1867 1948 Ad
1885 1934 1934 1954 opp.

1040 2631 1089 2648 -⁸
1105 2630 1221 2658 August„
1237 2626 1378 2654 Encstirid.,
1393 2632 1415 2649 e.
1430 2631 1470 2652 ιιι,
1486 2631 1511 2649 n.
1532 2627 1553 2655 1,
1569 2626 1653 2656 quoad
1666 2632 1809 2650 sensum.—
1848 2629 1853 2631 ·

1040 2666 1049 2681 ὃ
1063 2666 1137 2695 Aug„
1153 2664 1182 2687 ‹le
1198 2664 1272 2688 Ccvzl.
1291 2662 1345 2692 Dei,
1359 2661 1401 2684 ub.
1416 2660 1447 2690 X,
1463 2667 1486 2684 e.
1503 2666 1537 2691 Vi,
1552 2662 1575 2684 in
1592 2661 1671 2692 prino.
