2017 2960
37 2305 125 2328 Divisio.

832 197 1020 229 DlSTlNCT.
1045 195 1109 227 VII.

1718 200 1775 229 165

175 267 296 300 dicitur
313 278 320 298 t
341 278 357 297 «
372 265 477 298 Hodie
491 265 549 298 iste
564 266 662 310 coepit
682 277 749 298 esse
765 266 872 298 bonus
892 265 1004 307 homo,
1022 265 1073 298 vel
1094 264 1197 297 faetus
1219 267 1266 296 est
1289 263 1395 296 bonus
1409 263 1525 305 homo;
1547 277 1563 294 »
1588 275 1645 296 nec
1665 267 1772 297 tamen

176 325 271 358 hodie
285 323 382 368 coepit
395 335 462 357 esse
476 324 587 365 homo,
605 324 656 357 vel
672 324 775 357 factus
786 328 832 356 est
847 323 955 356 homo.

221 381 409 415 Secundum
427 382 504 414 istos
522 382 641 414 dicitur
668 382 828 423 Chnistus,
857 381 1037 414 seeundum
1059 382 1147 425 quod
1170 382 1281 424 homo,
1307 380 1556 443 praedestinatus
1580 390 1647 412 esse
1668 379 1772 412 Filius
1815 400 1844 422 n„

174 440 245 481 Dei,
262 440 341 484 quia
355 444 401 472 est
417 440 682 484 praedestinatum
698 453 717 472 a
731 440 775 472 Do
768 441 852 472 0111
869 444 928 472 ama
933 451 1003 480 11‚io
1021 444 1052 471 et
1067 439 1101 471 in
1117 444 1261 483 tempme
1276 439 1432 472 collatum
1448 441 1495 470 est
1503 437 1532 470 ei
1547 437 1768 481 pergratiam,

175 502 211 530 ut
225 498 292 542 ipse
307 509 364 531 ens
379 498 477 531 homo
491 499 533 531 sit
546 498 651 531 Filius
667 498 748 530 Dei:
766 497 826 530 1100
841 497 929 529 enim
947 508 1011 529 non
1031 508 1157 540 semper
1181 497 1308 538 habuit,
1334 497 1388 529 sed
1411 496 1445 528 in
1470 500 1614 540 tempore
1630 506 1739 539 pergi
1741 497 1794 528 a—
1817 501 1871 541 »ἔξω

1788 435 1849 448 §81:511
1864 437 1896 449 52¹-

1798 460 1890 480 nundum

1832 497 1840 509 ·
1865 491 1895 511 di-

174 557 251 588 tiam
282 556 414 600 accepit.
443 556 538 595 Quod
560 556 690 588 videtur
714 555 923 597 Augustinus
946 558 1072 587 notasse
1097 554 1131 586 in
1157 555 1242 587 libro
1264 555 1310 587 ad
1333 557 1528 598 Prospemm
1552 559 1582 587 et
1602 554 1772 586 Hilarium
1789 553 1897 579 Pfflffl

173 613 283 646 dicens
294 617 301 632 ¹
324 626 330 646 :

173 676 254 704 esset
269 672 302 704 in
318 672 438 704 viitute
452 671 556 703 Filius
571 670 640 702 Dei
660 683 676 701 »
697 670 739 702 IIi
754 670 865 710 etiam,
883 681 957 702 011111
981 670 1127 702 dicitm:

352 628 368 645 «
383 614 461 647 Prae
468 613 636 646 lestinatus
651 612 817 653 estJesus,
836 612 944 656 utqui
964 612 1097 644 futurus
1111 616 1180 644 erat
1195 612 1376 645 seeundum
1396 624 1527 645 carnem
1551 612 1640 645 lilius
1655 612 1773 653 David,
1792 618 1834 638 (111·
1845 622 1876 638 :m
1866 625 1896 638 us

1149 682 1164 700 «
1185 670 1335 702 Christus
1360 670 1468 702 minor
1483 670 1578 702 Patre
1593 670 1775 702 seeundum

173 730 260 774 quod
276 729 385 769 homo,
405 741 421 759 1)
439 728 619 761 secundum
645 728 793 760 habitum
816 727 876 760 hoc
901 728 1093 770 intelligunt
1119 728 1244 760 dictum
1268 728 1375 772 primo
1399 728 1484 760 libro
1503 727 1542 760 de
1564 727 1748 760 Trinitate²
1765 741 1775 759 .-

176 800 191 818 ((
209 787 293 820 Deus
327 787 432 819 Filius
461 786 527 819 Deo
553 786 643 819 Patri
668 790 787 818 natura
810 790 857 818 est
886 786 1036 830 aequalis,
1071 785 1188 818 habitu
1217 786 1335 818 minor.
1373 785 1410 818 In
1436 785 1542 818 forma
1575 786 1662 818 enim
1691 785 1777 818 servi

172 845 279 878 minor
293 848 340 877 est
354 845 450 877 Patre
468 857 475 886 3
493 844 650 877 informa
674 844 731 877 Dei
754 848 802 876 est
825 844 962 888 aequalis
993 844 1094 876 Patri.
1114 856 1130 874 1)
1154 843 1194 876 Et
1216 844 1295 888 quia
1319 844 1501 877 seeundum
1524 843 1675 877 habitum
1696 843 1777 876 acci-

170 902 289 947 pienda
303 906 350 935 est
364 902 598 935 incarnationis
623 902 718 944 ratio,
743 902 815 935 ideo
841 902 946 935 Deum
972 902 1205 944 humanatum,
1231 914 1298 936 non
1317 902 1485 936 hominem
1508 902 1696 935 deificatum
1713 901 1777 935 dici

170 961 315 994 tradunt.
334 960 428 994 Unde
442 960 585 993 Joannes
609 960 830 994 Damascenns
844 961 853 977 ³

171 1018 337 1052 hominem
352 1019 486 1052 factum.
497 1031 513 1050 »

213 1077 253 1111 Et
281 1078 356 1110 licet
384 1077 512 1110 dicatur
539 1077 638 1110 homo
664 1077 764 1118 Deus,
791 1089 857 1110 non
886 1081 996 1110 tamen
1023 1088 1167 1121 congrue
1191 1077 1312 1110 dicitur
1339 1078 1438 1110 homo
1459 1077 1654 1109 dominicus.
1679 1075 1773 1109 Unde

893 1136 988 1168 «Non
1000 1136 1094 1169 video
1107 1140 1218 1168 utrum
1229 1140 1313 1168 reete
1324 1135 1451 1168 dicatur
1463 1135 1560 1168 homo
1575 1134 1770 1175 dominicus,

168 1194 227 1239 qui
238 1198 285 1226 est
296 1193 454 1226 mediator
468 1193 526 1226 Dei
536 1198 566 1226 et
580 1193 753 1226 hominum
769 1193 1030 1235 ChristusJesus,
1040 1205 1116 1226 cum
1126 1194 1167 1226 sit
1181 1194 1296 1238 utique
1311 1193 1473 1226 Dominus
1486 1197 1535 1226 :et
1549 1192 1609 1225 1100
1623 1192 1771 1236 quidem,

169 1136 376 1179 Augustinus
388 1135 422 1167 in
443 1135 527 1167 libro
543 1135 831 1168 Retractatc'omcm
845 1137 855 1153 ⁶
869 1148 874 1167 :

872 973 878 993 1
901 974 916 991 (1
931 960 1005 994 Non
1027 960 1194 993 hominem
1222 960 1411 994 deificatum
1429 961 1581 1003 dicimus,
1599 961 1654 993 sed
1669 960 1774 993 Deum

1809 1081 1874 1105 Quod

1799 1120 1840 1132 uon
1851 1114 1888 1132 (le-

1802 1145 1836 1163 bet
1847 1145 1889 1164 dici

1796 1207 1892 1227 misticus.

168 1257 205 1285 ut
219 1252 373 1294 dicerem,
391 1252 477 1296 apud
494 1251 654 1296 quosdam
669 1251 733 1294 legi
754 1251 930 1284 catholicos
956 1256 1155 1284 tractatores.
1174 1251 1238 1284 Sed
1254 1251 1456 1295 ubicumque
1474 1251 1534 1283 hoe
1558 1250 1639 1291 dixi,
1654 1250 1773 1283 dixisse

168 1322 220 1343 nie
240 1310 374 1343 nollem.
399 1310 514 1342 Postea
537 1310 659 1354 quippe
687 1309 756 1342 vidi
777 1321 842 1342 non
867 1321 934 1342 esse
959 1310 1148 1351 dicendum,
1174 1310 1327 1354 quamvis
1351 1309 1515 1341 nonnulla
1536 1309 1635 1353 possit
1649 1308 1774 1340 ratione

167 1368 310 1402 defendi.
331 1381 347 1398 1)
364 1367 553 1401 Secundum
570 1368 647 1400 istos
662 1368 760 1400 etiam
776 1367 895 1401 dicitur
921 1379 1058 1412 persona
1084 1368 1161 1401 Filii
1185 1368 1219 1400 in
1240 1368 1370 1401 duabus
1393 1371 1424 1400 et
1439 1379 1479 1400 ex
1493 1367 1623 1400 duabus
1638 1367 1775 1399 existere

167 1427 294 1460 naturis
323 1426 504 1459 seeundum
540 1426 773 1460 adhaerentiam
806 1431 836 1459 et
864 1426 1104 1460 inhaerentiam.
1146 1427 1260 1460 Altera
1296 1426 1383 1459 enim
1422 1425 1567 1459 adhaeret
1603 1425 1645 1466 ei,
1675 1425 1776 1457 altera

167 1485 262 1518 inest.

212 1543 297 1576 Satis
328 1543 501 1586 diligenter
521 1543 617 1587 juxta
639 1542 845 1576 diversorum
869 1543 1064 1576 sententiam
1097 1554 1197 1587 supra
1221 1543 1361 1587 positam
1385 1543 1508 1587 absque
1539 1541 1715 1574 assertione
1743 1545 1775 1574 et
1818 1561 1878 1584 unua

1790 1593 1891 1617 'melficta

166 1601 358 1646 praejudicio
376 1601 586 1634 tractavimus
601 1602 829 1645 quaestionem.
843 1601 1082 1635 Verumtamen
1098 1602 1175 1634 nolo
1193 1601 1226 1633 in
1241 1604 1329 1634 tanta
1354 1612 1388 1633 re
1410 1605 1567 1644 tanquam
1582 1600 1622 1633 ad
1637 1611 1773 1643 cognos-
1788 1629 1828 1643 Μ
1840 1624 1895 1644 Μῆ-

1786 1658 1845 1674 rilint
1868 1657 1894 1676 ad

165 1659 305 1692 cendum
321 1659 446 1692 difficili
462 1663 577 1703 putare
592 1659 759 1697 lectorem,
773 1659 867 1691 istam
883 1659 943 1691 sibi
961 1663 1105 1692 nostram
1124 1659 1242 1692 debere
1257 1659 1407 1692 sufficere
1422 1658 1696 1703 disputationem:
1715 1657 1771 1690 sed
1797 1692 1876 1706 ww

165 1717 252 1760 legat
279 1721 310 1750 et
337 1717 402 1750 alia
434 1717 517 1750 ferte
542 1717 660 1750 melius
683 1717 887 1749 considerata
912 1721 1009 1761 atque
1038 1720 1184 1759 tractata,
1212 1721 1242 1750 et
1271 1729 1309 1750 ea
1332 1729 1407 1761 quae
1431 1717 1483 1750 hie
1522 1728 1654 1749 movere
1697 1728 1772 1760 pos·
1793 1724 1801 1735 ⁵

165 1780 254 1817 sunt,
293 1776 501 1819 vigilantiore
529 1780 626 1820 atque
667 1776 936 1819 intelligentiore,
962 1776 989 1808 si
1018 1780 1134 1820 potest,
1166 1780 1275 1808 mente
1306 1775 1459 1808 discutiat

1804 1718 1892 1738 comtum

1813 1748 1865 1769 lianc

1786 1779 1887 1802 quaestiu-

1813 1816 1870 1831 neni.

1491 1788 1497 1807 :
1529 1775 1590 1808 hoc
1628 1777 1771 1811 firmiter

165 1838 290 1877 tenens,
322 1834 440 1879 quod«
469 1834 575 1867 Deus⁵
603 1834 774 1867 hominem
803 1834 991 1878 assumpsit,
1027 1834 1125 1867 homo
1154 1834 1188 1866 in
1217 1834 1324 1867 Deum
1352 1833 1517 1876 transivit,
1548 1846 1615 1868 non
1644 1840 1773 1869 naturae

164 1893 389 1935 versibilitate,
407 1893 461 1925 sed
480 1892 540 1926 Dei
563 1892 754 1936 dignatione
773 1905 779 1925 :

806 1897 842 1925 ut
867 1904 926 1925 nee
955 1893 1043 1926 Deus
1069 1896 1255 1925 mutaretur
1278 1892 1314 1925 in
1345 1892 1527 1925 humanam
1556 1893 1773 1927 substantiam

164 1951 359 1984 assumendo
385 1951 564 1992 hominem,
589 1962 648 1984 1100
675 1951 774 1984 homo
795 1952 830 1984 in
853 1951 1001 1984 divinam
1022 1951 1224 1994 glorificatus
1251 1950 1287 1983 in
1314 1950 1433 1993 Deum,
1463 1950 1543 1995 quia
1562 1952 1700 1985 mutatio
1721 1953 1773 1986 vel

165 2008 360 2042 versibilitas
374 2014 502 2042 naturae
514 2009 770 2042 diminutionem
786 2013 817 2042 et
832 2009 1073 2043 absolutionem
1099 2009 1274 2042 subtantiae
1296 2009 1384 2042 facit.
1399 2021 1415 2040 »

348 2120 555 2152 EXPOSITIO
577 2120 741 2152 TEXTUS.

188 2205 333 2229 Secundum
348 2204 457 2236 primam
472 2211 534 2229 vero
550 2204 642 2230 dieitur
656 2206 724 2229 Deus
737 2205 818 2230 factus
827 2224 834 2237 ,
852 2208 898 2230 ete.

196 2281 300 2321 Supra
325 2281 470 2312 narravit
489 2281 640 2322 Magister
661 2282 837 2313 multorum
862 2283 933 2322 opi-

155 2334 282 2373 niones;
300 2335 332 2365 in
350 2335 410 2366 hac
430 2337 518 2375 parte
542 2335 677 2375 applicat
699 2336 738 2366 ad
760 2336 933 2376 principale

156 2389 352 2428 propositum
365 2412 373 2427 ‚
387 2388 534 2419 videlicet
554 2389 594 2419 ad
615 2389 819 2429 explicandas
835 2390 934 2421 ambi-

157 2449 239 2479 guas
259 2442 445 2473 locutiones.
472 2442 629 2474 Dividitur
649 2445 757 2474 autem
780 2453 852 2484 pars
874 2444 933 2474 ista

157 2493 190 2523 in
202 2497 306 2533 partes
320 2497 384 2526 tres
399 2495 576 2526 secundum
592 2496 659 2526 illas
676 2498 739 2527 tres
754 2497 930 2536 opiniones,

157 2547 190 2577 in
214 2556 350 2587 quarum
374 2549 478 2588 prima
496 2549 630 2589 explieat
645 2550 819 2581 locutiones
833 2551 933 2581 ambi-

191 2646 197 2662 ¹
211 2646 284 2675 Aug„
298 2645 327 2667 dr?
339 2646 454 2670 Pra-dnvt.
475 2648 569 2676 Sanct„
583 2654 606 2671 0.
620 2653 663 2678 XV,
678 2655 706 2672 n.
721 2650 760 2672 3¹.
771 2662 801 2666 —-
818 2650 828 2665 ²
843 2649 932 2677 1d.,d1›

160 2681 312 2712 T1·1111‘t.‚lit>.
326 2682 461 2713 l,c.v11,n.
475 2685 541 2708 ΗΓ»
554 2684 564 2699 ³
575 2684 738 2714 Damas-astte
748 2685 929 2715 Orthozlstzm,

993 2130 1075 2161 guas
1096 2121 1274 2152 seeundum
1293 2121 1478 2161 opinionem
1501 2122 1659 2162 primam:
1677 2123 1710 2153 in
1727 2132 1774 2154 se-

991 2175 1097 2206 cunda
1123 2184 1217 2213 vero,
1245 2175 1422 2206 seeundum
1449 2175 1632 2215 opinionem
1660 2186 1772 2208 seeun-

991 2228 1076 2267 dam,
1098 2229 1143 2259 ihi
1160 2239 1168 2259 ι
1184 2229 1223 2260 ln
1242 2228 1382 2260 secunda
1404 2236 1475 2261 vero
1496 2231 1655 2262 sementia
1673 2230 1770 2269 hujus

991 2282 1203 2322 traditionis,·
1226 2283 1259 2313 in
1279 2283 1371 2313 tertia
1390 2292 1479 2320 vero,
1506 2285 1685 2315 seeundum
1709 2287 1769 2315 ter-

991 2336 1085 2374 tiam,
1102 2336 1147 2366 ibi
1165 2347 1170 2367 z
1189 2337 1228 2367 In
1241 2336 1300 2368 hac
1317 2344 1388 2376 erqo
1407 2338 1567 2370 sententia
1581 2338 1628 2369 sic
1643 2338 1768 2370 dicitur

990 2390 1071 2421 Deus
1085 2390 1190 2429 factus
1204 2389 1310 2428 homo,
1326 2392 1384 2420 etc.
1401 2389 1509 2421 Prima
1530 2400 1602 2431 pars
1616 2391 1768 2422 dividitur

989 2443 1022 2473 in
1044 2443 1143 2480 duas,
1164 2443 1199 2474 in
1223 2453 1361 2483 quarum
1387 2444 1493 2483 prima
1512 2445 1607 2484 juxta
1626 2445 1767 2481 primam

989 2497 1178 2528 sententiam
1194 2497 1364 2537 ambiguas
1378 2497 1553 2529 locutiones
1568 2498 1717 2538 exponit3
1732 2498 1765 2529 in

988 2551 1127 2582 secunda
1141 2560 1218 2583 vero
1233 2561 1280 2590 ea,
1298 2560 1371 2591 quae
1386 2551 1544 2591 praedictae
1564 2551 1707 2592 opinioni
1720 2553 1766 2584 vi-

988 2651 1031 2674 lib.
1046 2651 1087 2680 111,

987 2687 997 2703 ³>
1008 2686 1134 2716 Geunad.,

1103 2658 1123 2673 (1Δ
1138 2657 1204 2674 11.-
1218 2651 1226 2666 >⁷⁹
1243 2651 1315 2680 Aug„
1335 2651 1448 2679 linimen,
1463 2650 1505 2672 1111.
1525 2651 1542 2674 Ι,
1558 2659 1578 2673 (ς.

1149 2686 1179 2709 [le
1195 2686 1260 2710 Ecrlv
1278 2685 1370 2716 doymi„
1384 2691 1404 2708 c.
1424 2691 1449 2708 u.

1596 2657 1692 2681 iusti,
1708 2653 1761 2675 8.—
