2017 2960
562 186 660 219 DlST.
684 186 737 218 Ill.
762 185 875 218 PAnT.
901 190 922 217 1.
949 186 1038 218 ART.
1064 186 1087 218 1.
1112 186 1262 224 QUAEST.
1288 187 1325 218 ll.
1708 193 1747 222 65

136 255 237 296 ipsam
254 254 400 286 habenda
414 253 454 284 sit
473 253 611 292 devotio,
628 254 730 285 multo
748 255 851 294 major
866 255 913 284 ta-

136 317 208 339 men
223 309 270 338 est
288 306 432 338 habenda
448 316 526 344 erga
545 307 673 344 Filium,
688 317 727 338 ex
743 317 806 348 quo
821 310 867 338 est
884 308 912 338 ei

134 361 237 391 omnis
260 360 363 391 honor
385 361 416 389 et
442 359 555 398 gloria.
582 360 617 390 lit
640 360 728 398 ideo,
751 361 828 400 quia
852 360 912 391 lion

132 415 250 454 spectat
272 413 311 443 ad
335 412 541 443 excellentem
569 413 756 450 dignitatem
785 414 910 452 Christi,

132 466 216 507 quod
241 467 306 506 ipse
322 468 367 496 cst
383 466 528 497 omnium
548 466 737 506 Redemptor
751 469 782 497 vt
797 467 910 497 Salva-

132 522 196 557 tor,
218 522 249 550 et
263 520 347 560 qnod
365 520 430 559 ipso
444 520 594 550 omnibns
608 520 735 559 apernit
750 521 886 559 januam
901 544 908 557 ,

130 575 161 604 et
185 574 270 614 quod
295 574 380 613 ipse¹
407 582 490 605 unus
515 582 572 613 pro
595 574 741 606 omnibns·
765 578 910 606 mortuus

130 629 192 663 est.
215 627 399 657 nullatcnus
429 627 469 657 al·
497 627 557 657 hac
585 626 791 666 generalitate
819 627 909 657 beatu

130 679 228 719 Virgo
245 679 342 710 Maria
357 679 553 710 excludenda
568 682 632 717 est,
649 690 689 711 ne
704 681 782 711 ‹lnm
798 681 910 711 matris

129 732 313 764 excellentia
328 732 512 772 ampliatur,
530 732 586 763 sslii
602 733 706 772 gloria
721 733 906 771 minuatum

127 788 158 817 et
171 786 214 817 sic
233 786 265 816 in
290 785 342 816 illo
367 787 468 816 mater
483 788 691 826 provocetur,
714 795 788 825 quae
805 786 908 825 magis

127 839 198 870 vult
214 839 317 870 fllium
333 839 440 870 extolli
465 842 495 870 vt
521 840 684 877 honorari,
700 849 798 880 quam
825 841 908 880 srip-

127 902 207 932 sam,
224 894 333 933 utpote
348 893 528 924 Creatorem
551 897 706 925 creatura.
734 893 813 924 Huic
829 903 907 933 ergo

127 946 275 986 positioni
300 946 500 978 adliaerentes
518 950 646 987 propter
663 948 816 978 bonorem
831 947 906 978 Jcsu

127 999 240 1030 Christi
253 1024 260 1035 ,
277 1000 333 1039 qui
349 1000 382 1031 in
398 1000 485 1031 nnllo
501 1001 688 1040 praijinlicat
704 1001 819 1031 honori
836 1010 905 1031 ma-

127 1053 200 1091 tris,
228 1053 306 1084 dum
336 1053 421 1084 nlius
451 1056 585 1085 matrum
618 1054 907 1094 incomparabiliter

127 1106 262 1143 vxcellit,
278 1109 454 1143 teneamus,
472 1107 648 1138 secundum
665 1107 749 1147 quod
763 1117 906 1138 commu-

127 1159 175 1189 nis
198 1159 306 1199 opinio
329 1162 430 1197 tenet,
459 1160 601 1199 Virginis
622 1160 904 1191 sauctisseationvn1

126 1212 220 1243 fuisse
236 1215 304 1252 post
322 1213 488 1252 originalis
507 1214 625 1253 peccati
642 1214 902 1244 contractionem.

127 1264 213 1296 Unde
237 1266 376 1297 rationes
404 1267 464 1297 hoc
494 1267 663 1307 probantes
695 1267 904 1298 concedendae

124 1322 211 1350 sunt.

166 1377 194 1405 1.
212 1374 260 1405 Ad
276 1374 353 1405 illud
363 1375 448 1415 quod
462 1375 636 1415 opponitur
648 1375 679 1406 in
691 1375 901 1414 contrarium,

124 1428 211 1468 quod
233 1429 328 1468 virgo
351 1429 522 1469 purissima
543 1430 614 1467 suit,
631 1430 802 1461 dicendum
817 1430 902 1469 quod

125 1481 185 1512 tria
198 1482 388 1513 attendenda
404 1486 478 1514 sunt
493 1483 525 1514 in
542 1484 595 1514 illa
616 1484 813 1515 auctoritate.
832 1484 901 1514 Pri-

124 1544 188 1573 mo,
201 1535 279 1575 quia
291 1535 366 1566 dicit
381 1549 395 1565 α
409 1537 468 1567 sub
485 1536 546 1567 Deo
563 1548 596 1567 z»
615 1540 645 1568 et
660 1539 692 1568 in
708 1538 767 1569 hoc
783 1538 900 1576 innuit,

124 1588 210 1628 quod
232 1589 331 1620 defuit
345 1599 363 1620 a
388 1590 523 1630 puritate
540 1590 651 1622 Christi
670 1602 676 1620 :
694 1593 725 1622 et
747 1591 818 1621 ideo
841 1591 903 1621 ali-

124 1651 223 1682 quam
240 1643 399 1674 marulam
418 1643 540 1680 habuit,
557 1643 607 1674 vel
622 1644 814 1683 originalem
825 1668 833 1683 ,
852 1644 901 1675 vel

123 1696 280 1727 actualem
297 1708 304 1727 ε
321 1706 385 1728 non
407 1697 563 1728 actualem
575 1721 583 1734 ,
599 1700 634 1728 ut
653 1698 773 1738 patebit
789 1707 797 1728 :
822 1707 901 1738 ergo

123 1750 322 1790 originalem.
350 1750 421 1782 Ideo
445 1751 516 1782 vult
539 1751 660 1789 dicere,
687 1752 773 1792 quod
800 1752 902 1783 caruit

121 1803 210 1834 omni
230 1804 357 1835 macula
378 1804 510 1842 actuali,
536 1814 600 1835 non
624 1805 787 1845 originali.
805 1805 901 1837 Aliud

120 1857 349 1890 attendendum
364 1861 412 1889 est
425 1858 510 1898 quod
523 1859 650 1897 dicitur,
665 1859 751 1899 quod
771 1871 785 1889 α
798 1860 901 1899 maior

120 1911 232 1952 nequit
254 1912 405 1951 intelligi,
423 1923 437 1940 n
458 1912 578 1943 scilicet
599 1912 841 1944 rationabiliter.
860 1913 899 1943 ll-

120 1964 175 1996 lud
207 1965 293 1996 enim
325 1965 440 1997 dicitur
473 1966 609 2005 intelligi
647 1967 878 1998 rationabiliter
890 1991 897 2005 ‚

121 2018 206 2059 quod
229 2019 461 2050 rationabiliter
476 2019 637 2059 cogitatur
663 2020 712 2051 vel
735 2020 898 2060 cognosci-

121 2073 191 2110 tur;
214 2074 245 2103 et
269 2072 348 2103 illud
373 2081 438 2103 non
464 2073 694 2104 rationabiliter
723 2073 898 2113 cogitatur,

120 2124 205 2165 quod
226 2127 300 2156 nata
319 2125 358 2156 de
380 2125 543 2166 voluptate
565 2126 627 2156 viri
645 2129 749 2158 careat
773 2130 900 2167 peccato

120 2177 281 2217 originali.
309 2176 472 2209 Postremo
494 2178 724 2210 attendendum
745 2181 792 2210 est
814 2180 898 2220 quod

120 2229 207 2269 dicit,
223 2230 309 2271 quod
324 2230 362 2262 de
378 2233 478 2262 matre
496 2231 666 2271 purissima
684 2233 765 2263 sacta
780 2236 826 2264 est
848 2233 900 2264 illa

120 2283 284 2324 conceptio
301 2295 307 2316 :
325 2284 358 2315 in
374 2293 439 2324 quo
455 2285 573 2322 innuit,
590 2285 675 2325 quod
691 2286 760 2317 haec
773 2296 900 2318 summa

120 2338 240 2378 puritas
264 2341 311 2369 est.
333 2339 478 2378 ponenda
505 2339 537 2369 in
563 2348 600 2370 ea
624 2349 681 2380 pro
701 2342 843 2381 tempore
866 2341 899 2372 in

120 2399 185 2431 quo
210 2391 354 2432 concepit
380 2391 495 2423 Filium
519 2392 572 2424 Dei
591 2395 647 2424 :et
670 2395 745 2424 tunc
767 2394 900 2425 omnino

122 2444 288 2483 purificata
309 2448 339 2476 et
354 2445 566 2477 mundissima
580 2446 656 2485 ruit,
679 2447 762 2478 sicut
783 2447 901 2488 patebit

123 2497 216 2530 infra.
232 2498 269 2531 Et
290 2499 360 2531 ideo
382 2509 447 2531 non
470 2500 615 2540 sequitur
637 2500 738 2541 ipsam
762 2501 901 2532 caruisse

125 2551 275 2591 originali
290 2543 394 2594 culpa.

166 2607 197 2636 2.
221 2606 265 2637 Ad
287 2607 365 2639 illud
388 2607 473 2648 quod
497 2608 687 2648 opponitur,
703 2610 787 2650 quod
815 2610 902 2641 nulla

159 2667 167 2684 ⁸
190 2667 209 2692 ΙΙ
222 2667 290 2697 Cor„
307 2674 330 2699 v,
347 2670 417 2694 14.—
430 2669 503 2694 'Ar-t.
519 2676 707 2702 seq.,=1.in.—
719 2671 728 2688 ²
740 2672 806 2701 Luc„
823 2678 847 2702 1,
861 2673 899 2695 37.

288 2721 363 2744 rou.
385 2722 431 2745 tv.

968 254 1113 284 habenda
1127 257 1173 284 est
1187 254 1323 294 qua¹sti0
1336 277 1343 290 ‚
1360 263 1434 284 cum
1450 254 1560 293 agitur
1582 255 1620 285 de
1637 265 1746 295 pecca-

969 307 1024 344 tis,
1049 308 1226 338 secundnm
1255 307 1389 338 verbum
1419 307 1615 345 Augustinh
1637 308 1745 339 dicen-

967 360 1043 391 dum
1060 360 1144 400 quod
1164 360 1366 399 Augustinus
1383 360 1531 399 intelligit
1555 360 1593 391 dc
1617 365 1744 401 peccato

966 414 1079 444 actuali
1094 438 1101 450 ,
1123 424 1186 444 non
1210 414 1371 454 originali,
1387 413 1469 444 sieut
1491 415 1575 453 patet
1600 424 1640 445 ex
1663 416 1744 446 serie

966 466 1107 497 littei-212¹.

1006 525 1035 550 tt.
1054 521 1099 550 Ad
1125 520 1202 550 illud
1225 521 1309 560 quod
1330 521 1499 560 objicitur,
1527 522 1613 562 quod
1640 522 1744 554 bonor

966 573 1075 603 matris
1098 575 1232 604 rel'ertur
1255 574 1293 603 ad
1321 574 1434 611 tilium,
1463 575 1631 606 dicendum
1658 576 1743 616 quod

966 635 1078 657 verum
1093 629 1156 664 ‹⁴st;
1176 636 1238 656 non
1256 629 1363 657 tamen
1377 628 1522 667 sequitur
1536 628 1621 668 quod
1637 629 1743 659 omnis

965 678 1067 709 lionor
1081 679 1137 719 qni
1157 680 1341 711 attribuitur
1357 680 1422 711 sslio
1435 705 1443 717 ,
1460 681 1683 713 attribuendus
1704 682 1744 713 sit

964 732 1068 769 matri,
1085 733 1162 772 quia
1186 733 1229 763 sic
1251 742 1314 763 non
1340 736 1421 765 esset
1444 734 1548 765 sslium
1570 735 1741 771 bonorare,

963 786 1014 816 sed
1043 786 1148 825 potius
1175 787 1239 817 nno
1264 788 1492 818 contumeliam
1516 788 1638 827 facere,
1663 789 1742 820 dnm

963 838 1130 876 bonorem,
1149 839 1208 869 sibi
1226 839 1283 870 soli
1307 840 1462 878 debitum,
1479 841 1552 881 quis
1574 842 1627 872 alii
1652 843 1742 873 attri-

964 891 1083 922 bueret.
1104 892 1140 922 Et
1161 894 1237 933 quia
1259 893 1310 924 hic
1333 894 1451 930 honor,
1475 895 1592 926 scilicet
1619 895 1741 927 immu-

963 954 1035 975 nem
1062 955 1128 976 esse
1151 946 1191 976 al)
1217 947 1305 977 omni
1333 950 1460 987 peccato
1484 950 1549 979 tam
1570 949 1740 989 originali,

961 1009 1058 1038 quam
1075 1000 1202 1038 actuali,
1217 1000 1316 1031 solius
1334 1000 1402 1031 Filii
1418 1001 1470 1032 Dei
1486 1005 1543 1039 est,
1563 1003 1639 1042 quia
1655 1003 1741 1034 solus

962 1055 1131 1092 conceptus
1145 1056 1191 1083 cst
1204 1054 1241 1083 dc
1256 1052 1376 1093 Spiritu
1393 1054 1508 1085 Sancto
1519 1079 1526 1093 ,
1544 1058 1574 1086 et
1590 1058 1685 1087 natus
1702 1056 1740 1088 de

965 1105 1111 1143 Virgine:
1125 1107 1194 1137 idco
1212 1106 1333 1146 Virgini
1348 1108 1588 1139 attribuendum
1603 1119 1666 1140 non
1682 1112 1738 1141 est.

960 1159 1130 1189 Sufficiunt
1141 1160 1227 1190 enim
1240 1159 1363 1199 Virgini
1381 1161 1451 1191 aliae
1467 1161 1649 1201 dignitateS,
1661 1172 1741 1202 quas

959 1212 1019 1242 sibi
1036 1213 1134 1244 Filius
1148 1214 1418 1252 communicavit,
1444 1217 1475 1245 et
1496 1216 1600 1254 dedit3
1618 1217 1649 1246 in
1668 1217 1741 1257 qui-

960 1265 1020 1296 bus
1035 1267 1258 1306 superexcellit
1272 1277 1384 1299 omnes
1405 1268 1565 1299 humanas
1580 1269 1689 1301 laudes
1710 1272 1741 1301 et

959 1319 1143 1351 devotiones
1157 1331 1163 1351 z
1180 1323 1210 1351 ct
1225 1321 1294 1351 ideo
1310 1331 1373 1351 non
1388 1325 1511 1362 oportet
1525 1332 1626 1353 novos
1640 1323 1740 1354 hono-

959 1383 1009 1404 res
1031 1376 1216 1414 eonsingerc
1241 1375 1279 1405 ad
1305 1375 1461 1406 honorem
1486 1375 1638 1416 Virginis,
1665 1387 1738 1418 quae

958 1437 1023 1458 non
1048 1428 1170 1467 indiget
1186 1432 1293 1460 nostro
1316 1430 1498 1468 mendacio,
1516 1439 1590 1470 quae
1613 1433 1739 1462 tantum

960 1482 1052 1522 plena
1068 1486 1114 1513 cst
1132 1483 1274 1514 veritate.
1285 1488 1292 1494 ”

1001 1539 1028 1566 t.
1048 1537 1095 1566 Ad
1117 1537 1196 1567 illud
1217 1537 1303 1576 quod
1322 1537 1506 1576 opponitur,
1532 1539 1618 1578 quod
1642 1539 1668 1569 si
1692 1542 1740 1570 est

959 1596 1076 1626 ponere
1089 1589 1244 1625 extrema,
1257 1590 1287 1618 et
1299 1588 1453 1626 medium,
1469 1588 1639 1620 dicendum
1652 1590 1737 1630 quod

959 1650 1072 1672 verum
1090 1643 1137 1671 est
1151 1641 1176 1671 si
1191 1641 1330 1672 medium
1346 1641 1425 1672 illud
1443 1645 1555 1673 natum
1569 1643 1609 1673 sit
1623 1644 1737 1674 confici

957 1704 997 1725 ex
1015 1695 1168 1726 extremis
1187 1695 1367 1726 secundum
1381 1696 1527 1726 debitum
1544 1696 1692 1728 ordinem
1706 1700 1737 1728 et

957 1749 1204 1788 congruentiam
1222 1760 1228 1780 z
1245 1757 1308 1779 non
1324 1749 1370 1779 sie
1384 1751 1492 1780 autem
1507 1750 1602 1780 estin
1618 1759 1736 1791 propo-

956 1802 1016 1833 sito
1033 1812 1040 1832 :
1062 1811 1139 1833 nam
1161 1811 1278 1842 ponere
1300 1811 1430 1833 causam
1448 1803 1516 1833 sine
1535 1802 1667 1841 effectu,
1685 1804 1736 1835 vel

956 1856 1106 1887 effectum
1129 1855 1199 1886 sine
1222 1864 1329 1894 causa,
1354 1865 1419 1887 non
1441 1856 1603 1895 convenit,
1632 1865 1736 1898 neque

956 1909 1071 1941 decens
1086 1911 1143 1940 est.

997 1965 1026 1995 5.
1045 1963 1095 1995 Ad
1112 1964 1191 1995 illud
1207 1965 1293 2005 quod
1313 1965 1497 2005 opponitur,
1513 1965 1599 2005 quod
1618 1966 1735 1997 saneti-

956 2017 1060 2049 ficatio
1082 2018 1182 2049 beatae
1203 2017 1345 2058 Virginis
1366 2017 1492 2049 excellit
1509 2018 1735 2051 sanctificatio-

956 2080 1030 2102 nem
1050 2071 1189 2103 aliorum
1208 2071 1399 2103 Sanctorum
1414 2074 1572 2112 quantum
1591 2072 1631 2104 ad
1649 2073 1735 2104 nati-

956 2125 1087 2157 vitatem
1107 2135 1148 2157 ex
1167 2127 1270 2164 utero,
1291 2128 1323 2156 et
1341 2125 1545 2163 celeritatem,
1565 2126 1735 2158 dicendum

956 2179 1041 2219 quod
1058 2188 1174 2210 verum
1189 2181 1252 2217 est;
1268 2181 1492 2211 verumtamen
1508 2188 1574 2211 non
1590 2180 1736 2220 sequitur

959 2241 999 2262 ex
1016 2231 1075 2263 boc
1089 2232 1174 2272 quod
1189 2232 1384 2263 sanctificata
1399 2232 1495 2264 fuerit
1511 2233 1543 2264 in
1561 2233 1664 2273 primo
1682 2233 1734 2264 in-

958 2285 1052 2316 stanti
1077 2286 1246 2316 creationis
1266 2286 1401 2323 animae,
1426 2286 1500 2326 qnia
1523 2295 1588 2317 non
1612 2287 1735 2318 excellit

957 2339 1016 2370 nisi
1033 2341 1191 2380 quantum
1206 2339 1305 2371 decet.

998 2397 1028 2424 6.
1053 2393 1102 2425 Ad
1125 2393 1204 2424 illud
1227 2394 1313 2434 quod
1336 2394 1522 2434 opponitur,
1547 2406 1562 2424 α
1585 2393 1736 2425 Possibilc

957 2447 1017 2478 suit
1032 2447 1066 2478 in
1082 2447 1186 2488 primo
1202 2448 1331 2478 instanti
1345 2448 1484 2488 gratiam
1500 2448 1637 2487 infundi,
1654 2458 1669 2476 n
1687 2448 1737 2479 di-

957 2501 1093 2532 cendum
1109 2501 1194 2541 quod
1215 2501 1336 2541 absque
1351 2501 1449 2533 dubio
1468 2502 1478 2518 ³
1496 2510 1561 2533 non
1582 2504 1651 2534 erat
1671 2502 1737 2534 im-

956 2554 1106 2595 poxst'bi'le
1118 2554 1206 2595 apia!
1221 2555 1314 2587 Deum
1326 2563 1416 2587 omne
1428 2555 1565 2593 verbum,
1579 2564 1636 2586 nec
1646 2555 1736 2594 illud,

957 2609 1073 2639 scilicet
1084 2609 1168 2649 qnod
1183 2612 1284 2648 posset
1298 2609 1400 2640 facere
1414 2608 1581 2648 Virginem
1593 2609 1634 2640 ab
1646 2610 1735 2640 omni

958 2665 1085 2703 peccato
1105 2662 1285 2693 immunem
1303 2673 1309 2693 :
1334 2672 1398 2693 non
1421 2665 1528 2694 tamen
1549 2662 1610 2694 hoc
1631 2662 1739 2694 decuit

1601 2720 1619 2749 5
