2017 2960
31 2612 94 2639 Opin.
107 2613 124 2631 ¹.

594 184 691 215 DtS'l'.
714 182 834 215 XXVII.
859 179 948 212 ART.
973 179 997 210 1.
1021 157 1173 215 QUAEST.
1200 175 1252 206 ΙΙΙ.

162 253 241 284 Item
261 253 343 284 nihil
365 253 513 292 generale
536 253 572 283 fit
597 251 731 292 speciale
755 250 817 280 nisi
840 258 897 289 per

121 306 262 346 aliquam
285 306 476 337 additionem
501 317 507 336 :
532 306 586 336 sed
611 305 714 344 gratia
739 302 897 343 generalis

121 361 152 390 et
167 359 348 390 communis
362 361 409 390 est
423 359 462 390 ad
477 368 607 390 omnem
626 358 778 390 virtutem
791 368 798 394 3
818 356 896 386 cha-

121 412 198 443 ritas
218 414 326 443 autem
348 412 490 452 specialis
517 413 619 443 virtus
641 423 647 443 z
671 420 749 450 ergo
772 418 897 441 necesse

122 466 170 496 est
182 465 370 496 charitatem
385 466 507 506 aliquid
521 466 636 497 addere
649 465 734 496 ultra
748 463 895 502 gratiam.

162 518 241 549 Item
256 519 393 557 habitus,
407 520 461 559 qui
472 519 623 550 continue
635 520 681 549 est
695 518 729 548 in
743 519 815 547 actu
827 525 897 555 suo,

122 571 271 603 differens
289 575 335 603 est
349 573 389 603 ab
408 582 461 611 eo,
483 573 539 612 qui
555 582 620 603 non
636 574 682 602 est
701 571 851 602 continue
866 570 899 599 in

123 634 182 655 suo
207 627 280 656 actu
303 637 310 656 ι
334 625 387 656 sed
409 626 514 665 gratia
536 627 582 656 est
603 625 752 656 continue
774 624 806 654 in
827 625 899 653 actu

124 679 342 718 gratificandi,
363 679 499 710 charitas
523 681 631 711 autem
653 688 718 709 non
735 679 782 708 est
799 676 900 707 conti-

125 741 190 763 nue
204 733 238 763 in
254 734 326 764 actu
341 742 410 771 suo,
428 733 483 773 qui
500 735 546 764 est
560 732 692 771 diligere
708 741 715 761 :
732 739 810 769 ergo
825 730 901 760 cha-

126 786 203 816 ritas
223 788 255 817 et
275 787 378 825 gratia
400 786 506 826 aliquo
527 786 622 816 modo
644 785 797 815 differunt
818 795 824 813 :
842 783 899 813 ali-

127 833 203 878 quid
217 839 317 878 igitur
336 839 432 870 habet
449 840 482 870 in
499 848 531 870 se
546 839 682 869 charitas
693 862 701 876 ,
720 837 805 877 quod
824 839 869 867 est
884 845 902 866 a

127 892 231 931 gratia
245 892 407 924 diversum
424 904 432 924 ·.
449 902 523 923 cum
538 902 615 931 ergo
630 893 669 922 sit
684 891 811 922 habitus
826 900 900 930 gra-

127 945 244 983 tuitus,
260 946 387 977 videtur
401 947 486 986 quod
502 946 622 986 aliquid
636 946 729 976 addat
744 954 839 984 super
853 944 903 983 ip-

127 1007 196 1029 sam
210 999 359 1039 gratiam.

169 1052 248 1084 Item
261 1053 387 1084 habitus
399 1053 534 1084 aliarum
546 1053 704 1084 virtutum
719 1053 812 1083 datur
828 1051 904 1091 ipsis

129 1106 276 1144 potentiis
286 1106 324 1136 ad
337 1106 478 1146 ipsarum
490 1106 723 1146 expeditionem
739 1105 822 1135 ultra
833 1113 905 1143 gra-

131 1159 206 1190 tiam
221 1162 352 1199 gratum
368 1161 534 1191 facientem
554 1171 560 1191 :
577 1161 631 1191 sed
647 1160 694 1191 vis
712 1158 904 1198 concupisci-

129 1212 200 1243 bilis
214 1214 292 1244 adeo
307 1214 430 1252 indiget
443 1214 604 1253 expediri,
621 1213 702 1244 sicut
722 1212 884 1243 rationalis
895 1234 903 1248 ,

130 1274 204 1296 cum
225 1267 266 1296 sit
288 1269 440 1306 corrupta
462 1269 493 1297 et
514 1267 648 1297 infecta:
666 1267 692 1296 si
708 1275 786 1305 ergo
801 1266 905 1295 virtus

130 1319 296 1358 perficiens
311 1321 501 1351 rationalem
512 1344 519 1357 ,
535 1323 571 1351 ut
586 1320 680 1358 fides,
698 1320 838 1350 continet
853 1319 906 1349 ali-

130 1372 208 1411 quid
229 1374 343 1412 gratiae
364 1374 464 1413 gratis
487 1374 586 1411 datae,
611 1374 739 1405 videtur
762 1373 831 1413 pari
853 1381 903 1402 ra-

131 1424 228 1464 tione,
240 1426 305 1457 imo
321 1427 421 1457 multo
436 1427 570 1465 fortiori,
586 1427 771 1457 charitatem
787 1425 906 1465 aliquid

131 1478 247 1509 addere
264 1489 360 1519 supra
374 1481 511 1519 gratiam
528 1483 657 1519 gratum
671 1480 851 1511 facientem.

174 1531 252 1562 Item
281 1533 385 1563 omnis
419 1534 561 1572 habitus,
591 1534 648 1574 qui
670 1543 727 1573 per
750 1533 907 1564 assuefac-

133 1585 254 1615 tionem
291 1590 322 1617 et
356 1587 568 1627 frequentiam
596 1587 698 1618 reddit
733 1586 907 1627 potentiam

134 1638 306 1670 faciliorem
335 1640 375 1670 ad
400 1642 508 1671 actum
533 1641 601 1671 sine
629 1642 807 1679 augmento
832 1649 909 1679 gra-

134 1691 187 1722 tiae
222 1695 352 1731 gratum
381 1694 538 1732 facientis,
568 1694 688 1734 aliquid
713 1694 853 1724 continet
875 1694 909 1723 in

135 1753 168 1775 se
206 1748 323 1785 praeter
363 1747 501 1786 gratiam
541 1749 672 1786 gratum
706 1747 874 1778 facientem
899 1756 907 1777 :

136 1798 190 1829 sed
213 1799 351 1830 charitas
375 1802 422 1831 est
444 1800 629 1840 hujusmodi
648 1825 655 1838 ,
684 1801 766 1831 sicut
791 1803 877 1840 patet
900 1810 907 1831 :

136 1861 215 1892 ergo
235 1853 372 1884 charitas
390 1854 510 1894 aliquid
533 1854 619 1884 addit
639 1863 738 1894 supra
759 1855 908 1894 gratiam.

137 1905 245 1937 Prima
259 1908 412 1947 probatur
425 1917 481 1946 per
493 1908 553 1938 1100
562 1931 571 1946 ,
583 1908 669 1948 (111οᾱ
682 1910 771 1939 tanto
784 1909 912 1940 habitus

137 1961 184 1990 est
197 1960 375 1999 perfectior,
392 1963 511 2001 quanto
528 1962 701 2002 potentiam
719 1962 820 1993 reddit
834 1963 911 1993 faci-

138 2013 252 2044 liorem
272 2017 302 2045 et
323 2015 554 2055 expeditiorem
577 2015 616 2046 ad
638 2018 757 2046 actum.
778 2015 810 2046 Si
833 2025 912 2056 ergo

139 2065 267 2097 habitus
282 2068 443 2099 charitatis
463 2069 570 2108 aliquo
587 2069 682 2100 modo
704 2071 805 2109 potest
819 2070 914 2110 profi-

140 2129 211 2151 cere
235 2121 275 2161 (α)
295 2131 360 2152 11011
383 2123 566 2162 proficiente
588 2124 693 2163 gratia
714 2126 844 2163 gratum
867 2124 915 2154 fa-

141 2174 260 2211 ciente,
277 2176 455 2207 necessario
469 2178 593 2216 oportet
612 2186 730 2216 ponere
751 2177 836 2217 quod
850 2177 915 2208 dif-

141 2228 220 2258 ferat
234 2229 274 2259 ab
289 2239 335 2260 ea.

417 2305 641 2338 CONCLUSIO.

144 2382 204 2408 Etsi
219 2382 345 2409 nonnulli
358 2384 426 2409 satis
444 2382 626 2417 probabiliter
645 2383 738 2410 dicant
754 2385 874 2417 qratiam
895 2386 919 2410 et

180 2426 339 2453 charitatem
349 2427 403 2453 solo
413 2429 531 2462 respectu
541 2427 658 2461 differre,
666 2428 819 2462 probabilis
832 2431 921 2455 tamen

181 2472 220 2497 est
232 2472 364 2498 sententia
383 2479 471 2499 eorum
491 2473 538 2506 qui
552 2472 664 2506 dicunt,
685 2474 850 2500 essentialem
870 2474 920 2500 Ιια-

185 2515 243 2542 bere
257 2514 437 2550 differentiam
451 2516 486 2543 ab
503 2517 537 2552 (b)
554 2518 679 2543 invicem.

191 2590 284 2630 Resp.
300 2591 340 2622 ad
353 2600 424 2630 arg.
441 2591 489 2622 Ad
504 2591 732 2632 praedictorum
747 2592 924 2632 intelligen-

152 2644 229 2674 tiam
244 2646 291 2674 est
312 2644 505 2683 notandum,
524 2645 610 2684 quod
625 2645 709 2676 circa
722 2645 782 2676 hoc
803 2648 850 2676 est
864 2645 924 2676 (111-

1666 174 1723 202 607

954 247 1027 287 plex
1054 245 1168 276 modus
1196 241 1330 274 dicendi.
1355 239 1488 277 Quidam
1513 239 1599 268 enini
1623 238 1725 269 dicere

952 299 1139 335 voluerunt,
1157 296 1241 337 quod
1262 294 1399 325 charitas
1423 294 1470 322 est
1490 291 1621 322 omnino
1642 291 1725 321 idem

953 361 1027 383 cum
1038 352 1142 391 gratia
1151 360 1206 391 per
1215 348 1394 385 essentiam,
1405 346 1470 377 sola
1478 344 1630 375 relatione
1641 344 1727 374 diffe-

952 415 1026 436 rens
1043 416 1049 434 :
1066 403 1280 434 diciturenim
1291 401 1395 440 gratia
1410 400 1444 429 in
1454 400 1611 438 quantum
1626 397 1727 436 respi-

953 459 995 489 cit
1009 460 1108 488 totam
1129 457 1289 489 animam:
1307 454 1443 485 charitas
1457 461 1551 488 vero,
1567 452 1599 482 in
1622 459 1724 490 qnan-

954 513 1024 542 tum
1046 510 1131 549 regit
1145 512 1175 540 et
1194 509 1303 548 dirigit
1318 508 1516 538 voluntatem
1532 516 1538 536 ε
1557 507 1588 535 et
1603 505 1662 535 hoc
1676 504 1729 534 vi—

955 565 1047 595 detur
1071 563 1252 602 significare
1279 563 1382 601 ipsum
1410 559 1571 590 charitatis
1593 567 1729 595 nomen,

955 620 986 648 et
1002 616 1171 657 Apostolus
1195 615 1322 646 videtur
1347 614 1500 650 inuuere,
1522 614 1553 643 et
1573 612 1655 642 ratio
1677 620 1731 651 ap-

956 672 1101 712 probare.
1117 670 1240 701 Nomen
1263 669 1370 708 ipsum
1391 667 1575 706 significare
1590 666 1729 702 videtur,

956 725 1032 765 quia
1046 724 1182 754 charitas
1196 722 1310 753 dicitur
1324 731 1343 752 a
1360 721 1485 758 Charis,
1504 719 1587 758 χκρὶς
1608 727 1712 757 graece
1723 741 1730 754 ,

957 778 1043 818 quod
1061 777 1145 808 idem
1168 778 1214 807 est
1237 775 1322 816 quod
1337 775 1450 814 gratia.
1468 772 1557 803 Unde
1572 781 1646 802 cum
1663 771 1732 802 haec

958 832 1061 863 virtus
1085 840 1150 861 11011
1174 830 1289 860 habeat
1315 828 1411 858 aliam
1438 825 1690 858 nominationem
1714 833 1732 855 a

958 885 1082 924 gratia,
1100 893 1165 915 non
1186 883 1313 913 videtur
1337 880 1421 920 quod
1441 879 1559 919 aliquid
1579 878 1732 917 superad—

959 940 1011 970 dat
1030 938 1204 969 secundum
1225 946 1305 967 10111.
1321 933 1491 974 Apostolus
1506 932 1593 962 enim
1608 932 1668 961 1100
1683 931 1734 961 in-

960 993 1087 1022 sinuare
1102 991 1240 1026 videtur,
1253 998 1327 1019 cum
1341 997 1412 1018 eam
1427 985 1549 1017 caeteris
1562 984 1734 1015 virtutibus

959 1044 1126 1084 anteponit
1140 1045 1170 1073 et
1184 1042 1333 1082 supponit
1347 1052 1353 1071 :
1366 1041 1426 1071 hoc
1439 1039 1524 1070 enim
1534 1047 1597 1068 non
1606 1037 1733 1074 faceret,

960 1099 1019 1129 nisi
1042 1097 1147 1137 magis
1162 1106 1241 1136 pure
1263 1096 1395 1125 haberet
1415 1094 1571 1123 rationem
1594 1090 1680 1121 boni.
1698 1089 1736 1120 Et

960 1152 1021 1182 hoc
1042 1152 1148 1191 ipsum
1170 1151 1303 1189 ipsemet
1324 1147 1449 1183 innuit,
1466 1145 1552 1185 quod
1575 1144 1645 1175 aliae
1670 1143 1736 1173 vir-

961 1207 1044 1235 tutes
1060 1206 1191 1244 possunt
1214 1212 1281 1233 esse
1302 1202 1526 1235 infructuosae,
1544 1200 1575 1228 et
1595 1197 1735 1236 recipere

961 1257 1192 1287 admixtionem
1208 1255 1303 1292 niati,
1328 1253 1464 1283 charitas
1478 1261 1555 1282 vero
1578 1250 1710 1280 minime
1729 1260 1735 1279 :

961 1312 991 1340 et
1008 1311 1174 1349 propterea
1190 1307 1316 1337 videtur
1331 1305 1468 1336 charitas
1482 1303 1658 1334 secundum
1679 1304 1739 1332 tes-

962 1362 1133 1393 timonium
1160 1359 1370 1400 apostolicum
1392 1367 1459 1388 esse
1489 1365 1577 1387 mera
1598 1358 1628 1386 et
1658 1364 1737 1395 pura

963 1416 1067 1455 gratia
1089 1416 1218 1454 gratum
1240 1412 1372 1449 faciens,
1389 1420 1462 1441 cum
1487 1410 1526 1440 sit
1545 1410 1668 1440 honum
1685 1418 1740 1448 pu-

962 1470 1127 1500 rissimum
1142 1470 1174 1498 et
1193 1465 1509 1498 excellentissimum.
1535 1463 1625 1493 Ratio
1641 1463 1737 1493 etiam

963 1523 1138 1563 approbare
1151 1521 1295 1556 videtur,
1317 1519 1393 1559 quia
1415 1527 1489 1548 cum
1510 1517 1578 1557 ipsa
1593 1516 1741 1548 voluntas

964 1578 1004 1608 sit
1019 1585 1207 1617 supremum
1223 1575 1256 1605 in
1275 1574 1402 1610 anima,
1419 1582 1438 1603 a
1453 1582 1518 1612 qua
1540 1571 1655 1611 pendet
1678 1573 1743 1601 tota

965 1629 1119 1660 rectitudo
1133 1627 1253 1657 virium
1269 1625 1475 1661 inferiorum,
1493 1626 1523 1654 et
1539 1632 1612 1663 quae
1627 1623 1741 1653 imme-

968 1682 1051 1713 disste
1066 1682 1178 1712 unitur
1193 1679 1253 1719 ipsi
1268 1679 1330 1709 Deo
1340 1703 1348 1716 ,
1370 1678 1441 1708 ideo
1454 1676 1601 1708 vendicat
1615 1676 1675 1706 sibi
1697 1678 1743 1705 to-

966 1739 1036 1766 tum
1062 1733 1257 1774 principium
1286 1731 1485 1762 rectitudinis
1512 1741 1519 1760 :
1544 1732 1575 1760 et
1598 1730 1673 1760 hinc
1699 1731 1745 1759 est

967 1789 1051 1830 quod
1066 1789 1171 1828 gratia
1185 1796 1258 1827 quae
1272 1786 1394 1827 perficit
1407 1785 1486 1816 alias
1500 1784 1657 1824 potentias
1678 1783 1746 1814 ani-

968 1853 1049 1881 niae,
1066 1841 1244 1882 specialiori
1269 1840 1363 1870 modo
1386 1838 1509 1879 perficit
1531 1838 1742 1868 voluntatem.

968 1897 1007 1928 Et
1030 1898 1198 1936 propterea
1220 1894 1295 1924 licet
1319 1893 1396 1923 alias
1419 1891 1576 1931 potentias
1601 1890 1746 1930 perficiat

969 1959 1044 1980 cum
1058 1948 1172 1979 habitu
1193 1947 1307 1986 gratiae
1330 1945 1430 1985 gratis
1452 1944 1553 1981 datae,
1571 1943 1676 1983 ipsam
1699 1945 1746 1973 ta-

969 2012 1045 2033 men
1062 2001 1235 2041 potentiam
1256 1999 1408 2039 diligendi
1431 1998 1553 2038 perficit
1574 2006 1629 2037 per
1645 2006 1678 2028 se
1694 2008 1700 2027 :
1718 1998 1749 2027 et

970 2054 1147 2086 secundum
1162 2053 1248 2093 quod
1271 2053 1359 2082 illam
1381 2051 1521 2091 perficit,
1540 2050 1585 2080 510
1611 2050 1749 2080 charitas

971 2108 1158 2148 appellatur.
1175 2107 1214 2137 Et
1239 2106 1284 2136 sic
1310 2105 1436 2136 videtur
1459 2104 1535 2135 satis
1561 2104 1749 2134 rationabile

973 2162 1093 2198 dicere,
1110 2160 1196 2199 quod
1222 2158 1326 2198 gratia
1349 2160 1379 2188 et
1404 2158 1541 2188 charitas
1563 2157 1647 2188 idem
1674 2160 1750 2188 sunt

973 2223 1030 2255 per
1049 2213 1220 2244 essentiam
1233 2236 1239 2249 ,
1260 2214 1291 2243 et
1306 2212 1489 2242 differentes
1503 2211 1570 2242 sola
1584 2210 1747 2241 relatione.

974 2267 1013 2298 Et
1039 2267 1162 2297 ratione
1190 2266 1277 2296 illius
1310 2265 1473 2296 relationis
1500 2267 1750 2296 connumeratur

975 2330 1050 2352 cum
1064 2320 1133 2350 aliis
1147 2319 1320 2349 virtutibus
1330 2342 1338 2355 ,
1353 2320 1384 2348 et
1404 2318 1443 2348 ab
1463 2318 1507 2348 eis
1524 2318 1750 2357 distinguitur,

977 2377 1007 2404 et
1031 2373 1170 2413 quodam
1194 2372 1287 2402 modo
1311 2372 1522 2411 specificatur.
1554 2370 1589 2401 Et
1613 2380 1669 2411 per
1692 2371 1752 2402 hoc

977 2426 1127 2458 declinari
1150 2426 1225 2456 satis
1245 2425 1376 2456 faciliter
1395 2425 1546 2456 videntur
1561 2425 1701 2455 rationes
1713 2425 1753 2456 ad

978 2481 1180 2522 oppositum,
1210 2489 1282 2520 quae
1309 2480 1481 2511 ostendunt
1502 2479 1588 2519 quod
1616 2479 1754 2510 charitas

980 2534 1100 2574 aliquid
1116 2534 1209 2564 addat
1221 2542 1318 2574 supra
1333 2534 1483 2573 gratiam.
1498 2532 1568 2564 Non
1582 2533 1668 2564 enim
1682 2542 1755 2564 con-

980 2590 1107 2621 cludere
1121 2588 1273 2620 videntur
1294 2589 1488 2628 necessario,
1510 2589 1594 2629 quod
1617 2589 1755 2621 charitas

1014 2651 1126 2683 (a)Ed1⁴t.
1146 2650 1290 2682 Ven.1·153,
1306 2652 1436 2682 perficere.
1448 2664 1479 2669 -
1495 2651 1528 2682 (ὁ)
1541 2651 1585 2676 Αἰ.
1600 2651 1641 2676 ad.

1755 769 1850 789 Charitas

1775 800 1830 819 unde

1748 831 1803 850 dicta
1819 831 1854 851 sit.
