2017 2960
13 1039 115 1061 Fundam.

644 173 742 205 DlST.
765 172 816 203 ix.
840 170 931 202 ART.
958 170 979 202 1.
1004 169 1153 208 QUAEST.
1179 170 1231 202 111.

137 243 178 274 tri
193 244 372 276 dominium
393 243 567 283 majestatis
592 254 599 272 z
624 250 702 281 ergo
722 249 797 272 cum
819 239 911 270 latria

138 297 180 328 sit
201 298 304 329 cultus
327 297 482 337 maiestati
516 296 657 334 debitus,
685 295 754 336 pari
789 293 910 325 ratione

139 351 351 382 communicat
367 351 396 381 ei
409 351 510 381 latriae
525 350 659 381 cultum.

178 407 204 435 3.
227 404 306 435 Item
328 413 400 435 caro
423 403 537 435 Christi
565 402 737 434 consimilis
764 401 823 432 fuit
850 411 910 431 na·-

137 459 229 493 turae,
245 459 275 488 et
289 457 564 488 consubstantialis
575 456 662 486 carni
678 454 818 493 Virginis
836 465 842 485 ε
856 454 910 485 sed

136 510 277 541 Christus
288 511 464 542 secundum
475 511 654 541 humanam
668 510 817 539 naturam
831 507 909 538 ado-

135 563 253 594 randus
276 566 323 594 est
354 564 536 595 adoratione
570 562 671 593 latriae
698 572 704 591 :
735 569 814 599 ergo
841 560 908 599 pari

134 616 256 648 ratione
289 617 434 648 humana
466 618 581 647 natura
617 615 650 645 in
676 614 809 653 Virgine
839 614 909 652 ejus

135 672 247 701 matre.

173 727 201 755 4.
220 724 299 755 item
322 724 422 754 Filius
446 723 499 753 Dei
522 722 669 754 exhibuit
695 720 908 751 reverentiam

133 779 164 808 et
176 777 329 808 honorem
345 777 406 816 ipsi
417 776 558 815 Virgini,
582 775 664 805 sicut
688 783 755 805 sua?
778 774 872 804 matri
898 785 904 804 :

132 841 211 871 ergo
221 832 246 862 si
259 831 392 871 sthecit
406 840 450 869 se,
466 831 533 861 vult
545 839 601 870 per
613 838 810 868 consequens
822 828 907 868 quod

132 885 355 925 unusquisque
371 885 473 915 eidem
487 884 687 924 subjiciatur,
702 885 732 914 et
745 882 830 922 quod
846 883 906 913 ho-

133 947 191 969 nor
209 938 266 978 qui
289 938 348 968 sibi
375 938 590 978 impenditur,
613 937 642 967 ei
664 937 870 977 impendatur
898 948 904 968 ;

132 993 157 1022 si
171 1001 249 1031 ergo
263 992 449 1032 hujusmodi
464 995 509 1022 est
518 992 622 1029 latria,
635 991 774 1027 videtur,
784 993 844 1021 etc.

173 1045 233 1076 Sed
251 1048 360 1076 contra
382 1057 389 1076 ι
414 1045 514 1085 Virgo
537 1046 628 1076 beata
655 1045 765 1076 adorat
790 1044 907 1075 Filium

132 1109 228 1131 suum
243 1100 425 1131 adoratione
441 1100 542 1130 latriae
561 1111 567 1130 z
583 1099 634 1129 sed
655 1099 752 1129 unius
773 1100 803 1129 et
824 1099 906 1138 ejus-

132 1154 204 1184 dem
229 1154 405 1185 secundum
429 1153 573 1183 eamdem
597 1154 746 1182 naturam
767 1161 831 1182 non
860 1154 907 1182 est

130 1207 273 1246 adorare,
289 1209 320 1237 et
329 1207 453 1238 adorari
470 1218 476 1237 :
489 1206 514 1236 si
529 1215 607 1245 ergo
622 1206 654 1236 in
670 1206 761 1236 beata
773 1205 906 1245 Virgine

129 1263 177 1292 est
200 1270 264 1292 una
287 1263 412 1291 tantum
437 1263 563 1297 natura,
579 1260 706 1290 videtur
729 1259 815 1299 quod
838 1259 906 1298 ipsa

130 1324 193 1345 non
212 1315 251 1345 sit
264 1314 356 1345 latria
373 1314 543 1345 adoranda.

171 1368 250 1399 Item
263 1367 375 1399 :Beata
385 1367 485 1407 Virgo
499 1370 545 1398 est
553 1376 634 1407 pura
648 1368 792 1397 creatura
805 1377 811 1397 :
827 1375 905 1405 ergo

131 1430 194 1452 non
209 1421 343 1452 debetur
356 1421 386 1452 ei
400 1421 513 1456 honor,
531 1421 591 1451 nisi
607 1421 664 1460 qui
680 1423 725 1451 est
742 1420 825 1451 inter
841 1422 904 1451 ter-

130 1475 234 1505 minos
254 1477 409 1506 creaturae
431 1486 437 1506 :
455 1475 507 1506 sed
522 1475 580 1505 iste
602 1477 647 1505 est
667 1475 772 1505 honor
794 1474 903 1512 duliae,

129 1538 193 1559 non
209 1528 311 1559 latriae
326 1538 333 1558 :
350 1537 439 1568 ergo,
457 1531 516 1559 etc.

168 1582 246 1613 Item
270 1583 374 1613 honor
398 1582 500 1612 latriae
526 1581 669 1612 redditur
694 1581 758 1612 Deo
783 1582 905 1612 ratione

127 1645 265 1666 summae
279 1636 451 1675 maJestatis
469 1644 476 1665 ε
492 1635 545 1666 sed
561 1635 642 1665 hanc
661 1644 725 1665 non
746 1637 793 1665 est
813 1644 906 1675 repe-

128 1689 184 1720 riri
197 1690 231 1720 in
244 1689 377 1729 Virgine
398 1700 405 1720 ;
431 1698 508 1728 ergo
523 1698 589 1719 non
610 1688 736 1719 videtur
760 1689 844 1728 quod
865 1689 905 1719 sit

127 1742 214 1773 cultu
228 1743 329 1774 latriae
342 1742 514 1773 adoranda.

167 1795 246 1826 Item
271 1796 328 1836 qui
358 1796 468 1827 adorat
497 1796 638 1836 aliquem
669 1796 757 1826 cultu
785 1796 900 1834 latriae,

126 1850 293 1881 confitetur
304 1850 411 1890 ipsum
424 1859 491 1881 esse
502 1850 601 1880 Deum
615 1861 622 1880 :
635 1859 713 1889 ergo
727 1850 782 1890 qui
793 1850 904 1881 adorat

126 1903 292 1943 Virginem
304 1904 393 1935 cultu
406 1904 518 1942 latriae,
535 1904 705 1935 confitetur
720 1904 823 1944 ipsam
835 1914 903 1935 esse

126 1957 219 1988 deam
235 1967 334 1997 :ergo
348 1958 374 1987 si
394 1958 456 1988 hoc
477 1960 523 1988 est
543 1958 716 1998 impietatis
737 1958 900 1997 maximae,

129 2010 254 2042 videtur
268 2011 354 2052 quod
368 2011 476 2050 etiam,
494 2013 553 2043 ete.

393 2127 620 2161 CONCLUSIO.

127 2216 254 2245 Gloriosce
267 2218 379 2252 Virgini
388 2218 479 2245 latrioe
489 2218 614 2245 adoratio
627 2226 680 2245 non
693 2221 730 2246 est
740 2219 900 2251 exhibenda,

162 2269 220 2287 cam
231 2268 304 2296 pura
322 2263 359 2288 sit
373 2264 513 2293 creatura3
533 2261 579 2288 sed
593 2264 700 2288 tantum
721 2262 882 2297 hyperduli'a
893 2284 900 2293 ,

161 2311 220 2330 cum
233 2306 418 2330 creaturarum
429 2305 466 2331 sit
481 2305 714 2332 eccellentissimo.

166 2382 256 2425 Resp.
273 2384 312 2414 ad
326 2393 397 2424 arg.
415 2383 588 2414 Dicendum
612 2384 697 2424 quod
720 2384 901 2416 beatissima

124 2435 223 2476 Virgo
245 2436 343 2468 Maria
359 2446 440 2477 pura
455 2439 599 2468 creatura
613 2439 659 2468 est
683 2448 690 2468 :
715 2440 746 2468 et
767 2438 838 2469 ideo
860 2438 900 2469 ad

124 2489 278 2521 honorem
292 2493 323 2522 et
335 2491 459 2522 cultum
472 2489 572 2521 latriae
588 2500 654 2521 non
667 2491 807 2522 ascendit
825 2502 832 2522 :
846 2492 900 2523 sed

122 2544 275 2584 quoniam
299 2544 601 2575 excellentissimum
629 2554 749 2576 nomen
782 2545 878 2576 habet
889 2570 897 2585 ,

123 2597 167 2627 ita
180 2597 266 2636 quod
280 2597 484 2629 excellentius
497 2607 587 2638 purae
602 2600 758 2630 creaturae
779 2608 899 2630 conve·

155 2659 164 2675 ¹
180 2658 263 2683 Gloss.
277 2659 372 2690 nuperl
388 2659 457 2691 Κεφ,
470 2665 516 2683 vii.

1687 174 1746 203 205

967 239 1036 270 nire
1060 248 1124 269 non
1149 240 1249 278 potest
1266 249 1272 275 ;
1292 237 1362 268 ideo
1386 246 1451 267 non
1472 239 1598 268 tantum
1613 238 1747 270 debetur

967 292 995 322 ei
1012 292 1115 322 honor
1130 291 1237 329 duliae,
1255 291 1308 322 sed
1322 291 1533 331 hyperduliae.
1553 291 1619 323 Hoc
1636 295 1746 324 autem

966 354 1083 375 nomen
1098 348 1161 381 est,
1178 345 1263 386 quod
1286 344 1384 384 Virgo
1403 345 1558 383 existens,
1577 345 1629 376 Dei
1645 349 1747 378 mater

966 402 1012 429 est
1035 411 1041 430 ε
1066 399 1150 439 quod
1174 399 1303 439 quidem
1318 399 1361 428 ita
1384 401 1480 429 tantae
1497 398 1665 438 dignitatis
1687 402 1745 438 est,

966 452 1051 491 quod
1072 461 1137 482 non
1159 452 1264 482 solum
1284 452 1430 486 viatores,
1458 452 1511 482 sed
1530 452 1628 483 etiam
1655 462 1746 484 com-

966 505 1175 544 prehensores
1197 515 1204 543 ;
1219 514 1284 535 non
1312 505 1414 536 solum
1444 505 1601 543 homineS,
1629 515 1744 538 verum

965 558 1060 588 etiam
1075 558 1181 597 angeli
1198 567 1268 588 eam
1284 561 1493 589 revereantur
1507 559 1646 598 quadam
1659 569 1746 600 prae-

964 611 1111 650 rogativa
1126 611 1263 650 speciali.
1286 611 1335 642 Ex
1356 611 1416 641 hoc
1431 612 1518 642 enim
1542 612 1628 651 quod
1643 615 1746 645 mater

966 665 1017 696 Dei
1031 667 1088 699 est,
1102 665 1233 705 praelata
1247 668 1292 695 est
1308 665 1429 695 caeteris
1446 666 1611 703 creaturis,
1627 668 1657 696 et
1673 676 1745 698 eam

964 728 1030 757 prae
1039 719 1162 749 caeieris
1177 719 1288 749 decens
1301 721 1347 749 est
1367 718 1517 749 honorari
1534 721 1564 749 et
1579 721 1741 751 venerari.

965 769 1021 799 Hic
1036 772 1142 800 autem
1159 769 1262 800 honor
1277 770 1441 800 consuevit
1468 779 1486 799 a
1502 770 1666 809 magistris
1680 771 1744 811 hy-

964 823 1106 863 perdulia
1118 824 1236 854 vocari.
1255 823 1291 854 Et
1305 823 1457 863 accipitur
1471 824 1607 854 verbum
1616 824 1694 854 illud
1705 825 1745 856 de

964 877 1070 907 Glossa
1084 881 1104 915 ¹,
1122 878 1179 908 ubi
1201 878 1315 907 dicitur
1343 877 1429 908 dulia
1456 878 1571 917 major,
1600 880 1630 907 et
1657 878 1744 909 dulia

963 931 1080 961 minor.
1119 931 1332 962 Concedendae
1364 934 1438 962 sunt
1471 941 1549 970 ergo
1584 932 1743 970 rationes,

962 986 1046 1024 quod
1061 985 1187 1025 Virgini
1202 985 1311 1017 Mariae
1327 996 1392 1016 non
1407 986 1447 1016 sit
1459 986 1661 1017 exhibendus
1677 987 1744 1018 cul-

963 1041 1014 1069 tus
1031 1039 1143 1070 latriae.

1003 1096 1031 1123 11.
1050 1093 1097 1123 Ad
1114 1093 1192 1123 illud
1207 1102 1283 1123 vero
1307 1093 1392 1132 quod
1409 1094 1514 1133 primo
1539 1094 1689 1134 objicitur
1711 1094 1746 1125 in

962 1147 1170 1184 contrarium,
1186 1147 1272 1186 quod
1299 1147 1401 1177 honor
1418 1147 1525 1177 Matris
1547 1148 1683 1178 refertur
1706 1147 1746 1178 ad

962 1199 1092 1236 Filium,
1105 1200 1274 1231 dicendum
1300 1200 1386 1239 quod
1406 1201 1561 1231 honorem
1579 1201 1691 1231 referri
1706 1200 1746 1231 ad

961 1252 1100 1292 aliquem
1115 1255 1161 1283 est
1176 1253 1344 1292 dupliciter
1365 1264 1371 1283 ε
1389 1255 1441 1283 aut
1463 1253 1544 1283 sicut
1559 1253 1597 1283 ad
1616 1253 1744 1292 subjec-

962 1308 1043 1343 tum,
1059 1309 1114 1336 ant
1142 1306 1223 1336 sieut
1243 1306 1282 1336 ad
1300 1306 1410 1336 finem.
1438 1306 1548 1336 Honor
1564 1308 1672 1336 autem
1689 1307 1745 1346 qui

964 1360 1133 1391 exhibetur
1145 1359 1248 1395 Matri,
1262 1359 1399 1390 refertur
1417 1359 1457 1390 ad
1473 1359 1591 1390 Filium
1609 1360 1691 1390 sicut
1705 1360 1744 1390 ad

961 1414 1073 1450 finem;
1084 1413 1188 1444 honor
1204 1422 1280 1443 vero
1297 1422 1362 1453 quo
1377 1413 1550 1443 adoramus
1565 1413 1743 1455 imaginem

961 1468 1085 1505 Christi,
1110 1468 1246 1498 refertur
1262 1467 1301 1497 ad
1326 1467 1432 1506 ipsum
1453 1468 1535 1498 sicut
1559 1467 1598 1497 ad
1614 1468 1740 1507 subiec-

961 1524 1032 1551 tum
1058 1531 1064 1551 :
1090 1521 1176 1551 unde
1199 1521 1254 1560 qui
1278 1521 1388 1551 adorat
1410 1521 1524 1551 Christi
1549 1521 1739 1560 imaginem,

961 1575 1119 1605 Christum
1149 1574 1273 1612 adorat,
1302 1583 1368 1605 non
1391 1575 1586 1614 iniagineni;
1608 1576 1663 1615 qui
1685 1585 1743 1606 au-

960 1631 1024 1658 tem
1049 1628 1159 1659 adorat
1183 1628 1294 1659 Christi
1321 1627 1473 1665 Matrem,
1509 1629 1605 1659 etiam
1633 1629 1743 1660 adorat

960 1681 1136 1717 Christum,
1153 1684 1183 1712 et
1202 1682 1332 1712 Matrem
1346 1691 1449 1712 suam.

1000 1737 1030 1765 -2,
1049 1735 1095 1765 Ad
1112 1735 1190 1765 illud
1205 1735 1291 1774 quod
1306 1735 1455 1774 objicitur
1466 1759 1473 1771 ,
1491 1736 1575 1775 quod
1593 1746 1740 1768 commu—

958 1788 1041 1819 nicat
1063 1788 1154 1819 Matri
1170 1789 1348 1819 dominium
1366 1790 1550 1828 maiestatis,
1568 1790 1740 1822 dicendum

959 1842 1044 1882 quod
1058 1844 1104 1873 est
1127 1842 1308 1873 dominium
1321 1843 1544 1882 praesidentiae,
1563 1846 1594 1873 et
1615 1846 1662 1874 est
1679 1844 1740 1874 do-

959 1899 1097 1930 minium
1121 1899 1296 1939 majestatis
1322 1901 1352 1929 et
1379 1899 1631 1939 omnipotentiae.
1659 1900 1740 1931 Cum

958 1962 1036 1992 ergo
1062 1953 1188 1991 dicitur,
1205 1953 1290 1992 quod
1306 1952 1406 1983 Fihus
1416 1954 1633 1984 communicat
1648 1954 1740 1985 Matri

957 2007 1149 2044 dominium,
1161 2006 1353 2045 intelligitur
1364 2006 1401 2037 de
1412 2006 1552 2037 dominio
1564 2006 1740 2047 praesiden-

958 2060 1030 2098 tiae3
1056 2070 1130 2091 cum
1158 2069 1235 2091 vero
1250 2061 1462 2100 subjungitur
1485 2061 1571 2100 quod
1597 2061 1739 2092 dominio

957 2115 1100 2145 redditur
1114 2115 1219 2145 cultus
1231 2114 1344 2152 latriae,
1364 2114 1557 2154 intelligitur
1579 2115 1618 2146 de
1633 2115 1738 2146 domi-

957 2169 1010 2199 nio
1045 2169 1219 2208 majestatis
1249 2171 1281 2199 et
1310 2169 1549 2208 omnipotentiae
1574 2179 1581 2199 :
1617 2171 1649 2199 et
1678 2170 1738 2200 hoc

957 2222 1087 2262 quidem
1105 2222 1185 2253 Deus
1204 2222 1285 2252 nulli
1308 2222 1524 2252 communicat
1538 2231 1628 2262 purae
1644 2231 1736 2254 erea-

957 2278 1052 2306 turae.

997 2331 1027 2360 3.
1044 2329 1092 2359 Ad
1105 2329 1183 2360 illud
1198 2329 1283 2369 quod
1308 2329 1470 2369 objicitur,
1488 2330 1574 2370 quod
1590 2330 1736 2370 ejusdem

956 2385 1080 2413 naturae
1096 2385 1127 2413 et
1153 2383 1328 2413 consimilis
1343 2385 1390 2413 est
1405 2392 1478 2414 caro
1501 2383 1645 2422 Virginis
1661 2393 1736 2414 cum

956 2445 1050 2467 carne
1063 2435 1169 2474 Verbi,
1186 2436 1358 2467 dicendum
1374 2436 1459 2475 quod
1472 2445 1545 2466 caro
1562 2435 1656 2466 Verbi
1670 2445 1736 2467 non

956 2490 1107 2521 adoratur
1130 2489 1315 2520 adoratione
1336 2489 1438 2520 latriae
1464 2489 1496 2519 in
1514 2491 1675 2528 quantum
1689 2491 1737 2519 est

956 2553 1029 2575 caro
1043 2543 1205 2581 humana,
1237 2543 1290 2574 sed
1306 2543 1338 2572 in
1354 2545 1511 2582 quantum
1527 2544 1574 2572 est
1588 2550 1661 2572 caro
1682 2551 1736 2572 as-

955 2599 1093 2637 sumpta.
1111 2597 1196 2628 Licet
1222 2599 1328 2627 autem
1358 2605 1430 2626 caro
1445 2594 1588 2634 Virginis
1610 2595 1735 2626 confor-

958 2652 1018 2682 mis
1035 2651 1074 2681 sit
1090 2651 1177 2681 carni
1191 2650 1286 2681 Verbi
1302 2653 1458 2690 quantum
1476 2649 1515 2679 ad
1531 2649 1736 2680 conformita-
