2017 2960
637 181 735 213 DIST.
759 181 865 213 XXIII.
890 183 979 215 ART.
1004 184 1027 214 l.
1051 183 1199 222 QUAEST.
1225 186 1257 216 V.

145 250 176 279 et
189 248 267 279 fides
286 248 326 279 sit
345 247 506 285 accidens,
523 248 638 278 falsum
663 251 709 279 est
731 248 828 279 fidem
850 258 916 279 esse

145 301 352 332 substantiam
364 312 372 338 3
391 301 418 331 si
440 303 549 332 autem
567 302 750 334 substantia
771 302 814 332 ibi
835 303 916 333 acci-

145 354 232 393 pitur
254 354 467 384 communiter
488 363 545 393 pro
569 355 719 393 essentia,
737 357 767 386 et
783 355 917 385 essentia

145 407 399 446 uniuscujusque
421 416 486 437 non
508 407 612 438 differt
636 409 675 438 ab
697 417 734 438 eo
758 410 851 447 cujtis
872 410 918 438 est

145 460 299 497 essentia,
324 460 401 490 fides
423 463 532 491 autem
556 461 661 492 differt
685 471 703 491 a
726 461 822 492 rebus
844 470 916 501 spe-

144 513 251 544 randis
263 537 271 550 ,
289 513 483 553 impossibile
497 516 545 545 est
566 515 662 545 fidem
685 523 751 545 esse
765 515 916 546 substan-

144 566 222 597 tiam
238 575 348 597 rerum
363 567 605 607 sperandarum.
896 565 909 569 ”

184 622 213 650 2.
233 619 311 650 Item
325 620 453 650 videtur
466 620 543 651 salsa
557 629 625 651 esse
641 620 675 650 in
695 621 754 651 hoc
769 621 854 660 quod
869 620 915 651 di-

144 672 185 702 cit
201 672 296 702 fidem
311 681 376 703 non
391 674 516 703 tantum
532 681 598 703 esse
615 672 828 704 substanciam
841 696 848 710 ,
864 673 917 703 sed

144 725 240 756 etiam
249 729 485 766 ανρανηεηταηπ
494 726 648 766 quoniam
659 726 747 757 nulla
758 726 862 756 virtus
872 728 918 756 est

143 783 392 819 argumentum,
411 790 469 811 nec
485 790 502 811 e
517 789 681 811 converso.
700 780 732 811 Si
748 790 825 820 ergo
841 781 918 811 fides

143 835 190 863 est
203 833 322 871 virtus,
344 843 409 864 non
428 843 506 873 ergo
530 836 633 874 potest
656 843 724 865 esse
739 844 918 873 argumen-

142 888 225 917 tum.
241 886 274 916 Si
288 889 324 917 tu
337 887 420 917 dicas
434 887 519 927 quod
533 890 766 926 argumentum
779 888 919 918 sumitur

142 938 186 969 ibi
206 940 464 980 transsumptive,
486 940 612 971 videtur
636 941 720 980 quod
737 950 794 971 nec
812 944 918 971 trans-

143 991 320 1030 sumptive,
338 1001 397 1022 nec
412 992 539 1031 proprie
563 992 676 1022 debeat
689 992 750 1023 dici
769 992 847 1023 fides
867 1002 917 1023 ar-

145 1047 339 1082 gumentum
358 1054 423 1075 non
444 1047 676 1085 apparentium.
696 1046 728 1077 Si
744 1046 829 1076 enim
844 1056 919 1086 pro-

144 1097 261 1136 prIetas
284 1099 467 1137 argumenti
496 1102 542 1129 est
566 1099 651 1138 quod
682 1101 793 1139 argyitz'c
816 1100 918 1139 ipsam

144 1153 294 1188 mentem,
308 1153 338 1181 et.
351 1151 512 1181 convincit
525 1161 595 1182 eam
609 1152 648 1182 de
660 1161 696 1182 eo
713 1152 751 1182 ad
763 1153 847 1192 quod
859 1156 915 1191 est,

142 1203 259 1234 faciens
273 1204 351 1234 illud
372 1214 438 1235 esse
456 1205 578 1235 clarum
594 1207 624 1235 et
643 1208 807 1244 apertum,
828 1206 916 1237 vide-

142 1258 196 1286 tur
209 1256 294 1296 quod
315 1257 359 1287 ihi
380 1258 422 1287 sit
444 1257 615 1297 implicatio
631 1258 766 1298 duplicis
790 1261 917 1289 contra-

142 1309 299 1347 dictionis,
319 1319 393 1341 cum
408 1311 483 1341 dicit
497 1311 593 1342 fidem
608 1321 674 1342 esse
688 1315 918 1351 argumentum

143 1371 208 1393 non
229 1364 452 1403 apparentium
469 1375 476 1395 ε
494 1374 566 1404 quae
582 1365 668 1396 enim
684 1366 802 1396 habent
816 1375 916 1405 argu-

143 1418 308 1454 mentum,
326 1417 386 1447 hoc
405 1416 474 1456 ipso
499 1418 585 1457 quod
601 1418 718 1449 habent
742 1427 917 1458 argumen-

144 1470 226 1507 tum,
241 1472 394 1510 apparent
408 1479 476 1501 esse
491 1480 566 1501 vera
579 1482 586 1508 ;
604 1480 677 1510 quae
689 1471 785 1502 etiam
800 1472 918 1502 habent

144 1526 375 1560 argumentum
388 1546 396 1559 ‚
412 1523 472 1554 hoc
487 1523 555 1563 ipso
570 1524 654 1563 quod
678 1524 798 1555 habent
819 1534 918 1564 argu-

145 1577 306 1613 mentum,
323 1577 557 1608 convincuntur
572 1586 640 1608 esse
654 1587 730 1608 vera
746 1589 752 1608 :
770 1587 849 1617 ergo
864 1588 919 1609 ra-

144 1628 188 1659 tio
203 1632 387 1668 argumenti
403 1633 563 1670 repugnat
578 1633 644 1660 tam
667 1631 713 1662 rei
740 1640 805 1661 non
820 1641 920 1672 appa-

144 1682 245 1719 renti,
263 1692 360 1722 quam
375 1683 435 1723 ipsi
449 1683 572 1713 habitui
587 1683 660 1714 fidei
677 1693 684 1714 :
701 1693 780 1723 ergo
794 1686 841 1714 est
856 1685 916 1715 im-

145 1735 270 1774 plicatio
293 1738 513 1776 oppositorum
541 1737 575 1767 in
603 1738 752 1777 praedicta
777 1738 918 1778 descrip-

145 1787 230 1819 tione
246 1798 254 1819 :
270 1789 397 1820 videtur
412 1799 489 1828 ergo
508 1790 592 1829 quod
607 1791 756 1830 praedicta
770 1791 919 1822 diffinitio

145 1842 295 1882 redargui
308 1843 406 1883 possit
419 1844 459 1874 ob
473 1844 629 1874 defectum
643 1844 798 1875 veritatis.

185 1898 213 1926 3.
231 1895 310 1926 Item
325 1897 452 1927 videtur
466 1897 550 1937 quod
566 1897 664 1936 possit
676 1897 865 1937 reprehendi
878 1898 919 1928 ob

145 1948 301 1979 defectum
312 1950 594 1980 convertibilitatis.
612 1950 692 1981 Nam
703 1951 771 1981 haec
785 1951 920 1990 descrip-

145 2002 189 2032 tio
204 2005 305 2042 potest
320 2004 493 2034 convenire
508 2003 567 2043 ipsi
582 2003 648 2043 spei
665 2012 672 2033 ε
689 2013 759 2043 spes
773 2004 860 2034 enim
874 2006 922 2034 est

145 2055 321 2086 substantia
333 2065 444 2086 rerum
457 2056 698 2095 sperandarum,
714 2059 745 2087 et
759 2057 856 2087 etiam
869 2066 921 2087 ar-

145 2111 340 2147 gumentum
368 2118 433 2140 non
461 2109 683 2149 apparentium
704 2133 712 2148 ,
755 2110 833 2149 quia
865 2119 921 2150 per

146 2170 234 2201 spem
260 2162 478 2192 certificamur
498 2171 557 2192 nos
586 2171 654 2193 esse
679 2163 845 2193 habituros
871 2172 922 2193 res

146 2224 226 2255 quas
249 2224 314 2246 non
341 2216 513 2247 videmus:
542 2225 621 2256 ergo
634 2217 761 2247 videtur
784 2217 870 2256 quod
895 2217 921 2247 si

146 2269 211 2298 tota
224 2267 278 2298 illa
293 2268 460 2308 descriptio
478 2270 628 2300 convenit
646 2269 729 2309 spei,
754 2270 841 2310 quod
855 2278 921 2300 non

146 2322 351 2351 convertatur
366 2330 441 2352 cum
455 2322 523 2362 ipsa
535 2322 608 2353 fide.

187 2374 216 2403 4.
233 2373 312 2404 Item
327 2375 453 2406 credere
470 2384 597 2415 poenam
623 2378 775 2406 aeternam
791 2384 857 2406 esse
870 2375 923 2406 su-

148 2427 265 2463 turam,
280 2427 340 2458 hoc
353 2429 489 2467 pertinet
509 2429 548 2459 ad
565 2429 668 2469 ipsam
688 2429 786 2460 fidem
813 2440 819 2459 :
843 2438 922 2468 ergo

148 2478 318 2510 credulitas
331 2490 435 2520 poenae
450 2485 580 2514 aeternae
595 2483 673 2514 fides
695 2485 741 2513 est
757 2493 764 2513 :
782 2483 836 2513 sed
852 2491 920 2513 cre·

147 2531 263 2563 dulitas
276 2542 379 2573 poenae
392 2538 521 2567 aeternae
537 2546 603 2567 non
620 2539 665 2567 est
678 2536 856 2567 substantia
872 2546 922 2567 re-

182 2597 189 2612 ¹
205 2596 278 2626 Aug,
295 2596 407 2626 Enchim
421 2605 443 2622 c.
463 2604 520 2628 vm,
535 2605 562 2623 n.
577 2601 600 2623 2.

1690 191 1747 219 *¹005

973 259 1045 281 rum
1061 252 1302 291 sperandarum,
1319 253 1372 284 sed
1387 253 1491 293 potius
1506 253 1716 284 timeudarum
1736 267 1741 285 :

973 312 1050 342 ergo
1065 304 1190 335 videtur
1214 305 1299 345 quod
1320 306 1379 336 ista
1397 306 1563 347 descriptio
1581 307 1744 345 generali-

975 358 1020 386 ter
1035 366 1098 387 non
1114 359 1281 389 conveniat
1296 359 1354 399 Ipsi
1369 360 1441 390 fidei
1460 371 1466 390 :
1484 369 1560 398 ergo
1572 369 1630 390 nec
1643 361 1744 393 omni.

973 417 1031 438 nec
1060 410 1115 439 soli
1145 420 1152 440 ε
1175 411 1301 442 videtur
1328 422 1405 452 ergo
1433 422 1522 452 posse
1556 412 1744 452 reprehendi

973 465 1101 501 propter
1115 463 1272 494 desectum
1287 466 1574 496 convertibilitatis.

1013 517 1042 544 ὃ.
1055 514 1133 545 Item
1148 516 1273 547 videtur
1288 527 1376 557 posse
1390 518 1578 558 reprehendi
1593 518 1633 549 ob
1644 518 1746 549 defec-

973 569 1042 597 tum
1063 568 1243 606 evidentIae,
1259 571 1335 609 quia
1360 580 1426 601 non
1448 571 1538 601 debet
1558 571 1647 610 prius
1662 571 1746 601 diffi-

972 620 1034 650 niri
1049 630 1105 660 per
1130 623 1298 661 posterius,
1319 632 1375 653 nec
1398 623 1545 661 ignotum
1569 633 1624 664 per
1648 624 1745 663 igno-

973 673 1035 703 tius
1052 685 1058 704 :
1077 674 1129 704 sed
1146 675 1223 706 fides
1248 676 1334 715 prior
1360 678 1416 713 est,
1437 685 1534 715 quam
1548 686 1638 716 spes3
1669 678 1745 707 fides

973 727 1079 763 etiam,
1095 736 1169 767 quae
1184 730 1230 758 est
1244 728 1276 759 in
1291 729 1394 766 corde,
1405 729 1509 759 notior
1524 731 1570 759 est
1583 738 1680 768 quam
1695 739 1742 766 ea,

973 786 1044 816 quae
1059 787 1123 808 non
1138 782 1290 818 apparent
1307 788 1314 809 :
1330 788 1408 818 ergo
1423 779 1505 809 male
1534 779 1691 810 diffinitur
1706 781 1742 810 fi-

973 830 1027 860 des
1053 840 1109 870 per
1123 841 1173 862 res
1189 833 1369 872 sperandaS,
1386 835 1415 863 et
1431 842 1487 872 per
1502 842 1552 863 res
1567 842 1630 864 non
1646 842 1744 873 appa-

975 886 1093 914 rentes.

1014 940 1042 967 6.
1073 937 1150 968 Item
1166 939 1204 968 ad
1226 939 1416 969 evidentiam
1433 940 1630 970 diffinitionis
1659 950 1747 979 spec-

973 991 1027 1027 tat,
1045 992 1128 1030 quod
1142 992 1247 1030 prin-a
1260 993 1495 1031 praemittantur
1509 993 1746 1032 posterioribus.

974 1042 1006 1073 Si
1022 1052 1099 1082 ergo
1116 1045 1255 1083 cognitio
1272 1046 1421 1084 praecedit
1437 1046 1646 1084 affectionem,
1660 1049 1690 1076 et
1706 1047 1750 1075 fi—

977 1097 1041 1134 des,
1058 1098 1091 1127 in
1106 1101 1264 1137 quantum
1286 1101 1530 1137 argumentum,
1548 1099 1671 1139 respicit
1696 1108 1750 1129 co-

973 1151 1164 1189 gnitionem,
1179 1152 1213 1181 in
1239 1155 1397 1191 quantum
1416 1161 1491 1183 vero
1510 1153 1685 1183 substantia
1698 1162 1750 1183 re-

972 1212 1045 1233 rum
1060 1205 1300 1243 sperandarum,
1318 1205 1445 1244 respicit
1467 1205 1680 1242 affectionem
1698 1206 1746 1236 vi-

973 1255 1065 1286 detur
1090 1257 1175 1296 quod
1191 1258 1341 1297 praetlicta
1364 1258 1510 1288 diffinitio
1538 1258 1698 1297 assignata
1713 1258 1751 1288 sit

973 1309 1056 1339 sicut
1070 1318 1125 1348 per
1139 1311 1293 1349 posterius
1314 1313 1344 1341 et
1367 1311 1507 1346 confuse,
1525 1313 1555 1341 et
1575 1311 1618 1341 ita
1641 1311 1748 1342 redar-

973 1363 1029 1400 gui
1046 1372 1134 1402 posse
1150 1363 1277 1393 videtur
1303 1366 1430 1403 propter
1445 1364 1601 1394 defectum
1616 1364 1745 1395 eviden-

973 1416 1037 1446 tiae.

1015 1471 1043 1499 7.
1079 1469 1156 1499 Item
1183 1469 1438 1509 reprehensibilis
1466 1470 1591 1500 videtur
1618 1473 1746 1510 propter

973 1522 1130 1552 defectum
1153 1523 1374 1560 sufticientiae3
1398 1523 1474 1562 quia
1493 1523 1570 1553 fides
1597 1532 1662 1553 non
1677 1526 1747 1553 tan-

975 1575 1140 1606 tummodo
1159 1578 1205 1606 est
1228 1576 1265 1605 de
1293 1576 1420 1612 futuris,
1446 1585 1561 1606 verum
1590 1576 1686 1606 etiam
1710 1577 1748 1606 de

975 1629 1186 1668 praesentibus
1199 1631 1229 1659 et
1244 1629 1422 1668 praeterstis,
1438 1631 1475 1659 ut
1490 1629 1564 1659 dicit
1586 1629 1746 1668 Augusti-

975 1692 1035 1712 nus
1051 1683 1070 1712 ¹.
1099 1682 1131 1713 Si
1157 1692 1235 1721 ergo
1262 1683 1417 1722 speranda
1446 1683 1645 1713 solummodo
1674 1686 1749 1713 sunt

973 1735 1092 1771 futura,
1116 1735 1244 1766 videtur
1257 1735 1342 1775 quod
1363 1736 1590 1766 insufficienter
1605 1735 1747 1766 diffinia-

974 1790 1036 1825 tur,
1051 1797 1126 1818 cum
1140 1788 1296 1818 diffinitur
1320 1788 1519 1819 solummodo
1533 1797 1589 1827 per
1611 1797 1659 1819 res
1675 1798 1738 1829 spe-

977 1841 1103 1872 randas.

1015 1897 1044 1925 8.
1060 1895 1138 1925 Item
1155 1895 1232 1925 fides
1248 1904 1313 1925 non
1329 1896 1551 1926 tantummodo
1571 1898 1617 1926 est
1633 1896 1745 1927 funda-

975 1951 1121 1979 mentum
1136 1948 1202 1988 spei
1217 1972 1225 1985 ,
1244 1948 1309 1978 imo
1325 1948 1420 1978 etiam
1435 1949 1614 1986 charitatis,
1642 1952 1672 1979 et
1698 1952 1748 1980 to-

974 2003 1037 2032 tius
1051 2002 1177 2032 aedificii
1192 2002 1364 2041 spiritualis
1381 2013 1387 2032 :
1405 2011 1483 2041 ergo
1494 2003 1536 2032 ita
1551 2005 1596 2033 est
1606 2003 1750 2033 substan-

974 2055 1019 2085 tia
1032 2055 1082 2085 vel
1096 2055 1341 2086 fundamentum
1356 2055 1516 2086 charitatis
1531 2059 1562 2086 et
1574 2065 1682 2087 rerum
1702 2056 1749 2087 di-

975 2107 1190 2147 ligendarum,
1211 2109 1291 2138 sicut
1307 2109 1372 2148 spei
1387 2112 1417 2139 et
1430 2109 1661 2148 sperandarum
1678 2119 1686 2139 :
1704 2110 1750 2139 vi-

976 2161 1068 2192 detur
1082 2170 1159 2200 ergo
1182 2162 1410 2193 insufficienter
1433 2163 1562 2200 dixisse,
1579 2172 1654 2194 cum
1675 2163 1750 2194 dicit

976 2224 1047 2245 eam
1076 2224 1142 2245 esse
1168 2215 1414 2246 fundamentum
1444 2225 1555 2247 rerum
1574 2217 1748 2256 speranda-

976 2277 1061 2298 rum.
1079 2268 1159 2299 Cum
1183 2269 1269 2299 enim
1284 2268 1424 2307 ,nobilior
1438 2269 1477 2300 sit
1502 2270 1637 2300 charitas
1651 2279 1749 2310 quam

977 2331 1056 2361 spes,
1074 2322 1177 2361 magis
1193 2323 1318 2353 deberet
1335 2323 1466 2354 diffiniri
1482 2324 1559 2354 fides
1572 2333 1628 2364 per
1641 2333 1692 2354 res
1703 2324 1747 2354 di-

976 2375 1133 2414 ligendas,
1155 2384 1253 2414 quam
1281 2384 1339 2415 per
1361 2385 1412 2406 res
1436 2377 1606 2416 sperandas
1636 2378 1688 2414 (a).
1715 2376 1753 2407 Et

977 2429 1059 2466 ideo,
1076 2431 1204 2468 propter
1224 2432 1362 2468 quatuor
1376 2430 1524 2470 superius
1537 2430 1635 2460 dictos
1647 2430 1751 2460 defec-

978 2483 1042 2519 tus,
1057 2481 1208 2521 praedicta
1221 2482 1389 2522 descriptio
1403 2483 1530 2514 videtur
1543 2492 1610 2513 esse
1625 2483 1754 2522 penitus

977 2534 1160 2574 abjicienda
1174 2537 1205 2565 et
1219 2535 1427 2575 repudianda.

1009 2598 1039 2627 (a)
1057 2596 1126 2622 Edit.
1140 2597 1197 2621 Veri.
1212 2598 1270 2622 1753
1284 2616 1292 2628 ‚
1308 2600 1359 2621 tres
1375 2598 1540 2629 separandas.
