2017 2960
632 213 730 245 DIST.
751 212 817 244 VII.
839 212 928 243 ART.
954 212 991 243 11.
1015 212 1163 250 QUAEST.
1189 214 1212 245 1.

121 283 264 314 cundum
287 289 363 312 vero
386 279 579 310 intellectum
600 280 714 318 habet,
733 280 809 320 quia
833 280 900 311 des-

122 335 225 367 cendit
259 334 299 365 ab
334 335 405 364 actu
441 333 564 363 dicente
598 334 831 364 ordinationem
861 333 900 363 ad

121 389 233 425 finem;
249 387 377 418 tertium
395 386 588 417 intellectum
604 387 710 424 habet,
726 387 802 427 quia
818 396 901 417 com-

121 442 253 482 ponitur
274 450 291 471 a
317 440 542 480 praepositione
566 441 687 471 dicente
711 440 901 471 antecessio—

121 505 207 533 nem,
223 494 339 525 scilicet
356 495 395 532 tal
412 494 452 524 ab
468 494 526 524 hac
542 493 765 534 praepositione
779 494 859 525 Prce.
877 494 900 524 E

122 552 231 580 contra
252 549 347 579 Filius
374 548 424 578 Dei
461 548 537 578 dicit
559 547 645 577 illam
671 556 838 586 personam
868 549 902 576 ut

121 612 268 639 causam,
294 611 358 632 non
374 604 410 632 nt
428 601 587 632 effectum.
611 599 689 630 Dicit
704 599 799 629 etiam
814 599 901 629 illam

122 665 288 696 personam
312 658 406 696 prout
421 654 570 693 competit
588 653 632 682 illi
647 652 756 683 filiatio
774 661 829 692 per
844 662 902 683 na-

121 712 243 745 turam,
267 717 332 739 non
347 716 403 747 per
422 707 535 745 gratiae
553 706 686 736 donum.
704 705 782 736 Dicit
805 706 902 737 etiam

121 763 207 794 illam
225 770 393 802 personam
409 763 444 791 ut
464 763 629 797 aeternam,
646 769 712 790 non
728 762 764 790 ut
778 760 907 790 hahen-¹

121 818 186 847 tem
207 816 336 846 initium
355 823 362 845 :
379 816 409 845 et
424 814 468 844 sic
483 823 631 854 expresse
652 816 698 844 est
714 823 900 853 repugnan-

121 870 164 900 tia
178 869 399 899 intellectuum
415 868 497 898 inter
513 867 694 907 subJectum
709 870 740 897 et
755 868 904 907 praedica-

120 925 201 954 tum.
229 922 268 953 Et
289 925 390 962 potest
416 923 476 952 ista
496 921 712 962 repugnantia
732 921 840 952 reduci
864 921 903 951 ad

121 977 236 1017 triplex
255 985 360 1016 genus
375 975 595 1016 oppositionis,
614 975 761 1006 videlicet
778 978 903 1006 contra-

123 1031 287 1069 dictionis,
325 1030 573 1067 contrarietatis,
606 1032 637 1060 et
668 1030 841 1061 relationis.
866 1030 904 1061 Et

123 1087 251 1125 propter
275 1084 358 1115 hanc
381 1084 537 1124 triplicem
563 1084 814 1123 repugnantiam
838 1093 904 1115 non

123 1139 297 1170 admittunt
321 1137 466 1177 magistri
492 1137 676 1177 praedictam
698 1137 901 1169 locutionem.

123 1191 211 1223 Unde
235 1191 444 1222 concedendae
468 1193 543 1221 sunt
565 1191 704 1222 rationes
726 1199 800 1230 quae
822 1192 905 1222 fiunt

123 1245 161 1276 ad
177 1247 301 1285 partem
319 1245 424 1275 istam.

166 1302 194 1330 1.
213 1299 261 1330 Ad
276 1299 353 1329 illud
374 1298 459 1338 quod
475 1298 625 1338 objicitur
639 1298 672 1328 in
688 1298 902 1336 contrarium,

125 1353 245 1393 primo,
268 1353 354 1393 quod
381 1353 450 1383 haec
472 1352 655 1383 conceditur
674 1363 680 1382 ε
702 1352 830 1383 «Filius
851 1352 904 1383 Dei

124 1409 170 1437 est
183 1407 296 1443 homo,
314 1418 327 1434 υ
352 1406 524 1438 dicendum
539 1406 624 1446 quod
639 1415 704 1437 non
725 1408 770 1436 est
789 1406 833 1436 ibi
853 1415 903 1437 re-

124 1460 305 1500 pugnantia
323 1459 559 1497 intellectuum,
577 1460 642 1490 imo
663 1460 770 1500 potius
793 1469 906 1491 conso-

124 1513 252 1551 nantia;
268 1513 366 1544 homo
382 1514 469 1544 enim
485 1514 630 1544 nominat
647 1516 797 1544 naturam
814 1514 906 1544 habi-

124 1567 188 1598 lem
203 1567 242 1598 ad
256 1567 410 1598 unionem
430 1579 436 1597 z
454 1577 521 1598 non
533 1568 577 1598 sic
592 1570 700 1598 autem
714 1567 773 1598 hoc
791 1567 907 1607 praedi-

125 1623 243 1658 catum,
257 1621 542 1661 proedeslinacum:
553 1623 584 1651 et
598 1621 668 1652 ideo
683 1629 747 1651 non
762 1621 907 1661 sequitur

126 1684 167 1706 ex
182 1675 256 1712 hoc,
272 1675 357 1714 quod
373 1675 410 1714 (b)
430 1674 529 1705 Filius
543 1675 598 1705 Dei
626 1677 672 1705 est
685 1675 798 1711 homo,
822 1675 906 1715 quod

124 1731 254 1769 propter
277 1729 338 1759 hoc
364 1728 403 1759 sit
425 1728 606 1768 praescitus,
624 1728 674 1759 vel
699 1728 907 1768 praedestina-

124 1783 187 1821 tus,
196 1782 259 1813 nisi
270 1782 404 1813 addatur
412 1781 453 1820 ei,
468 1782 664 1812 «secundum
675 1781 761 1821 quod
771 1781 902 1812 homo.»

165 1839 195 1867 2.
211 1836 259 1867 Ad
274 1836 353 1867 illud
369 1835 455 1876 quod
471 1835 621 1875 objicitur
631 1860 638 1874 ,
654 1835 741 1875 quod
758 1844 906 1866 commu-

124 1890 241 1922 nicatio
259 1890 450 1921 idiomatum
465 1891 511 1920 est
532 1889 566 1919 in
584 1888 750 1926 omnihus,
769 1889 908 1929 exceptis

125 1944 311 1975 nominibus
334 1943 488 1974 unionem
510 1943 774 1982 importantibus,
798 1943 905 1973 dicen-

126 1997 204 2028 dum
226 1997 311 2037 quod
336 2006 401 2027 non
424 1996 529 2027 solum
550 1998 626 2027 sunt
646 1996 700 2027 illa
721 1996 908 2037 excipienda

126 2051 277 2088 nomina3
295 2050 348 2081 sed
363 2049 459 2080 etiam
478 2049 634 2080 vocabula
649 2049 717 2088 illa,
735 2059 775 2080 ex
790 2050 908 2090 quibus

127 2105 291 2144 consurgit
301 2104 523 2134 intellectuum
540 2103 757 2143 repugnantia
776 2114 782 2134 :
800 2106 831 2135 et
844 2103 906 2135 tale

126 2160 173 2190 est
192 2158 384 2189 vocabulum
408 2157 728 2198 praedestinationis,
752 2159 783 2188 et
804 2157 909 2188 consi-

127 2212 230 2250 milia,
256 2212 337 2242 sicut
370 2211 487 2242 melius
517 2211 772 2242 manifestabitur
794 2211 905 2251 infra¹,

127 2267 182 2298 ubi
205 2266 363 2307 quaeritur
391 2267 502 2296 utrum
518 2266 586 2296 haec
611 2265 651 2296 sit
673 2265 874 2297 concedenda
898 2277 904 2297 :

132 2319 260 2351 «Filius
273 2319 326 2350 Dei
341 2322 389 2350 est
404 2322 561 2350 creatura.
577 2331 591 2347 »

169 2376 197 2405 3.
215 2374 262 2404 Ad
277 2373 357 2405 illud
369 2383 447 2405 vero
463 2374 549 2413 quod
564 2373 725 2413 objicitur,
742 2374 828 2414 quod
841 2383 908 2405 ma-

130 2427 180 2467 gis
192 2429 354 2468 repugnat
367 2427 541 2468 temporale
556 2428 688 2465 aeterno,
703 2436 802 2468 quam
819 2429 908 2458 aeter-

129 2489 210 2511 num
224 2483 344 2512 aeterno
356 2505 364 2518 ,
382 2481 552 2511 dicendum
567 2480 652 2520 quod
674 2489 789 2511 verum
804 2483 850 2512 est
869 2483 907 2512 de

130 2543 168 2565 eo
190 2534 275 2573 quod
296 2537 343 2565 est
365 2543 447 2574 pure
467 2536 646 2572 aeternum3
675 2534 713 2565 de
738 2543 775 2565 eo
799 2537 907 2566 autem

130 2586 215 2627 quod
231 2590 277 2617 est
290 2587 333 2618 sic
348 2590 516 2627 aeternum,
527 2588 613 2628 quod
628 2588 667 2619 de
681 2597 740 2619 suo
755 2588 907 2628 primario

130 2640 292 2671 intellectu
302 2641 376 2672 dicit
389 2643 421 2672 et
432 2642 577 2673 nominat
587 2642 707 2683 aliquid
720 2643 905 2682 temporale,

164 2703 195 2733 (a)
211 2703 272 2727 Coet.
284 2702 343 2727 edit.
360 2702 432 2728 sicut.
442 2717 472 2721 —
481 2704 514 2735 (b)
527 2704 587 2728 Item
600 2705 657 2730 add.
674 2706 703 2730 si.

315 2756 389 2779 τοῖα.
409 2756 453 2779 1v.

1675 218 1731 247 1'1'1

958 289 1023 311 non
1046 281 1141 312 habet
1166 281 1352 319 veritatem,
1376 282 1516 312 maxime
1539 282 1666 321 quando
1688 282 1734 313 sic

958 335 1108 374 importat
1122 335 1197 365 illud
1214 335 1398 375 temporale,
1410 335 1495 375 quod
1509 334 1625 367 directe
1639 335 1736 367 habet

958 390 1188 430 oppositionem
1202 391 1239 421 ad
1254 393 1423 429 aeternum,
1436 390 1518 422 sicut
1532 394 1577 422 est
1592 391 1652 422 hoc
1667 400 1735 432 par-

958 443 1112 483 ticipium,
1131 444 1389 484 proedestinatus.

999 499 1027 527 4.
1053 497 1097 527 Asl
1123 497 1199 527 illud
1224 498 1309 537 quod
1332 498 1481 537 objicitur
1503 498 1541 529 de
1569 498 1734 536 missione,

958 550 1054 590 quod,
1071 551 1220 590 quamvis
1234 552 1273 581 sit
1290 551 1476 590 temporale,
1492 554 1598 583 tamen
1621 561 1736 583 conce-

958 603 1044 634 ditur
1058 603 1156 634 Filius
1174 604 1225 634 Dei
1242 613 1309 635 esse
1323 605 1451 641 missus,
1467 605 1637 636 dicendum
1652 607 1737 646 quod

959 666 1024 687 non
1050 660 1096 687 est
1117 657 1237 694 simile,
1262 657 1338 697 quia
1363 658 1419 688 etsi
1445 659 1535 690 mitti
1558 659 1639 690 dicat
1662 659 1737 699 quid

959 710 1149 750 temporale,
1166 712 1273 741 tamen
1295 710 1371 741 illud
1388 712 1563 751 temporale
1581 721 1645 743 non
1660 713 1736 744 dici-

959 766 1012 794 tur
1026 764 1101 804 poni
1122 764 1204 795 circa
1219 765 1363 796 divinam
1385 775 1554 806 personam
1564 790 1571 804 ,
1588 766 1641 797 sed
1656 767 1739 798 circa

959 814 1076 855 aliquid
1094 818 1253 854 creatum;
1272 817 1354 847 circa
1374 826 1451 848 vero
1471 817 1614 848 divinam
1631 827 1740 858 perso-

960 878 1034 899 nam
1051 869 1140 908 ponit
1154 870 1252 900 solam
1268 871 1515 902 emanationem.
1533 870 1594 902 Sed
1606 873 1741 912 praedes-

960 922 1071 953 tinatio
1087 923 1169 953 circa
1183 923 1289 963 ipsum
1306 924 1567 964 praedestinatum
1582 925 1739 965 triplicem

960 976 1049 1015 ponit
1079 976 1294 1015 intellectum,
1321 977 1378 1017 qui
1408 981 1569 1018 repugnat
1596 988 1740 1018 personae

961 1032 1089 1061 aeternae
1108 1042 1114 1061 :
1131 1033 1162 1061 et
1182 1031 1252 1062 ideo
1276 1032 1424 1071 quamvis
1443 1041 1519 1063 sane
1543 1036 1648 1072 posset
1668 1043 1742 1065 con-

961 1084 1026 1115 cedi
1045 1095 1051 1114 :
1076 1084 1204 1115 «Filius
1225 1085 1279 1115 Dei
1294 1087 1341 1115 est
1362 1085 1495 1123 missus,
1512 1097 1526 1113 n
1546 1095 1612 1117 non
1634 1089 1742 1118 tamen

961 1147 1036 1168 sane
1058 1140 1160 1178 potest
1180 1138 1309 1169 concedi
1328 1149 1334 1169 :
1359 1150 1372 1166 «
1396 1138 1496 1170 Filius
1521 1139 1575 1170 Dei
1591 1142 1638 1171 est
1656 1150 1742 1180 prae-

961 1191 1148 1222 destinatus.
1167 1204 1180 1220 »

1002 1247 1031 1276 5.
1054 1245 1103 1276 Ad
1125 1245 1205 1276 illud
1226 1246 1312 1286 quod
1336 1246 1526 1287 opponitur,
1551 1247 1637 1287 quod
1663 1247 1742 1280 Filio

962 1299 1016 1330 Dei
1039 1302 1218 1340 praeparata
1244 1300 1303 1330 fuit
1328 1300 1433 1340 gratia
1459 1301 1493 1331 in
1518 1302 1686 1341 praesenti,
1713 1305 1743 1333 et

961 1353 1063 1393 gloria
1077 1353 1111 1383 in
1125 1354 1246 1391 futuro,
1261 1353 1432 1384 dicendum
1447 1354 1531 1394 quod
1549 1355 1606 1385 etsi
1621 1354 1743 1387 Christo

962 1409 1139 1446 praeparata
1154 1407 1213 1437 fuit
1231 1407 1335 1446 gratia
1347 1407 1469 1438 ratione
1482 1407 1636 1439 humanae
1651 1411 1744 1440 natu-

962 1469 1018 1498 rae,
1034 1469 1099 1491 non
1113 1463 1221 1491 tamen
1236 1461 1358 1492 ratione
1369 1453 1504 1499 divihae;
1521 1464 1552 1492 et
1566 1462 1648 1499 ideo,
1663 1463 1743 1494 sicut

962 1514 1065 1554 prima
1077 1514 1194 1544 locutio
1208 1516 1358 1553 negatur,
1376 1524 1451 1545 cum
1467 1515 1583 1546 dicitur
1595 1527 1629 1547 «2
1644 1515 1744 1547 Filius

962 1567 1016 1597 Dei
1034 1569 1081 1597 est
1094 1567 1356 1607 praedestinatus,
1373 1579 1387 1596 »
1409 1568 1470 1599 nisi
1490 1569 1624 1600 addatur
1639 1570 1741 1601 deter-

962 1620 1097 1651 minatio
1108 1644 1115 1658 ‚
1133 1620 1312 1651 secundum
1328 1630 1425 1661 quam
1436 1646 1445 1660 ,
1462 1624 1493 1653 et
1507 1623 1630 1654 ratione
1650 1625 1744 1664 cujus

962 1674 1144 1705 attendatur
1165 1674 1233 1713 ipsa
1251 1674 1508 1715 praedestinati03
1531 1676 1575 1707 sic
1595 1677 1743 1716 neganda

962 1730 1009 1758 est
1024 1727 1084 1758 alia
1100 1727 1233 1766 locutio,
1248 1727 1282 1758 in
1303 1737 1368 1768 qua
1387 1729 1518 1768 ponitur
1537 1730 1744 1769 praedestina-

962 1781 1060 1811 tionis
1081 1781 1248 1818 diffinitio,
1266 1781 1328 1812 nisi
1351 1782 1487 1813 addatur
1506 1783 1576 1814 haec
1593 1784 1745 1816 determi-

961 1835 1059 1873 natio,
1080 1846 1094 1863 «
1109 1835 1287 1866 secundum
1302 1835 1387 1875 quod
1402 1836 1510 1868 homo.
1526 1848 1540 1865 »

1003 1891 1032 1919 b'.
1049 1888 1097 1919 Ad
1112 1888 1190 1919 illud
1205 1897 1281 1920 vero
1297 1889 1383 1929 quod
1398 1890 1560 1930 objicitur,
1575 1892 1660 1931 quod
1674 1892 1744 1924 haec

962 1942 1204 1981 determinatio,
1235 1954 1249 1971 «
1272 1943 1451 1974 secundum
1476 1945 1562 1984 quod
1582 1945 1700 1985 homo,
1724 1957 1739 1975 ι)

962 2004 1029 2027 Ποῖ]
1043 1996 1205 2035 diminuit,
1221 1996 1393 2027 dice-ndum
1407 1998 1494 2037 quod
1515 1999 1664 2038 quamvis
1677 2009 1744 2031 non

962 2049 1122 2080 diminuat
1141 2049 1179 2080 de
1201 2049 1325 2080 ratione
1341 2051 1652 2092 praedestinationis,
1670 2054 1744 2085 facit

962 2104 1069 2134 tamen
1091 2103 1175 2143 quod
1199 2103 1434 2143 praedestinatio
1449 2106 1540 2145 ponit
1557 2115 1627 2137 rem
1651 2116 1744 2139 suam

962 2156 1045 2187 circa
1072 2157 1269 2197 hypostasim
1295 2157 1408 2188 Christi
1437 2159 1559 2190 ratione
1590 2160 1743 2193 humanae

962 2213 1098 2249 naturae,
1125 2220 1190 2242 non
1216 2211 1339 2242 ratione
1362 2211 1482 2243 divinae
1510 2223 1516 2243 :
1544 2215 1575 2244 et
1599 2214 1643 2245 sie
1664 2215 1743 2245 tollit

962 2265 1211 2304 repugnantiam
1249 2265 1480 2297 intellectuum.
1516 2266 1596 2298 Cum
1633 2271 1742 2300 autem

962 2318 1148 2359 simpliciter
1164 2319 1315 2358 infertur,
1333 2322 1364 2350 et
1376 2319 1492 2351 dicitur
1509 2330 1516 2352 :
1539 2333 1553 2350 «
1569 2321 1668 2353 Filius
1689 2322 1742 2353 Dei

962 2375 1010 2403 est
1023 2373 1277 2413 praedestinatus,
1293 2382 1307 2402 >1
1327 2382 1403 2404 cum
1417 2373 1518 2405 Filius
1532 2375 1587 2406 Dei
1602 2376 1743 2407 denomi-

963 2428 1018 2457 net
1044 2435 1214 2466 personam
1243 2426 1358 2458 Christi
1388 2428 1567 2460 secundum
1597 2429 1742 2461 divinam

962 2482 1113 2511 naturam
1128 2482 1270 2519 tantum,
1286 2483 1333 2511 est
1349 2480 1393 2512 ibi
1408 2483 1626 2522 repugnantia
1647 2483 1743 2515 intel-

962 2533 1114 2566 lectuum.
1131 2533 1169 2565 Et
1190 2534 1261 2565 ideo
1282 2543 1348 2566 non
1370 2537 1456 2566 tenet
1476 2535 1528 2565 ille
1543 2544 1707 2575 processus
1731 2546 1740 2569 z

962 2597 1028 2619 non
1056 2588 1134 2628 quia
1163 2588 1207 2619 ibi
1233 2590 1280 2619 est
1306 2588 1542 2629 paralogismus
1565 2590 1743 2622 secundum

962 2641 1041 2682 quid
1055 2644 1086 2673 et
1104 2642 1289 2682 simpliciter
1302 2652 1311 2679 ;
1327 2642 1381 2672 sed
1398 2642 1475 2682 quia
1494 2642 1538 2673 ibi
1553 2646 1601 2675 est
1614 2645 1742 2684 paralo-

997 2706 1004 2721 ·
1016 2704 1080 2728 nist.
1098 2709 1135 2728 n.

1588 2752 1623 2782 12
