2017 2960
261 164 318 191 614
831 156 1139 189 SENTENTIARUM
1159 156 1233 187 LIB.
1256 157 1309 188 111.

261 227 327 257 sive
352 229 456 257 motus
486 226 556 256 fidei
578 235 632 265 per
655 225 742 264 prius
766 224 803 253 sit
827 223 1027 259 meritorius,

261 289 357 319 quam
374 282 477 309 motus
492 278 661 309 charitatis.

531 361 752 393 (IoNltLl'Slo.

264 440 413 465 charitatis
429 440 521 465 motus.
539 436 626 469 quoad
645 436 827 469 completionis
845 435 977 468 ordinem,
995 440 1032 463 cst

296 485 371 517 prins
388 483 547 511 micre‘torz'zis,
564 488 643 513 qnam
658 482 741 505 motus
755 481 872 506 alfamin
890 482 1030 511 virtutum,

298 534 447 560 quanquam
465 527 548 550 motus
563 525 678 549 ulturum
699 525 800 557 possint
815 524 909 550 habere
930 526 1031 559 priori-

299 574 378 596 tatem
391 570 512 601 mrz'glinis.

303 651 393 690 ltcsp.
411 650 448 680 ad
465 659 535 689 arg.
551 649 596 680 Ad
613 649 835 689 praedictorum
851 650 1034 688 intelligen-

264 705 338 733 tiam
363 706 406 733 est
426 703 617 740 notandum,
639 703 724 742 qnod
746 703 843 742 aliqui
864 703 1035 733 voluerunt

264 757 376 793 ‹lii-cre,
393 756 475 795 quod
494 757 642 786 meritum
656 756 759 795 primo
775 758 803 786 et
821 756 1034 795 principaliter

264 810 402 840 consistit
417 810 496 839 circa
512 812 617 840 actum
631 809 696 839 sive
716 812 840 839 motum
857 809 944 847 fidei,
961 818 1034 839 cum

265 863 329 903 ipsu
344 863 382 892 sit
399 863 500 902 prima
516 863 671 893 virtutum
683 887 690 900 ‚
707 866 736 893 ct
757 864 827 902 ejus
842 865 928 893 actus
944 863 1035 902 priu-

180 933 199 944 m
219 927 240 945 ς.
266 917 382 955 cipium
407 916 553 945 aliorum.
580 915 640 945 Alii
666 924 742 945 vero
764 926 780 945 e
803 918 911 945 contra
934 916 1035 947 dicere

267 969 453 1005 voluerunt,
479 968 563 1007 quod
585 970 672 998 actus
694 968 854 997 charitatis
881 968 983 1007 primo
1007 970 1037 998 et

267 1022 478 1062 principaliter
501 1022 539 1051 sit
564 1021 760 1058 meritorius,
784 1030 857 1051 runi
879 1021 962 1060 ipsa,
986 1031 1036 1052 se—

267 1075 407 1106 cundum
428 1075 618 1113 Gregorium
640 1076 671 1104 et
693 1074 914 1111 Ambrosium,
932 1074 970 1104 sit
985 1084 1035 1104 ca-

269 1131 325 1168 put
342 1131 371 1158 et
390 1129 479 1158 radix
503 1128 649 1158 onmium
670 1127 840 1157 bonorum.
857 1126 894 1157 Et
916 1129 1038 1157 utram—

269 1192 328 1221 qm¹
343 1182 459 1212 harum
478 1181 672 1221 positionum
688 1181 798 1219 magni
814 1180 916 1210 clerici
939 1180 1036 1209 susti-

269 1237 418 1264 nuerunt.
446 1234 483 1264 Et
507 1234 532 1263 si
561 1233 712 1264 volumus
741 1242 816 1263 sane
841 1233 1037 1271 intelligere,

269 1288 327 1317 sihi
343 1288 381 1317 ad
396 1287 533 1317 invicem
551 1296 613 1317 non
631 1286 861 1323 contradicunt,
877 1286 941 1315 imo
956 1285 1038 1316 utri-

269 1350 331 1380 que
348 1351 459 1371 verum
475 1341 590 1371 sentire
607 1342 788 1380 potuerunt.
806 1339 935 1378 Propter
954 1339 1039 1378 quod

269 1395 457 1431 notandum,
474 1394 558 1432 quod
574 1393 749 1423 secuudum
772 1393 856 1431 quod
879 1392 946 1423 vult
965 1392 1040 1422 Phi-

269 1448 436 1487 losophus,
465 1447 632 1486 dupliciter
661 1446 775 1476 dicitur
800 1445 918 1484 aliquid
942 1445 1040 1475 altero

270 1502 369 1541 prins.
387 1500 438 1531 Est
458 1500 543 1530 enim
566 1501 655 1539 prius
669 1499 766 1529 altero
782 1499 925 1537 origine,
942 1501 972 1528 et
995 1501 1041 1529 est

271 1555 357 1594 prius
370 1553 601 1593 complemento
616 1555 647 1582 et
662 1551 861 1583 diffinitione.
880 1551 912 1581 Si
929 1551 1039 1590 loqua-

268 1617 339 1638 niur
363 1608 400 1638 de
428 1607 588 1646 prioritate
615 1605 770 1643 originis,
794 1605 873 1634 ratio
900 1604 1042 1634 merendi

267 1662 355 1700 prius
378 1660 518 1690 consistit
544 1659 574 1688 in
597 1661 668 1688 actu
692 1657 775 1695 fidei,
800 1657 952 1696 quoniam
976 1657 1042 1696 ipse

267 1716 313 1744 cst
341 1714 432 1752 origo
457 1714 604 1742 motuum
631 1711 766 1742 aliarum
796 1711 952 1740 virtutum
979 1721 985 1740 :
1011 1713 1043 1742 et

267 1777 340 1798 cum
363 1766 501 1806 procedit
524 1775 542 1795 a
563 1765 681 1795 virtute
702 1765 848 1800 formata,
875 1763 975 1794 dicere
998 1766 1043 1794 est

268 1822 373 1860 ipsum
396 1829 462 1850 esse
478 1819 690 1850 meritorium.
708 1818 739 1849 si
754 1827 832 1855 ergo
848 1820 953 1848 motus
970 1818 1041 1848 [idei

267 1876 410 1905 formatae
439 1875 486 1903 est
514 1872 717 1908 meritorius,
746 1873 775 1901 et
802 1871 888 1910 prior
916 1871 1042 1910 origine

268 1936 365 1966 quam
389 1928 493 1956 motus
517 1925 653 1955 aliarum
678 1924 833 1954 virtutum
853 1949 858 1961 ‚
883 1924 1040 1963 loquendo

268 1980 305 2010 de
329 1979 489 2019 prioritate
507 1978 655 2016 originis,
672 1977 808 2008 efficacia
830 1977 971 2008 merendi
992 1987 1041 2007 se-

269 2033 410 2063 cundum
438 2032 528 2071 prius
557 2031 758 2061 attribuenda
786 2033 830 2060 est
859 2031 942 2060 actui
974 2031 1042 2061 sive

270 2086 371 2115 motui
400 2085 501 2124 ipsius
531 2085 612 2115 fidei.
642 2084 673 2115 Si
703 2093 778 2114 vero
806 2084 975 2123 loquamur
1003 2086 1041 2115 de

271 2138 429 2178 prioritate
445 2137 671 2177 completionis,
688 2137 730 2167 sic
745 2137 881 2167 efficacia
897 2138 1040 2169 merendi

271 2203 325 2233 per
347 2193 435 2233 prius
459 2192 656 2223 attribuenda
681 2195 726 2222 est
750 2192 833 2222 actui
858 2192 1038 2229 charitatis,

270 2257 341 2278 cum
357 2248 423 2286 ipsa
439 2247 573 2276 charitas
588 2246 831 2285 completissima
842 2245 880 2276 sit
895 2246 1040 2276 omnium

270 2301 437 2337 virtutum⁷
466 2302 495 2329 et
520 2300 550 2329 in
577 2299 675 2339 ipsius
703 2301 775 2330 actu
800 2304 1040 2329 consummetur

269 2356 373 2394 ipsum
387 2354 548 2385 meritum.
564 2354 651 2384 Ratio
662 2357 781 2391 autem,
794 2363 892 2393 quare
906 2354 1040 2384 charitas

269 2408 470 2439 excellentior
493 2408 532 2438 sit
555 2408 634 2445 aliis⁷
657 2410 703 2437 est
718 2408 794 2447 quia
819 2407 958 2438 maxime
982 2417 1040 2438 nos

269 2462 364 2492 efficit
378 2462 555 2499 deiformes,
573 2464 643 2491 tum
660 2461 779 2491 ratione
795 2460 931 2491 liberalis
945 2461 1038 2492 exhi-

270 2515 417 2551 bitionis,
448 2517 516 2545 tuni
543 2515 665 2544 ratione
690 2514 860 2544 conformis
889 2515 1036 2552 unionis,

270 2570 337 2598 tum
353 2569 472 2598 ratione
493 2568 594 2598 finalis
613 2567 815 2607 quietationis
833 2577 839 2598 :
857 2568 978 2598 ratione
998 2568 1038 2598 li-

302 2632 307 2648 ¹
324 2631 478 2660 Joan.‚xv11,
495 2632 532 2656 23.

1087 223 1201 253 beralis
1234 223 1454 262 exhibitionis,
1483 224 1556 264 quia
1589 225 1669 256 sicut
1701 225 1783 257 Deus
1815 236 1855 258 ex

1088 286 1195 308 amore
1210 277 1320 307 tribuit
1334 277 1441 307 onmia
1456 277 1549 315 dona,
1567 278 1612 309 sic
1627 279 1763 310 charitas
1777 279 1854 311 libe-

1088 330 1193 360 raliter
1216 330 1384 369 exequitur
1408 330 1515 361 omnia
1535 331 1686 371 obsequia
1709 334 1740 363 et
1763 342 1854 363 man-

1088 383 1180 420 data3
1205 383 1326 413 ratione
1350 383 1519 414 conformis
1544 384 1683 422 unionis,
1703 386 1854 425 quoniam

1087 436 1167 467 sicut
1184 436 1274 467 Pater
1285 439 1315 467 et
1331 435 1426 466 Filius
1441 438 1611 467 nectuntur
1625 447 1710 469 nexu
1724 439 1852 477 amoris,

1089 492 1118 520 ct
1133 489 1308 527 uniuntur,
1325 489 1368 519 sic
1392 489 1503 527 homo,
1521 499 1576 529 per
1590 490 1774 522 charitatem
1799 492 1856 523 ad-

1089 543 1239 573 haerendo
1256 542 1331 581 Deo,
1350 543 1485 573 efficitur
1501 552 1584 573 unus
1604 544 1742 583 spiritus.
1760 543 1855 584 Prop-

1089 599 1136 626 ter
1161 597 1245 635 quod
1264 596 1397 627 dicitur¹
1417 607 1422 626 :
1446 596 1481 628 UC
1500 596 1567 628 sim
1589 598 1800 629 consummati
1822 598 1858 629 in

1090 658 1200 687 murm,
1225 651 1308 681 siout
1332 653 1360 681 ct
1384 658 1441 681 nos
1466 658 1564 680 unum
1587 658 1716 686 sumus3
1739 651 1859 681 ratione

1091 703 1192 733 finalis
1208 703 1427 743 quietationis⁷
1444 703 1518 743 quia
1534 712 1607 733 cum
1623 712 1712 733 amor
1726 703 1764 733 sit
1781 712 1860 743 pon-

1091 757 1160 795 dus,
1179 757 1249 787 facit
1266 757 1297 786 iu
1315 757 1411 786 Deum
1428 756 1571 793 tendere;
1587 758 1618 786 et
1632 755 1666 786 in
1681 755 1780 786 Deum
1795 757 1861 786 ten-

1091 810 1164 840 dere
1188 811 1233 839 est
1256 810 1288 839 iu
1311 810 1372 840 Deo
1389 809 1567 849 quiescerc;
1584 809 1665 839 sicut
1689 808 1862 848 corporalia

1092 873 1148 903 per
1162 873 1219 894 sua
1235 864 1372 903 pondera
1387 863 1419 892 in
1436 862 1571 902 propriis
1585 862 1660 892 loeis
1677 862 1787 892 situari
1803 862 1859 892 ha-

1092 917 1167 947 bent
1182 919 1212 947 et
1226 916 1367 946 stabiliri.
1385 915 1439 945 His
1453 924 1530 953 ergo
1544 915 1582 945 de
1598 915 1700 945 causis
1715 924 1771 954 per
1785 915 1860 945 cha-

1093 970 1218 1000 ritatem
1234 969 1369 1000 efficitur
1385 969 1480 999 homo
1497 968 1635 998 maxime
1662 968 1722 997 Deo
1737 968 1863 998 confor-

1094 1023 1154 1053 mis
1169 1022 1344 1053 secuudum
1359 1021 1473 1061 triplex
1495 1030 1598 1060 genus
1613 1030 1733 1059 causae,
1750 1030 1862 1051 secun-

1094 1077 1170 1106 dum
1202 1076 1286 1115 quod
1322 1078 1465 1106 creatura
1499 1074 1593 1105 habet
1620 1074 1659 1104 nd
1691 1075 1864 1104 creatorem

1094 1130 1214 1167 referri,
1232 1129 1376 1160 videlicet
1390 1128 1564 1159 secundum
1580 1127 1736 1158 rationem
1754 1126 1866 1166 princi-

1094 1184 1136 1224 pii
1164 1183 1331 1220 moventia
1358 1182 1468 1212 formae
1490 1180 1717 1220 exemplanus,
1741 1181 1772 1211 et
1794 1179 1866 1210 finis

1095 1236 1264 1276 quietantis
1278 1245 1283 1265 :
1301 1238 1329 1266 et
1345 1235 1465 1265 ratione
1479 1235 1535 1273 huj
1542 1243 1577 1264 us
1591 1233 1767 1273 primatum
1782 1234 1866 1263 tenet

1095 1290 1176 1320 inter
1192 1291 1320 1320 caeteras
1334 1288 1466 1318 virtutes
1476 1311 1486 1325 ,
1502 1287 1677 1317 secundum
1692 1286 1776 1325 quod
1792 1285 1867 1316 dicit

1096 1342 1273 1382 Apostolus.
1305 1341 1341 1372 Et
1370 1342 1550 1380 propterea,
1577 1339 1602 1369 si
1630 1339 1801 1378 loquamur
1828 1338 1866 1369 de

1097 1395 1257 1435 prioritate
1273 1393 1499 1433 completionis,
1516 1394 1620 1422 motus
1635 1393 1705 1431 ejus
1719 1391 1822 1431 primo
1837 1393 1867 1422 et

1097 1448 1311 1488 principaliter
1325 1449 1371 1477 est
1385 1446 1566 1477 meritorius
1576 1470 1583 1483 ,
1600 1446 1681 1476 sicut
1695 1445 1865 1476 ostendunt

1098 1501 1312 1538 auctoritates,
1330 1509 1402 1540 quae
1417 1500 1456 1530 ad
1476 1499 1611 1539 primam
1634 1500 1756 1538 partem
1769 1498 1864 1529 indu—

1099 1557 1234 1592 cuntur3
1250 1556 1280 1584 et
1294 1553 1362 1584 ideo
1376 1552 1581 1585 concedendae
1598 1554 1682 1582 sunt.

1141 1611 1152 1638 1
1168 1632 1176 1645 ,
1194 1611 1212 1638 2
1227 1609 1257 1638 et
1272 1609 1299 1638 3.
1317 1607 1364 1637 Ad
1380 1606 1456 1636 illud
1477 1614 1551 1636 vero
1571 1605 1654 1645 quod
1674 1604 1821 1644 objicitur
1834 1604 1867 1635 in

1100 1661 1294 1693 contrarium
1310 1660 1424 1700 primo,
1441 1661 1471 1689 et
1485 1658 1633 1696 secundo,
1651 1659 1681 1688 et
1696 1658 1797 1696 tertio,
1816 1667 1868 1697 pa-

1100 1718 1142 1746 tet
1156 1714 1317 1754 responsio
1334 1723 1341 1744 :
1358 1713 1435 1752 quia
1451 1720 1561 1742 omnes
1577 1711 1639 1741 illae
1654 1713 1718 1741 tres
1732 1710 1868 1742 rationes

1100 1769 1224 1808 primae,
1240 1767 1320 1797 sicut
1335 1765 1471 1796 intuenti
1486 1766 1626 1803 apparet,
1643 1763 1817 1803 procedunt
1830 1763 1868 1794 de

1099 1821 1233 1860 originis
1247 1819 1446 1860 proprietate,
1462 1819 1493 1847 et
1507 1817 1550 1847 ita
1565 1826 1629 1847 non
1644 1816 1774 1847 obviant
1790 1816 1870 1847 veri-

1098 1874 1164 1911 tati,
1181 1883 1239 1904 nec
1259 1872 1448 1909 rationibus,
1465 1879 1538 1910 quae
1559 1870 1597 1900 ad
1613 1869 1793 1909 oppositum
1807 1869 1868 1899 ha-

1098 1928 1173 1958 bent
1193 1926 1315 1957 adduci.
1334 1925 1453 1956 Verum
1467 1923 1553 1954 enim
1578 1924 1633 1959 est,
1650 1922 1735 1962 quod
1759 1924 1865 1953 motus

1097 1981 1169 2011 fidei
1186 1980 1272 2020 prius
1287 1979 1353 2009 exit
1367 1987 1385 2008 a
1398 1977 1496 2008 libero
1515 1976 1628 2006 arbitio
1649 1975 1754 2014 gratia
1768 1975 1865 2006 infor-

1099 2036 1198 2071 mato,
1218 2041 1314 2073 quam
1339 2033 1444 2062 motus
1465 2030 1600 2060 aliarum
1620 2029 1797 2066 virtutum;
1815 2028 1868 2059 sed

1098 2090 1205 2118 tamen
1219 2095 1283 2116 non
1303 2085 1398 2116 habet
1413 2084 1537 2123 plenam
1552 2084 1583 2113 et
1607 2082 1776 2122 perfectam
1799 2083 1869 2112 ten-

1097 2141 1246 2178 dentfflm,
1273 2141 1304 2170 et
1326 2138 1469 2169 ordinem
1494 2137 1532 2167 ad
1557 2136 1653 2166 finem
1666 2159 1674 2174 ,
1702 2143 1868 2175 quousque

1097 2195 1292 2234 adjungatur
1313 2192 1341 2222 ei
1362 2193 1466 2222 motus
1488 2189 1658 2226 charitatis,
1682 2189 1738 2228 qui
1764 2188 1818 2219 dat
1840 2188 1868 2218 ei

1097 2248 1220 2288 pondus
1240 2249 1271 2277 et
1295 2245 1541 2277 inclinationem.
1559 2243 1646 2273 Unde
1667 2250 1708 2273 ex
1731 2241 1867 2273 admini-

1097 2302 1169 2333 culo
1183 2300 1343 2332 charitatis
1358 2299 1439 2329 inest
1461 2298 1518 2337 ipsi
1534 2297 1606 2327 fidei
1629 2296 1776 2336 perfectio
1798 2303 1865 2325 me-

1097 2355 1147 2386 riti
1166 2366 1171 2385 :
1190 2357 1219 2385 et
1243 2355 1408 2393 propterea
1430 2351 1534 2390 magis
1555 2347 1731 2380 mensurari
1754 2347 1868 2378 dicitur

1096 2408 1255 2448 quantitas
1268 2405 1371 2437 meriti
1382 2403 1557 2435 secundum
1573 2400 1781 2441 quantitatem
1797 2400 1869 2431 eha-

1097 2461 1206 2498 ritatiS,
1219 2468 1316 2500 quam
1329 2457 1504 2489 secundum
1519 2454 1727 2495 quantitatem
1739 2452 1868 2484 alterius

1097 2514 1234 2544 virtutis.

1135 2569 1165 2598 4.
1182 2566 1229 2597 Ad
1244 2565 1322 2596 illud
1338 2563 1422 2604 quod
1436 2561 1597 2602 objicitur,
1613 2560 1698 2601 quod
1712 2560 1789 2592 fides
1803 2567 1867 2591 me-

1096 2622 1183 2654 retur
1201 2618 1416 2661 operationem
1439 2614 1681 2652 miraculorum,
1696 2612 1866 2645 dicendum
