2017 2960
68 2233 131 2254 Suffi-

55 2264 138 2285 cieutiae

55 2297 133 2324 duplex

631 207 820 241 DlSTlNCT.
843 206 935 239 XXV.
960 207 1051 240 ART.
1075 207 1099 239 1.
1123 207 1259 247 QUAEST
1281 208 1303 239 Ι.

419 344 679 376 CONCLUSIO.

166 432 197 457 In
219 429 343 463 Symbola
358 430 513 464 Apostolico
528 430 693 463 sufficienter
708 429 798 455 omnia
821 435 862 459 ea,
883 434 940 461 quae

201 477 380 509 opportunum
403 477 440 500 est
460 474 570 505 credere,
602 475 788 505 continentur,
805 471 893 506 quoad
909 479 939 498 ea

201 527 260 553 quae
270 520 467 554 principaliter
482 518 611 546 credenda
624 520 697 544 sunt.

206 599 297 640 Resp.
315 599 354 629 ad
369 608 438 638 arg.
456 599 504 630 Ad
520 598 745 638 praedictorum
760 595 941 634 intelligen-

165 654 242 685 tiam
257 655 303 684 est
317 652 504 689 notandum,
519 651 605 691 quod
618 650 761 681 doctrina
771 649 942 689 1111011111εὲ-

165 707 239 738 dam
267 707 362 738 habet
386 704 601 736 antecedentia
612 728 619 742 ,
651 703 800 743 quaedam
829 710 940 732 conse-

165 760 296 800 quentia
306 784 314 798 ‚
346 758 494 799 quaedam
519 756 676 797 principia
704 756 770 787 sive
798 755 920 794 objecta
932 779 940 792 ,

164 813 246 844 sicut
260 813 293 843 in
310 812 379 843 aliis
393 810 530 842 scientiis
544 810 693 841 videmus
709 817 776 840 esse
792 808 940 848 quaedam

164 866 320 906 principia
334 865 529 901 communia,
550 872 623 903 quae
638 863 881 904 supponuntur,
899 862 941 891 si-

164 921 218 950 cut
232 919 403 958 dignitates
418 928 425 956 ;
442 917 589 957 quaedam
605 926 682 948 vero
701 915 858 956 principia
870 923 942 955 pro·

164 973 233 1012 pria
248 972 375 1003 illarum
391 971 596 1002 scientiarum
607 995 615 1009 ,
631 972 667 1001 ut
680 971 756 1000 sunt
772 969 942 1000 intrinseca

164 1026 321 1066 principia
344 1024 654 1057 demonstrationum
666 1035 674 1061 ;
696 1023 845 1063 quaedam
865 1031 941 1053 vero

164 1082 239 1110 sunt
253 1080 335 1110 sicut
350 1078 588 1119 consequentia,
613 1078 695 1108 sicut
716 1079 792 1108 sunt
813 1075 942 1107 conclu-

164 1133 267 1163 siones
282 1132 466 1163 corollariae.
478 1131 537 1162 Per
551 1131 637 1162 hunc
651 1131 747 1161 etiam
763 1129 894 1160 modum
909 1129 942 1159 in

163 1186 306 1217 doctriua
331 1186 404 1216 fidei
429 1185 645 1216 antecedentia
671 1186 746 1214 suut
773 1183 826 1213 illa
836 1207 844 1219 ‚
868 1191 941 1222 quae

163 1241 239 1270 sunt
253 1239 291 1270 de
307 1238 476 1269 dictamine
492 1237 576 1277 ι111115
591 1237 746 1267 naturalis
759 1247 766 1273 ;
785 1235 942 1275 principia

162 1301 240 1324 vero
258 1293 332 1322 sunt
346 1291 416 1329 illa,
438 1290 477 1321 ad
498 1298 573 1330 quae
595 1289 669 1320 fidei
685 1288 877 1320 illuminatio
893 1288 940 1319 di-

163 1348 246 1376 recte
260 1345 372 1384 dirigit
393 1355 400 1375 :
418 1346 448 1374 et
463 1344 523 1374 ista
537 1343 688 1374 dicuntur
707 1342 843 1373 articuli.
861 1341 942 1372 Con-

163 1398 328 1439 sequentia
353 1399 428 1428 suut
452 1396 506 1427 1113
518 1420 526 1434 ,
553 1405 626 1436 quae
649 1405 690 1426 ex
712 1395 774 1425 illis
800 1395 942 1426 articulis

163 1453 297 1492 possunt
311 1450 396 1488 elici,
413 1452 442 1480 et
457 1449 497 1480 ad
510 1449 580 1479 11105
595 1448 743 1479 articulos
761 1448 878 1479 habent
893 1457 941 1479 se-

164 1505 229 1545 qui.
247 1504 326 1536 Cum
349 1512 428 1543 ergo
449 1502 607 1542 quaeritur
621 1504 732 1533 utrum
748 1502 942 1532 sufficienter

163 1559 306 1590 doctrina
320 1558 394 1588 fidei
410 1557 610 1588 contineatur
625 1556 659 1586 in
676 1555 829 1596 Symbolo
840 1556 942 1595 Apos-

165 1612 268 1650 tolico,
289 1611 460 1643 dicendum
484 1612 530 1640 est
551 1609 636 1649 quod
660 1609 685 1639 si
709 1609 881 1648 loquamur
904 1608 942 1639 de

165 1665 307 1696 doctrina
322 1664 395 1696 fidei
409 1665 566 1704 quantum
577 1663 616 1693 ad
630 1672 666 1693 ea
681 1671 754 1702 quae
770 1664 844 1693 sunt
858 1662 891 1692 in
906 1670 943 1692 ea

165 1719 321 1759 principia
340 1720 370 1749 et
390 1717 534 1757 propria,
552 1716 633 1746 sicut
647 1718 721 1746 sunt
736 1716 782 1746 1111
796 1715 940 1752 articuli,

164 1773 358 1804 sufficienter
378 1772 413 1802 in
427 1771 483 1802 illo
498 1770 642 1811 symbolo
662 1770 855 1801 continetur.
880 1768 940 1800 Po-

163 1828 225 1857 test
238 1828 346 1857 autem
357 1825 456 1865 ipsius
471 1825 660 1856 sufficientia
670 1834 711 1855 ex
725 1824 844 1864 duplici
852 1825 942 1863 parte

164 1879 352 1916 monstrari,
377 1878 522 1909 videlicet
536 1887 577 1908 ex
592 1880 681 1918 parte
700 1878 844 1917 ipsorum
867 1886 942 1907 auc-

163 1935 272 1964 torum
295 1931 553 1972 componentium
563 1955 570 1969 ‚
587 1933 618 1962 et
633 1940 674 1962 ex
689 1933 777 1971 parte
792 1930 942 1962 articulo-

163 1995 237 2017 rum
246 1985 573 2017 constituentium.Ex
582 1987 670 2025 parte
681 1986 850 2016 auctorum
858 1993 941 2015 eom-

164 2039 351 2081 ponentium
361 2063 370 2077 ,
395 2039 472 2079 quia
493 2038 686 2070 universitas
713 2038 758 2069 ihi
782 2038 941 2078 apostolo-

164 2102 239 2124 rum
249 2092 407 2131 convenit,
423 2101 521 2132 quam
537 2100 604 2123 non
616 2093 662 2123 est
675 2091 808 2122 dubium
822 2091 942 2131 aliquid

164 2156 230 2178 11011
244 2147 383 2187 potuisse
397 2146 494 2177 latere
509 2146 547 2177 de
563 2146 625 2185 his,
641 2155 714 2186 quae
729 2145 889 2185 pertinent
903 2145 941 2175 311

165 2200 238 2232 fidei
253 2200 534 2240 complementum.
560 2199 600 2230 Et
615 2201 652 2230 ut
667 2199 824 2238 majorem
842 2198 943 2230 habe-

166 2256 236 2285 rent
249 2253 450 2291 firmitatem,
466 2252 588 2292 singuli
610 2254 787 2292 posuerunt
805 2252 849 2281 ibi
868 2260 942 2283 suas

80 2329 120 2348 via„
166 2309 282 2348 partes,
299 2309 331 2338 et
344 2315 455 2338 omnes
470 2306 602 2337 insimul
621 2306 764 2345 singulas
786 2305 941 2346 approba-

165 2363 284 2392 verunt
299 2371 306 2392 :
323 2362 361 2392 ut
373 2369 438 2391 11113
451 2359 599 2398 Ecclesia,
616 2368 689 2399 quae
706 2368 803 2399 super
817 2361 942 2399 aposto-

163 2413 211 2444 los
235 2413 364 2445 fundari
387 2413 535 2450 debebat,
555 2421 655 2443 unam
678 2412 752 2443 fidei
773 2411 943 2443 credulita-

164 2467 229 2496 tem
248 2468 280 2497 et
303 2466 534 2498 confessionem
553 2465 696 2503 haberet,
716 2474 789 2505 quae
812 2465 942 2505 quidem

163 2518 322 2550 diceretur
335 2519 415 2550 fides
428 2519 598 2555 catholica,
619 2518 680 2549 hoc
699 2520 746 2549 est
766 2518 844 2549 fides
863 2518 941 2548 uni-

195 2583 203 2598 ¹
213 2581 318 2606 Articuli
332 2581 389 2605 fidei
398 2581 489 2605 eodem
498 2582 587 2606 ordine
600 2581 676 2612 positi
692 2581 716 2605 in
730 2581 850 2611 Heriem,
862 2588 939 2605 serm.

164 2623 224 2648 vum
244 2617 306 2641 item
327 2617 354 2640 111
380 2617 514 2648 0οη11“ῐοᾳ.,
536 2619 598 2641 sect.
623 2618 662 2646 38,
685 2616 752 2640 etin
774 2617 856 2640 Dioeta
879 2617 939 2646 sal„

164 2653 201 2677 tit.
216 2653 246 2682 V,
262 2660 283 2676 c.
298 2658 338 2677 111.
349 2665 378 2670 -
391 2653 401 2669 ²
415 2653 543 2676 Numerus
557 2652 728 2676 duodenarius
741 2652 833 2676 dicitur
847 2660 938 2681 super-

163 2688 303 2719 abundans,
324 2688 364 2712 vel
388 2695 544 2717 excrescens,
570 2688 629 2718 quia
650 2688 705 2718 ejus
725 2692 810 2719 partes
833 2689 938 2720 divisae,

334 2741 408 2764 Tou.
430 2741 477 2764 IV·

1708 216 1766 245 545

996 275 1136 306 versatis.
1154 274 1360 313 Universalis‚
1378 274 1510 314 inquam
1521 298 1528 312 ‚
1545 277 1621 315 quia
1634 278 1770 310 univer-

995 328 1038 359 sis
1054 329 1136 366 data,
1153 331 1183 359 et
1198 328 1237 359 ab
1252 328 1412 359 universis
1427 328 1592 367 apostolis,
1613 331 1667 370 qui
1682 334 1771 362 erant

997 381 1241 412 fundamentum
1274 381 1463 413 universalis
1486 381 1631 415 Ecclesiae
1655 386 1771 415 consti-

996 434 1067 464 tuti.

1038 486 1125 518 Unde
1151 491 1158 507 ¹
1184 487 1296 519 Petrus
1322 489 1424 528 primo
1451 490 1555 529 posuit
1583 491 1772 530 particulam

997 550 1100 578 suam,
1115 541 1221 572 dicens
1236 553 1242 572 ε
1262 542 1358 574 Credo
1375 544 1410 574 ιή
1426 544 1517 575 Deum
1532 544 1656 576 Patrem
1669 547 1774 577 omni-

994 597 1151 634 potentem
1161 599 1331 628 creatorem
1343 598 1412 629 cceli
1425 601 1453 629 et
1470 601 1569 630 terne.

1039 647 1183 679 Secundo
1198 649 1340 680 Andreas
1355 650 1498 688 audiens,
1524 652 1692 691 subjunxit
1709 664 1715 684 :
1733 654 1774 685 Ec

997 704 1036 734 in
1051 703 1159 733 desum
1174 703 1339 735 Christum
1353 703 1459 742 filium
1477 704 1547 743 ejus
1560 707 1692 738 wn'cum
1707 708 1771 739 Do-

999 753 1123 784 minum
1137 757 1290 785 nostrum.

1037 806 1142 838 Tertio
1154 807 1291 838 loannes
1307 808 1425 839 addidit
1443 819 1449 839 z
1470 809 1532 845 Qut·
1545 813 1713 850 conceptus
1727 815 1772 843 est

999 859 1036 891 cle
1053 860 1178 899 Spiritu
1192 865 1314 899 sancto,
1332 864 1428 894 natus
1442 870 1482 894 ea:
1499 864 1603 895 Μανία
1627 863 1771 903 Virqine.

1039 913 1156 950 Quarto
1171 915 1278 946 intulit
1291 915 1428 946 ι10000115
1444 917 1546 956 major
1563 928 1568 947 :
1588 917 1706 949 Passus
1717 917 1773 950 sub

1000 968 1111 1000 Pontio
1137 968 1254 1007 Pilato,
1282 969 1475 1009 crucifixus,
1499 973 1642 1003 ¹mortuns
1672 974 1702 1003 et
1729 979 1772 1003 se-

995 1021 1115 1060 pullus.

1039 1074 1154 1111 Quinto
1173 1076 1341 1116 subJunxit
1364 1076 1502 1107 Thomas
1520 1087 1526 1108 :
1545 1077 1714 1110 Descendit
1728 1078 1771 1109 ad

998 1128 1142 1167 inferna,
1158 1130 1253 1161 tertia
1267 1129 1319 1161 clz'c
1331 1131 1506 1162 resurrexit
1517 1139 1536 1161 (ι
1552 1132 1696 1162 mortuis.

1039 1181 1133 1213 Sexto
1161 1182 1280 1213 addidit
1303 1183 1438 1214 Jacobus
1460 1184 1565 1214 minor
1591 1193 1599 1214 ε
1621 1184 1775 1216 Ascendit

998 1234 1041 1265 acl
1057 1235 1156 1272 creles,
1170 1235 1254 1267 sedet
1271 1236 1314 1267 acl
1329 1236 1495 1268 cleoeteram
1511 1237 1569 1268 Dee'
1581 1237 1691 1269 Patris
1706 1245 1775 1270 om-

997 1289 1180 1328 nipotentz's.

1038 1341 1180 1382 Septimo
1194 1343 1307 1383 adJ'ecit
1322 1343 1487 1384 Philippus
1501 1356 1507 1375 :
1525 1345 1604 1376 Inde
1620 1349 1774 1378 venturus

998 1399 1045 1427 est
1052 1395 1205 1434 judicare
1220 1398 1310 1428 vivos
1320 1400 1348 1429 et
1364 1400 1515 1430 mortuos.

1038 1449 1154 1481 Octavo
1176 1450 1283 1480 intulit
1308 1449 1562 1483 Bartholomaeus
1580 1463 1587 1483 ε
1609 1452 1709 1485 Credo
1736 1454 1771 1484 in

999 1502 1159 1542 Spiritum
1173 1506 1331 1535 sanctum.

1038 1555 1129 1587 Nono
1148 1557 1318 1597 subJunxit
1335 1557 1526 1590 Matthaeus:
1550 1559 1700 1591 Sanctam
1718 1559 1776 1591 Ec-

997 1609 1127 1641 clesiam
1138 1610 1343 1642 catholicam.

1038 1662 1164 1694 Decimo
1177 1663 1296 1694 addidit
1313 1664 1425 1695 Simon
1440 1664 1638 1696 Chananaeus
1654 1674 1661 1696 ι
1677 1666 1775 1697 Sanc-

999 1720 1104 1749 torum
1131 1718 1409 1750 communionem:
1429 1718 1505 1758 quia
1531 1719 1564 1749 111
1593 1721 1776 1750 sanctorum

998 1770 1226 1802 communione
1246 1774 1292 1802 est
1306 1773 1509 1811 peccatorum
1525 1771 1682 1802 remissio.

1039 1823 1211 1855 Undecimo
1237 1824 1452 1864 superaddidit
1471 1824 1551 1856 Juda
1569 1824 1749 1856 Thaddaeus
1767 1835 1774 1856 ε

1002 1877 1118 1909 Carnis
1132 1878 1401 1910 resurrectionem.
1419 1877 1456 1908 Et
1478 1880 1524 1908 est
1550 1887 1674 1917 50115115,
1691 1878 1776 1919 quod

998 1929 1081 1961 Deus
1095 1931 1295 1962 resuscitabit
1309 1931 1411 1971 ipsam
1424 1940 1566 1962 carnem.

1038 1983 1230 2016 Duodecimo
1255 1984 1403 2015 Matthias
1430 1984 1690 2016 consummavit:
1718 1984 1775 2016 Va·-

999 2040 1066 2069 tam
1084 2041 1248 2069 oeternam.
1270 2038 1384 2069 Amen.

1038 2090 1078 2122 Et
1091 2091 1135 2122 sic
1151 2091 1285 2131 apostoli
1299 2091 1335 2121 in
1348 2099 1485 2122 numero
1499 2090 1695 2122 duodenario
1709 2090 1776 2130 ple-

999 2153 1040 2175 no
1067 2146 1099 2175 et
1124 2144 1252 2184 integro
1280 2146 1530 2184 composuerunt
1550 2144 1629 2175 illud
1645 2144 1775 2184 symbo-

998 2197 1084 2236 lum,
1103 2197 1232 2237 quando
1257 2200 1347 2229 erant
1367 2197 1500 2229 insimul
1515 2197 1703 2237 congregati
1720 2206 1728 2228 :
1744 2197 1777 2227 in

1000 2259 1066 2290 quo
1091 2251 1221 2291 quidem
1235 2260 1372 2282 numero
1395 2251 1597 2291 significatur
1619 2250 1777 2290 superab-

1001 2304 1124 2335 undans
1144 2307 1155 2322 ²
1174 2304 1335 2345 perfectio.
1355 2304 1394 2336 Et
1424 2304 1502 2336 illud
1529 2304 1776 2344 praefiguratum

998 2358 1079 2389 bfuit
1089 2358 1124 2389 in
1136 2358 1151 2389 J
1154 2367 1241 2397 osne,
1252 2368 1297 2396 iv,
1309 2358 1493 2390 ubidicitur
1507 2358 1593 2398 quod
1609 2357 1775 2389 duodecim

997 2412 1060 2443 viri
1075 2412 1218 2447 tulerunt
1233 2413 1272 2444 de
1286 2412 1393 2445 medio
1409 2412 1555 2444 ι1011131115
1578 2410 1669 2443 alveo
1693 2410 1775 2441 duo-

998 2465 1101 2497 decim
1114 2465 1244 2506 lapides‚
1260 2468 1291 2497 et
1313 2467 1490 2507 posuerunt
1504 2465 1538 2496 in
1552 2464 1632 2503 loco,
1658 2464 1694 2494 in
1710 2473 1774 2504 quo

997 2522 1099 2551 castra
1117 2519 1227 2550 metati
1251 2521 1339 2550 sunt.
1358 2518 1417 2549 Per
1440 2517 1606 2549 duodecim
1633 2525 1774 2556 namque

998 2585 1023 2606 ut
1036 2584 1060 2613 G,
1075 2585 1098 2613 4,
1114 2584 1137 2613 3,
1148 2584 1170 2609 ἓ,
1184 2585 1206 2610 1,
1217 2582 1310 2607 deinde
1325 2582 1484 2612 aggregatis,
1501 2587 1628 2604 summam
1640 2579 1718 2604 totins
1733 2585 1775 2602 ex-

998 2619 1105 2649 cedunt,
1121 2621 1146 2642 et
1159 2625 1294 2642 numerum
1312 2619 1339 2641 16
1355 2616 1520 2641 constituunt.
1536 2616 1572 2640 De
1586 2616 1635 2640 hoc
1649 2621 1773 2644 numero,

996 2661 1098 2677 necnon
1121 2654 1152 2678 de
1174 2654 1286 2684 perfecto
1311 2655 1336 2676 et
1351 2652 1493 2682 diminuto,
1510 2651 1568 2676 vide
1593 2658 1670 2675 serm.
1690 2656 1724 2679 iv.
1747 2650 1774 2674 in

997 2691 1105 2714 Hexoem.

1657 2733 1694 2762 35
