2017 2960
241 151 297 180 372

242 225 296 256 per
311 224 449 255 quarum
465 215 638 254 quamlibet
659 215 691 244 iu
707 216 813 243 actum
828 213 865 251 (cci
886 211 1012 242 volendi

241 269 357 300 exibat.
375 268 409 299 Et
426 269 468 299 sic
484 268 594 299 dividit
624 267 772 305 Magister
789 265 822 296 in
842 266 944 296 littera
958 274 1014 305 per

242 323 302 352 tria
317 322 470 358 membra,
502 321 542 350 ita
558 320 642 359 quod
667 319 719 349 illa
741 319 801 349 tria
822 318 942 348 habent
964 327 1013 348 re-

243 376 314 405 duci
344 376 382 405 ad
409 375 581 406 divisiones
610 372 688 402 (luas
716 371 920 408 bimembres,
941 380 1014 410 quae

244 432 315 459 sunt
333 438 386 468 per
412 427 603 459 dill'erentias
627 426 841 462 immediatas,
859 425 935 464 quia
962 433 1015 455 vo-

244 482 349 513 luntas
373 482 405 510 in
432 481 553 511 Christo
581 479 639 510 tuit
663 481 717 509 aut
738 478 856 516 divina,
883 480 938 508 aut
954 477 1016 508 hu-

245 544 339 565 mana
356 545 362 564 2
381 536 409 563 et
425 534 449 562 si
466 533 618 569 humana,
636 534 691 562 aut
708 540 843 571 sequens
859 531 1015 569 cognitio-

246 597 319 618 nem
343 587 540 624 sensitivam,
568 588 623 616 aut
647 594 783 625 sequens
800 584 1016 623 cognitionem

246 640 471 670 intellectivam
500 650 505 669 ;
523 642 553 670 et
574 639 618 669 sic
635 641 717 678 patet
732 638 919 668 sufficientia
933 646 1018 677 prae-

247 694 337 724 dictae
350 693 511 724 divisionis
527 693 558 722 in
575 693 633 722 tria
648 692 803 722 membra.
820 691 879 721 Per
889 700 1019 730 compa-

248 747 401 777 rationem
431 749 539 776 autem
567 745 739 775 voluntatis
754 744 791 774 ad
813 744 944 774 modum
962 753 1020 775 vo-

248 799 344 836 lendi,
360 799 452 829 habet
468 798 671 837 multiplicari
688 797 835 828 voluntas
849 797 882 826 in
897 796 1019 827 Christo

248 852 401 882 divisione
421 851 669 891 quadrimembri
688 862 693 882 :
711 853 741 881 et
753 851 796 881 sic
811 850 1021 880 consideravit

251 905 343 943 Ilugo
371 904 566 935 voluntatem
595 904 728 942 Christi,
757 912 831 934 cum
861 912 932 933 eam
966 912 1022 942 per

249 960 385 996 quatuor
401 957 542 987 membra
556 957 678 994 divisit;
696 957 740 987 ait
752 956 840 987 euim
857 957 901 986 sic
931 967 937 986 :
959 968 973 985 «
988 955 1022 985 In

250 1010 372 1041 Christo
386 1011 445 1040 suit
458 1011 606 1041 voluutas
622 1010 794 1041 divinitatis
805 1034 813 1048 ‚
830 1012 860 1040 et
875 1010 1023 1040 voluntas

250 1063 392 1101 rationis,
419 1066 449 1094 et
478 1064 624 1094 voluutas
654 1064 788 1103 pietatis,
817 1066 848 1094 et
873 1063 1020 1093 voluntas

251 1117 365 1146 carnis.
392 1116 545 1147 Voluntas
581 1117 754 1147 divinitatis
785 1126 840 1156 per
867 1116 1024 1155 Justitiani

252 1169 439 1200 sententiam
455 1169 602 1200 dictabat.
619 1169 771 1200 Voluntas
793 1169 956 1199 rationalis
969 1178 1025 1208 per

253 1222 465 1253 obedientiam
480 1223 645 1253 veritatem
655 1223 860 1262 approbabat.
872 1221 1025 1253 Voluntas

253 1277 376 1316 pietatis
400 1287 455 1317 per
482 1278 731 1317 compassionem
757 1278 790 1307 in
821 1277 904 1307 malo
925 1277 1026 1307 alieno

252 1331 439 1369 suspirabat.
456 1330 606 1361 Voluntas
616 1331 718 1361 carnis
732 1339 787 1370 per
802 1330 980 1370 passionem
993 1330 1026 1359 in

255 1383 337 1413 malo
348 1384 474 1423 proprio
488 1384 745 1414 murmurabat.»
760 1383 797 1413 Et
805 1383 848 1413 sic
863 1385 956 1422 patet,
972 1392 1027 1422 per

253 1436 393 1466 diversos
405 1437 513 1467 modos
525 1437 696 1474 dividendi,
712 1437 914 1467 voluntatum
926 1436 1027 1466 Chris-

252 1490 275 1520 ti
291 1499 444 1520 numerus
463 1493 492 1520 et
517 1491 705 1521 sufficientia
729 1501 735 1520 :
753 1491 829 1530 quia
853 1490 1028 1521 secundum

254 1543 394 1573 diversas
419 1543 683 1574 considerationes
715 1543 919 1582 multiplicari
936 1543 1030 1573 hahet

256 1596 348 1626 mollo
373 1596 530 1627 divisione
548 1597 729 1634 bimembri,
757 1596 850 1626 modo
873 1595 1029 1626 divisione

256 1650 444 1688 trimembri,
474 1650 567 1681 modo
590 1650 743 1680 divisione
767 1648 1028 1689 quadrimembri,

256 1703 323 1733 siue
338 1703 444 1742 aliqua
460 1704 673 1743 repugnantia
699 1715 705 1733 :
728 1705 759 1733 et
773 1712 828 1742 per
843 1702 913 1733 haec
928 1701 1031 1732 mani-

256 1757 333 1787 festa
350 1760 395 1787 est
414 1757 576 1797 responsio
602 1757 641 1788 ad
656 1757 790 1796 objecta,
808 1755 968 1795 praecipue
993 1755 1031 1785 ad

257 1810 477 1840 auctoritatem
494 1810 652 1849 Hugonis,
676 1812 705 1840 et
722 1809 917 1839 Damasceni.

298 1866 327 1893 1³..
344 1863 391 1893 Ad
414 1863 492 1893 illud
513 1863 596 1902 quod
620 1863 767 1901 objicitur
791 1862 828 1892 de
845 1861 940 1892 verbo
956 1860 1033 1891 Phi-

258 1916 397 1955 losophi,
415 1916 498 1955 quod
514 1916 660 1946 voluntas
675 1918 721 1945 est
736 1915 768 1945 in
784 1915 850 1945 sola
869 1914 1032 1952 rationali,

259 1969 428 1999 dicendum
448 1969 533 2009 quod
560 1968 767 2008 Philosophus
781 1969 897 2008 accipit
918 1968 1032 1999 volun-

259 2025 355 2053 tatem
377 2024 496 2060 stricte,
515 2023 657 2053 videlicet
673 2032 729 2063 pro
744 2023 884 2062 appetitu
906 2022 1034 2052 ratioci-

262 2077 370 2107 nativo
386 2087 392 2106 ε
412 2076 561 2115 Magister
581 2079 688 2106 autem
707 2078 736 2106 et
751 2075 855 2106 Sancti
877 2075 1036 2115 accipiunt

263 2130 461 2160 voluntatem
483 2129 571 2168 large
587 2129 626 2159 ad
640 2138 769 2159 omnem
788 2130 969 2159 humanum
986 2128 1035 2158 af-

262 2183 390 2220 fectum,
407 2183 473 2213 sive
489 2183 635 2222 procedat
649 2192 690 2214 ex
704 2183 834 2218 ratione,
850 2182 916 2212 sive
931 2190 1036 2221 proce-

262 2235 315 2265 dat
329 2244 369 2265 ex
384 2244 489 2265 sensu.

303 2291 332 2319 3.
359 2289 406 2319 Ad
428 2289 504 2319 illud
533 2289 616 2328 quod
642 2288 806 2327 objicitur,
834 2288 917 2327 quod
942 2297 1037 2327 penes

263 2342 459 2372 voluntatem
482 2341 654 2372 attenditur
680 2341 817 2371 liberum
847 2341 1034 2378 arbitrium,

263 2395 418 2425 consimili
449 2395 541 2425 niodo
570 2394 824 2433 respondendum
856 2396 921 2432 est,
953 2394 1037 2433 quod

265 2447 323 2477 hoc
339 2447 529 2487 intelligitur
544 2447 581 2477 de
600 2447 760 2477 voluntate
786 2447 910 2487 proprie
929 2447 1011 2477 (licta
1028 2458 1034 2477 z

264 2503 293 2529 et
309 2500 353 2529 sic
370 2510 483 2530 verum
500 2503 545 2530 est
560 2499 643 2539 quod
660 2500 692 2529 in
708 2499 829 2530 Christo
856 2509 920 2531 uon
944 2500 1038 2530 habet

298 2581 304 2596 ¹
321 2582 436 2611 August„
451 2581 479 2604 (le
495 2581 571 2609 Trin„
582 2580 626 2604 lib.
641 2581 680 2604 ΙΧ,
696 2582 848 2610 pei-totunm
866 2580 908 2603 lib.
924 2581 966 2610 XI,
981 2588 1002 2603 e.
1020 2586 1037 2604 n

266 2617 289 2637 et
305 2623 373 2646 seqq
390 2617 432 2640 lib.
451 2618 480 2646 n,
497 2624 517 2640 e.
533 2622 579 2639 xii.

794 144 1106 177 SENTENTIARUM
1132 146 1204 177 LlB.
1230 146 1283 176 111.

1068 212 1127 242 nisi
1143 212 1220 243 duas
1244 211 1446 243 differentias.
1462 213 1610 253 Magister
1631 214 1739 244 autem
1757 215 1842 245 acci-

1070 265 1115 305 pit
1128 274 1245 295 nomen
1259 265 1432 295 voluntatis
1447 275 1503 305 pro
1518 267 1668 306 appetitu.

1110 320 1139 347 4.
1157 318 1204 348 Ad
1220 317 1297 348 illud
1311 317 1397 357 quod
1413 318 1575 358 objicitur⁷
1592 319 1676 358 qnod
1697 318 1846 350 voluntas

1071 371 1274 410 consequitur
1296 373 1460 408 naturam,
1488 371 1655 401 dicendum
1677 372 1761 411 quod
1783 381 1846 403 vo-

1070 423 1175 454 luntas
1198 424 1404 463 consequitur
1421 426 1584 462 naturam,
1605 424 1685 454 sicut
1706 424 1846 464 potentia

1072 477 1277 516 consequitur
1305 476 1518 507 substantiam
1543 485 1551 506 t
1575 479 1606 506 et
1626 477 1757 516 quiajn
1781 485 1846 508 una

1072 530 1248 560 substantia
1263 532 1394 569 possunt
1409 539 1475 560 esse
1490 529 1595 569 plures
1614 530 1776 569 potentiae,
1792 530 1845 561 ni-

1073 583 1117 614 hil
1132 583 1263 623 impedit
1278 584 1311 614 in
1326 583 1446 616 Christo
1462 583 1592 623 reperiri
1607 583 1712 623 plures
1727 583 1846 614 volun-

1074 639 1151 668 tates
1168 647 1175 668 :
1195 638 1273 668 duas
1293 647 1333 668 ex
1352 639 1441 677 parte
1456 637 1553 667 unius
1576 639 1715 675 naturae,
1732 637 1849 667 scilicet

1074 693 1198 722 naturae
1221 691 1390 728 humanae3
1406 694 1436 722 et
1452 700 1549 721 unam
1572 699 1612 721 ex
1627 692 1714 730 parte
1730 690 1848 721 divinae

1075 746 1198 774 natura}
1215 755 1221 774 ι
1240 746 1270 774 et
1286 744 1327 775 ita
1344 745 1375 774 in
1395 744 1544 775 universo
1559 746 1631 774 tres.

1103 798 1132 834 5,
1141 799 1195 827 oet
1206 799 1234 827 7.
1243 797 1290 828 Ad
1304 797 1379 827 illud
1390 798 1475 837 quod
1486 797 1645 837 objicitur,
1655 796 1740 836 quod
1750 796 1849 827 multo

1077 850 1183 889 plures
1201 850 1350 880 deberent
1364 859 1430 880 esse
1444 874 1452 888 ,
1469 859 1523 889 per
1544 850 1761 880 auctoritatem
1782 849 1850 880 Hu-

1077 903 1182 941 gonis,
1199 904 1230 933 et
1244 903 1440 941 Damasceni,
1458 906 1585 943 propter
1597 902 1804 942 synderesim,
1821 904 1851 933 et

1077 956 1226 994 thelisixu,
1244 959 1274 986 et
1288 956 1435 994 bulisim3
1451 956 1619 986 dicendum
1638 956 1722 994 quod
1736 965 1776 986 ex
1791 955 1852 985 illis

1078 1010 1317 1040 auctoritatibus
1344 1019 1408 1040 nou
1436 1011 1537 1050 potest
1563 1010 1675 1048 argui,
1707 1009 1791 1049 quod
1820 1009 1852 1038 in

1079 1062 1201 1092 Christo
1227 1062 1289 1092 sint
1316 1063 1422 1102 plures
1446 1063 1625 1093 voluntates
1648 1071 1743 1102 quam
1771 1064 1851 1099 tres,

1080 1115 1139 1146 nisi
1161 1115 1334 1155 accipiatur
1352 1115 1464 1146 divisio
1483 1115 1656 1146 voluntatis
1677 1115 1853 1146 secundum

1082 1169 1190 1199 modos
1205 1168 1349 1206 volendi,
1367 1178 1423 1208 per
1438 1177 1533 1208 quem
1548 1168 1679 1199 modum
1694 1167 1855 1198 rationalis

1081 1221 1228 1251 voluntas
1253 1221 1455 1261 multiplicari
1482 1222 1578 1252 habet
1602 1221 1634 1251 in
1658 1221 1855 1252 voluntatem

1081 1274 1212 1305 ration1s
1225 1277 1255 1305 et
1269 1275 1403 1314 pietatis,
1419 1275 1478 1305 hoc
1494 1277 1539 1305 est
1553 1274 1730 1305 secundum
1744 1274 1854 1305 condi-

1082 1328 1230 1358 tionalem
1250 1330 1279 1358 et
1301 1328 1497 1365 absolutam3
1520 1328 1618 1358 dividi
1645 1327 1741 1358 etiam
1762 1327 1857 1358 habet

1084 1382 1115 1411 in
1131 1383 1318 1420 naturalem,
1335 1385 1366 1413 et
1380 1383 1617 1414 deliberativam
1635 1393 1641 1413 :
1659 1383 1713 1413 sed
1729 1391 1784 1422 per
1797 1383 1858 1414 hoc

1084 1444 1148 1465 non
1169 1438 1268 1475 potest
1284 1435 1395 1474 argui,
1421 1435 1505 1475 quod
1521 1435 1668 1475 praedicta
1683 1435 1796 1467 divisio
1819 1436 1858 1466 sit

1084 1489 1295 1527 insufficiens,
1313 1489 1389 1528 quia
1403 1491 1529 1528 accepta
1543 1491 1589 1519 est
1603 1489 1780 1519 secundum
1799 1497 1856 1528 po-

1086 1542 1198 1572 tentias
1215 1553 1221 1572 2
1239 1542 1297 1572 uni
1312 1542 1397 1573 enim
1418 1542 1566 1582 potentiae
1582 1543 1713 1581 possunt
1726 1550 1857 1582 respon-

1085 1594 1159 1625 dere
1172 1595 1278 1634 plures
1293 1596 1378 1626 modi
1393 1595 1532 1627 volendi.

1127 1652 1156 1678 8.
1179 1648 1226 1678 Ad
1242 1648 1319 1679 illud
1339 1648 1423 1688 quod
1440 1649 1603 1688 objicitur,
1620 1648 1705 1688 quod
1719 1648 1859 1688 quadru-

1086 1702 1159 1741 plex
1174 1701 1266 1732 estin
1287 1701 1407 1732 Christo
1431 1701 1584 1740 cognitio,
1601 1704 1632 1732 et
1652 1702 1695 1732 ita
1716 1701 1860 1741 quadru-

1087 1755 1160 1794 plex
1195 1754 1285 1785 debet
1311 1764 1377 1785 esse
1404 1754 1528 1785 affectio
1542 1765 1548 1792 ;
1578 1755 1747 1785 dicendum
1774 1754 1860 1794 quod

1088 1808 1229 1847 cognitio
1247 1807 1400 1838 sensitiva
1423 1807 1559 1838 exterior
1582 1816 1647 1838 non
1670 1807 1764 1838 habet
1788 1815 1862 1846 per-

1088 1862 1253 1892 fectionem
1273 1861 1392 1901 absque
1410 1861 1563 1891 interiori.
1580 1860 1669 1891 Sicut
1691 1860 1777 1891 enim
1790 1860 1861 1891 vult

1090 1914 1290 1953 Augustinus
1303 1915 1321 1952 ¹,
1340 1923 1403 1945 non
1418 1916 1464 1945 est
1477 1914 1613 1954 perfecta
1634 1914 1715 1945 visio
1729 1923 1770 1944 ex
1786 1921 1863 1944 con-

1091 1977 1186 1998 cursu
1206 1967 1321 2007 organi
1343 1969 1375 1997 et
1397 1967 1526 2007 obJecti‚
1551 1967 1611 1997 nisi
1634 1967 1714 1998 adsit
1733 1966 1864 1998 interior

1091 2021 1233 2057 attentio,
1258 2030 1315 2051 seu
1337 2020 1479 2058 intentio,
1496 2020 1647 2060 copulans
1665 2029 1768 2051 unum
1789 2028 1862 2051 cum

1091 2075 1204 2111 altero,
1229 2073 1310 2105 sicut
1334 2074 1449 2104 dicitur
1470 2074 1504 2104 in
1530 2074 1610 2104 libro
1629 2074 1796 2105 undecimo
1820 2075 1863 2105 De

1096 2127 1264 2159 Trinitale.
1286 2126 1375 2157 Illam
1401 2129 1509 2158 autem
1544 2127 1749 2158 attentionem
1772 2128 1884 2171 vocat*

1093 2180 1293 2220 Augustinus
1308 2180 1554 2218 sensualitatem,
1569 2180 1676 2211 dicens
1691 2179 1777 2220 quod
1790 2188 1862 2210 sen-

1093 2234 1222 2265 sualitas
1237 2235 1282 2263 est
1297 2233 1349 2263 illa
1370 2242 1425 2272 per
1440 2241 1538 2272 quam
1552 2233 1722 2264 attenditur
1739 2232 1774 2272 (b)
1791 2241 1864 2263 cor-

1093 2288 1180 2327 poris
1196 2296 1307 2318 sensus
1324 2297 1330 2317 z
1348 2288 1379 2317 et
1394 2295 1490 2325 penes
1503 2286 1586 2317 hanc
1600 2286 1781 2324 attenditur,
1797 2285 1863 2316 sive

1094 2340 1284 2377 intenditur,
1304 2339 1462 2379 appetitus
1476 2339 1578 2369 carnis
1594 2349 1600 2369 :
1618 2340 1648 2369 et
1662 2338 1731 2369 ideo
1747 2338 1862 2378 Magis-

1094 2396 1140 2424 ter
1155 2403 1195 2424 ex
1211 2395 1296 2433 parte
1311 2392 1500 2432 cognitionis
1513 2391 1673 2422 sensitivae
1683 2401 1782 2422 unam
1796 2394 1866 2422 tan-

1095 2449 1162 2477 tum
1184 2447 1272 2486 ponit
1295 2446 1503 2482 voluntatem,
1528 2445 1645 2476 scilicet
1668 2446 1863 2477 voluntatem

1094 2499 1308 2530 sensualitatis
1328 2508 1335 2529 :
1358 2498 1383 2529 si
1404 2498 1490 2528 enim
1512 2498 1666 2538 acciperet
1688 2499 1864 2531 secundum

1095 2562 1204 2583 sensus
1222 2551 1412 2588 exteriores,
1428 2551 1498 2590 jam
1513 2560 1577 2582 uon
1597 2560 1678 2590 una,
1694 2553 1748 2583 sed
1767 2552 1865 2592 quin-

1131 2616 1162 2644 (α)
1179 2614 1239 2638 Coet.
1250 2613 1311 2637 edit.
1324 2615 1391 2637 actu.
1402 2625 1432 2630 —
1445 2612 1477 2644 (b)
1493 2614 1553 2637 Cael.
1568 2614 1628 2639 edit.
1643 2615 1782 2640 attenditur
1795 2614 1831 2638 in.
