<?xml version="1.0" encoding="UTF-8"?>
<!DOCTYPE html PUBLIC "-//W3C//DTD XHTML 1.0 Transitional//EN"
    "http://www.w3.org/TR/xhtml1/DTD/xhtml1-transitional.dtd">
<html xmlns="http://www.w3.org/1999/xhtml" xml:lang="en" lang="en">
 <head>
  <title>
</title>
<meta http-equiv="Content-Type" content="text/html;charset=utf-8" />
  <meta name='ocr-system' content='tesseract 3.04.00' />
  <meta name='ocr-capabilities' content='ocr_page ocr_carea ocr_par ocr_line ocrx_word'/>
</head>
<body>
  <div class='ocr_page' id='page_1' title='image "./operaomniasixtiv04bonauoft/operaomniasixtiv04bonauoft_0061.png"; bbox 0 0 2017 2960; ppageno 0'>
   <div class='ocr_carea' id='block_1_1' title="bbox 691 183 1799 222">
    <p class='ocr_par' dir='ltr' id='par_1_1' title="bbox 691 183 1799 222">
     <span class='ocr_line' id='line_1_1' title="bbox 691 183 1799 222; baseline 0.005 -7"><span class='ocrx_word' id='word_1_1' title='bbox 691 184 785 216; x_wconf 86' lang='lat' dir='ltr'><strong>DIST.</strong></span> <span class='ocrx_word' id='word_1_2' title='bbox 812 185 849 216; x_wconf 85' lang='lat' dir='ltr'>ll.</span> <span class='ocrx_word' id='word_1_3' title='bbox 873 184 963 217; x_wconf 76' lang='lat' dir='ltr'>An‘r.</span> <span class='ocrx_word' id='word_1_4' title='bbox 991 184 1014 215; x_wconf 89' lang='lat'>1.</span> <span class='ocrx_word' id='word_1_5' title='bbox 1041 183 1191 222; x_wconf 65' lang='lat' dir='ltr'>QIOEST.</span> <span class='ocrx_word' id='word_1_6' title='bbox 1215 185 1253 216; x_wconf 84' lang='grc' dir='ltr'>ΙΙ.</span> <span class='ocrx_word' id='word_1_7' title='bbox 1760 191 1799 220; x_wconf 85' lang='grc'>39</span> 
     </span>
    </p>
   </div>
   <div class='ocr_carea' id='block_1_2' title="bbox 174 251 965 2609">
    <p class='ocr_par' dir='ltr' id='par_1_2' title="bbox 180 251 965 1208">
     <span class='ocr_line' id='line_1_2' title="bbox 183 251 963 294; baseline 0.003 -12"><span class='ocrx_word' id='word_1_8' title='bbox 183 251 245 282; x_wconf 87' lang='lat' dir='ltr'>lius</span> <span class='ocrx_word' id='word_1_9' title='bbox 260 251 312 283; x_wconf 86' lang='lat' dir='ltr'>Dei</span> <span class='ocrx_word' id='word_1_10' title='bbox 326 254 504 283; x_wconf 79' lang='lat' dir='ltr'><strong>assumeret</strong></span> <span class='ocrx_word' id='word_1_11' title='bbox 516 254 665 284; x_wconf 75' lang='lat' dir='ltr'>naturam</span> <span class='ocrx_word' id='word_1_12' title='bbox 677 262 781 285; x_wconf 85' lang='lat' dir='ltr'>suam.</span> <span class='ocrx_word' id='word_1_13' title='bbox 802 253 902 294; x_wconf 82' lang='lat' dir='ltr'>Magis</span> <span class='ocrx_word' id='word_1_14' title='bbox 913 254 963 284; x_wconf 92' lang='lat' dir='ltr'>in·</span> 
     </span>
     <span class='ocr_line' id='line_1_3' title="bbox 183 305 963 347; baseline 0.003 -10"><span class='ocrx_word' id='word_1_15' title='bbox 183 305 323 346; x_wconf 82' lang='lat' dir='ltr'>digebat.</span> <span class='ocrx_word' id='word_1_16' title='bbox 339 306 416 346; x_wconf 87' lang='lat' dir='ltr'>quia</span> <span class='ocrx_word' id='word_1_17' title='bbox 430 308 515 337; x_wconf 86' lang='lat' dir='ltr'>totus</span> <span class='ocrx_word' id='word_1_18' title='bbox 532 307 640 347; x_wconf 86' lang='lat' dir='ltr'>lapsus</span> <span class='ocrx_word' id='word_1_19' title='bbox 655 308 769 339; x_wconf 78' lang='lat' dir='ltr'>suerat.</span> <span class='ocrx_word' id='word_1_20' title='bbox 787 307 894 339; x_wconf 83' lang='lat' dir='ltr'>Minus</span> <span class='ocrx_word' id='word_1_21' title='bbox 912 308 963 338; x_wconf 93' lang='lat' dir='ltr'>in-</span> 
     </span>
     <span class='ocr_line' id='line_1_4' title="bbox 182 359 964 400; baseline 0.005 -11"><span class='ocrx_word' id='word_1_22' title='bbox 182 359 301 398; x_wconf 89' lang='lat' dir='ltr'>dignus</span> <span class='ocrx_word' id='word_1_23' title='bbox 313 362 401 397; x_wconf 89' lang='lat' dir='ltr'>erat,</span> <span class='ocrx_word' id='word_1_24' title='bbox 420 360 495 400; x_wconf 88' lang='lat' dir='ltr'>quia</span> <span class='ocrx_word' id='word_1_25' title='bbox 511 370 566 400; x_wconf 71' lang='lat' dir='ltr'>per</span> <span class='ocrx_word' id='word_1_26' title='bbox 579 361 678 392; x_wconf 86' lang='lat' dir='ltr'>alium</span> <span class='ocrx_word' id='word_1_27' title='bbox 695 365 870 393; x_wconf 87' lang='lat' dir='ltr'>corruerat.</span> <span class='ocrx_word' id='word_1_28' title='bbox 890 361 964 393; x_wconf 87' lang='lat' dir='ltr'>Plus</span> 
     </span>
     <span class='ocr_line' id='line_1_5' title="bbox 182 412 965 454; baseline 0.004 -11"><span class='ocrx_word' id='word_1_29' title='bbox 182 412 210 443; x_wconf 91' lang='lat' dir='ltr'>ei</span> <span class='ocrx_word' id='word_1_30' title='bbox 226 413 390 453; x_wconf 75' lang='lat' dir='ltr'>proderat,</span> <span class='ocrx_word' id='word_1_31' title='bbox 414 413 490 454; x_wconf 90' lang='lat' dir='ltr'>quia</span> <span class='ocrx_word' id='word_1_32' title='bbox 507 414 612 445; x_wconf 86' lang='lat' dir='ltr'>adbuc</span> <span class='ocrx_word' id='word_1_33' title='bbox 636 415 667 445; x_wconf 95' lang='lat' dir='ltr'>in</span> <span class='ocrx_word' id='word_1_34' title='bbox 689 415 772 446; x_wconf 89' lang='lat' dir='ltr'>malo</span> <span class='ocrx_word' id='word_1_35' title='bbox 788 416 965 446; x_wconf 83' lang='lat' dir='ltr'>obstinatus</span> 
     </span>
     <span class='ocr_line' id='line_1_6' title="bbox 183 467 963 507; baseline 0.003 -10"><span class='ocrx_word' id='word_1_36' title='bbox 183 475 247 497; x_wconf 90' lang='lat' dir='ltr'>non</span> <span class='ocrx_word' id='word_1_37' title='bbox 262 470 340 498; x_wconf 91' lang='lat' dir='ltr'>erat.</span> <span class='ocrx_word' id='word_1_38' title='bbox 357 467 516 505; x_wconf 79' lang='lat' dir='ltr'>Quoniam</span> <span class='ocrx_word' id='word_1_39' title='bbox 532 477 610 507; x_wconf 85' lang='lat' dir='ltr'>ergo</span> <span class='ocrx_word' id='word_1_40' title='bbox 625 468 734 499; x_wconf 86' lang='lat' dir='ltr'>divina</span> <span class='ocrx_word' id='word_1_41' title='bbox 746 469 963 500; x_wconf 79' lang='lat' dir='ltr'>misericordia</span> 
     </span>
     <span class='ocr_line' id='line_1_7' title="bbox 183 520 960 562; baseline 0.003 -12"><span class='ocrx_word' id='word_1_42' title='bbox 183 520 241 550; x_wconf 82' lang='lat' dir='ltr'>ista</span> <span class='ocrx_word' id='word_1_43' title='bbox 261 520 321 551; x_wconf 88' lang='lat' dir='ltr'>tria</span> <span class='ocrx_word' id='word_1_44' title='bbox 335 525 445 561; x_wconf 74' lang='lat' dir='ltr'>pensat</span> <span class='ocrx_word' id='word_1_45' title='bbox 458 523 489 554; x_wconf 90' lang='lat' dir='ltr'>in</span> <span class='ocrx_word' id='word_1_46' title='bbox 506 522 678 559; x_wconf 78' lang='lat' dir='ltr'>beneflciis,</span> <span class='ocrx_word' id='word_1_47' title='bbox 695 531 769 562; x_wconf 83' lang='lat' dir='ltr'>quae</span> <span class='ocrx_word' id='word_1_48' title='bbox 786 522 960 562; x_wconf 85' lang='lat' dir='ltr'>impendit;</span> 
     </span>
     <span class='ocr_line' id='line_1_8' title="bbox 183 573 963 616; baseline 0.005 -12"><span class='ocrx_word' id='word_1_49' title='bbox 183 573 256 605; x_wconf 88' lang='lat' dir='ltr'>hinc</span> <span class='ocrx_word' id='word_1_50' title='bbox 271 577 316 605; x_wconf 74' lang='lat' dir='ltr'>est</span> <span class='ocrx_word' id='word_1_51' title='bbox 331 577 414 616; x_wconf 73' lang='lat' dir='ltr'>qumi</span> <span class='ocrx_word' id='word_1_52' title='bbox 432 577 530 607; x_wconf 66' lang='lat' dir='ltr'>bens·</span> <span class='ocrx_word' id='word_1_53' title='bbox 546 577 605 616; x_wconf 79' lang='lat' dir='ltr'>qni</span> <span class='ocrx_word' id='word_1_54' title='bbox 619 579 663 608; x_wconf 77' lang='lat' dir='ltr'>est</span> <span class='ocrx_word' id='word_1_55' title='bbox 683 575 775 608; x_wconf 79' lang='lat' dir='ltr'>dives</span> <span class='ocrx_word' id='word_1_56' title='bbox 787 577 825 608; x_wconf 78' lang='lat' dir='ltr'>in</span> <span class='ocrx_word' id='word_1_57' title='bbox 837 576 963 608; x_wconf 79' lang='lat' dir='ltr'>miseri-</span> 
     </span>
     <span class='ocr_line' id='line_1_9' title="bbox 182 627 962 669; baseline 0.003 -10"><span class='ocrx_word' id='word_1_58' title='bbox 182 627 305 664; x_wconf 78' lang='lat' dir='ltr'><strong><em>cordia,</em></strong></span> <span class='ocrx_word' id='word_1_59' title='bbox 317 633 447 669; x_wconf 81' lang='lat' dir='ltr'>propter</span> <span class='ocrx_word' id='word_1_60' title='bbox 463 631 601 662; x_wconf 78' lang='lat' dir='ltr'>m&#39;miam</span> <span class='ocrx_word' id='word_1_61' title='bbox 615 629 894 669; x_wconf 78' lang='lat' dir='ltr'>cltarl&#39;tatem,q11a</span> <span class='ocrx_word' id='word_1_62' title='bbox 909 629 962 661; x_wconf 74' lang='lat' dir='ltr'>(li-</span> 
     </span>
     <span class='ocr_line' id='line_1_10' title="bbox 183 681 963 723; baseline 0.004 -12"><span class='ocrx_word' id='word_1_63' title='bbox 183 681 266 714; x_wconf 72' lang='lat' dir='ltr'>[exit</span> <span class='ocrx_word' id='word_1_64' title='bbox 279 690 347 717; x_wconf 78' lang='lat' dir='ltr'>nos.</span> <span class='ocrx_word' id='word_1_65' title='bbox 365 683 469 721; x_wconf 69' lang='lat' dir='ltr'>magis</span> <span class='ocrx_word' id='word_1_66' title='bbox 483 683 655 723; x_wconf 75' lang='lat' dir='ltr'>assumpsit</span> <span class='ocrx_word' id='word_1_67' title='bbox 672 683 849 714; x_wconf 89' lang='lat' dir='ltr'>humanam</span> <span class='ocrx_word' id='word_1_68' title='bbox 868 685 963 714; x_wconf 86' lang='lat' dir='ltr'>natu-</span> 
     </span>
     <span class='ocr_line' id='line_1_11' title="bbox 183 736 962 777; baseline 0.003 -11"><span class='ocrx_word' id='word_1_69' title='bbox 183 744 263 773; x_wconf 87' lang='lat' dir='ltr'>ram,</span> <span class='ocrx_word' id='word_1_70' title='bbox 279 745 376 775; x_wconf 85' lang='lat' dir='ltr'>quam</span> <span class='ocrx_word' id='word_1_71' title='bbox 393 736 590 776; x_wconf 67' lang='lat' dir='ltr'>angelicam,</span> <span class='ocrx_word' id='word_1_72' title='bbox 608 737 685 777; x_wconf 88' lang='lat' dir='ltr'>quia</span> <span class='ocrx_word' id='word_1_73' title='bbox 700 739 804 777; x_wconf 85' lang='lat' dir='ltr'>major</span> <span class='ocrx_word' id='word_1_74' title='bbox 821 738 962 777; x_wconf 89' lang='lat' dir='ltr'>reperie-</span> 
     </span>
     <span class='ocr_line' id='line_1_12' title="bbox 182 789 962 831; baseline 0.003 -12"><span class='ocrx_word' id='word_1_75' title='bbox 182 789 277 820; x_wconf 87' lang='lat' dir='ltr'>batur</span> <span class='ocrx_word' id='word_1_76' title='bbox 298 789 330 820; x_wconf 89' lang='lat' dir='ltr'>in</span> <span class='ocrx_word' id='word_1_77' title='bbox 355 798 392 820; x_wconf 85' lang='lat' dir='ltr'>ea</span> <span class='ocrx_word' id='word_1_78' title='bbox 416 790 627 829; x_wconf 70' lang='lat' dir='ltr'>congruentia</span> <span class='ocrx_word' id='word_1_79' title='bbox 659 790 697 820; x_wconf 91' lang='lat' dir='ltr'>ad</span> <span class='ocrx_word' id='word_1_80' title='bbox 720 791 962 831; x_wconf 86' lang='lat' dir='ltr'>suscipiendum</span> 
     </span>
     <span class='ocr_line' id='line_1_13' title="bbox 183 843 964 882; baseline 0.004 -9"><span class='ocrx_word' id='word_1_81' title='bbox 183 845 305 873; x_wconf 78' lang='lat' dir='ltr'>tantum</span> <span class='ocrx_word' id='word_1_82' title='bbox 322 843 513 874; x_wconf 70' lang='lat' dir='ltr'>beneficium</span> <span class='ocrx_word' id='word_1_83' title='bbox 534 843 653 875; x_wconf 79' lang='lat' dir='ltr'>‹livinae</span> <span class='ocrx_word' id='word_1_84' title='bbox 669 845 910 882; x_wconf 68' lang='lat' dir='ltr'>misericordiae,</span> <span class='ocrx_word' id='word_1_85' title='bbox 932 847 964 876; x_wconf 84' lang='lat' dir='ltr'>et</span> 
     </span>
     <span class='ocr_line' id='line_1_14' title="bbox 183 896 960 936; baseline 0.004 -9"><span class='ocrx_word' id='word_1_86' title='bbox 183 898 217 927; x_wconf 87' lang='lat' dir='ltr'>ut</span> <span class='ocrx_word' id='word_1_87' title='bbox 233 905 288 936; x_wconf 90' lang='lat' dir='ltr'>per</span> <span class='ocrx_word' id='word_1_88' title='bbox 302 896 378 927; x_wconf 87' lang='lat' dir='ltr'>illud</span> <span class='ocrx_word' id='word_1_89' title='bbox 402 896 598 928; x_wconf 76' lang='lat' dir='ltr'>relevaretur</span> <span class='ocrx_word' id='word_1_90' title='bbox 613 907 632 928; x_wconf 84' lang='lat' dir='ltr'>a</span> <span class='ocrx_word' id='word_1_91' title='bbox 647 898 786 929; x_wconf 81' lang='lat' dir='ltr'>miseria.</span> <span class='ocrx_word' id='word_1_92' title='bbox 812 898 887 930; x_wconf 80' lang='lat' dir='ltr'>Haec</span> <span class='ocrx_word' id='word_1_93' title='bbox 901 908 960 930; x_wconf 86' lang='lat' dir='ltr'>au-</span> 
     </span>
     <span class='ocr_line' id='line_1_15' title="bbox 181 950 962 991; baseline 0.004 -10"><span class='ocrx_word' id='word_1_94' title='bbox 181 952 246 981; x_wconf 88' lang='lat' dir='ltr'>tem</span> <span class='ocrx_word' id='word_1_95' title='bbox 260 950 352 989; x_wconf 89' lang='lat' dir='ltr'>ratio,</span> <span class='ocrx_word' id='word_1_96' title='bbox 371 960 444 991; x_wconf 83' lang='lat' dir='ltr'>quae</span> <span class='ocrx_word' id='word_1_97' title='bbox 459 954 587 991; x_wconf 83' lang='lat' dir='ltr'>sumpta</span> <span class='ocrx_word' id='word_1_98' title='bbox 602 954 648 983; x_wconf 84' lang='lat' dir='ltr'>est</span> <span class='ocrx_word' id='word_1_99' title='bbox 663 952 703 983; x_wconf 85' lang='lat' dir='ltr'>ab</span> <span class='ocrx_word' id='word_1_100' title='bbox 716 953 850 983; x_wconf 81' lang='lat' dir='ltr'>humani</span> <span class='ocrx_word' id='word_1_101' title='bbox 866 962 962 991; x_wconf 82' lang='lat' dir='ltr'>gene-</span> 
     </span>
     <span class='ocr_line' id='line_1_16' title="bbox 182 1004 960 1047; baseline 0.004 -13"><span class='ocrx_word' id='word_1_102' title='bbox 182 1004 225 1035; x_wconf 92' lang='lat' dir='ltr'>ris</span> <span class='ocrx_word' id='word_1_103' title='bbox 237 1004 436 1045; x_wconf 82' lang='lat' dir='ltr'>reparatione</span> <span class='ocrx_word' id='word_1_104' title='bbox 449 1029 457 1043; x_wconf 98' lang='lat'>,</span> <span class='ocrx_word' id='word_1_105' title='bbox 471 1005 628 1036; x_wconf 82' lang='lat' dir='ltr'>efficacior</span> <span class='ocrx_word' id='word_1_106' title='bbox 640 1008 671 1036; x_wconf 87' lang='lat' dir='ltr'>et.</span> <span class='ocrx_word' id='word_1_107' title='bbox 682 1006 888 1047; x_wconf 82' lang='lat' dir='ltr'>principalior</span> <span class='ocrx_word' id='word_1_108' title='bbox 903 1010 960 1045; x_wconf 80' lang='lat' dir='ltr'>est,</span> 
     </span>
     <span class='ocr_line' id='line_1_17' title="bbox 181 1060 961 1102; baseline 0.004 -12"><span class='ocrx_word' id='word_1_109' title='bbox 181 1068 278 1100; x_wconf 82' lang='lat' dir='ltr'>quam</span> <span class='ocrx_word' id='word_1_110' title='bbox 285 1060 484 1100; x_wconf 80' lang='lat' dir='ltr'>praecedens;</span> <span class='ocrx_word' id='word_1_111' title='bbox 497 1061 585 1100; x_wconf 75' lang='lat' dir='ltr'>quia,</span> <span class='ocrx_word' id='word_1_112' title='bbox 594 1061 675 1093; x_wconf 88' lang='lat' dir='ltr'>sicut</span> <span class='ocrx_word' id='word_1_113' title='bbox 685 1071 782 1102; x_wconf 85' lang='lat' dir='ltr'>supra</span> <span class='ocrx_word' id='word_1_114' title='bbox 795 1065 961 1093; x_wconf 82' lang='lat' dir='ltr'>ostensum</span> 
     </span>
     <span class='ocr_line' id='line_1_18' title="bbox 180 1113 961 1154; baseline 0.004 -10"><span class='ocrx_word' id='word_1_115' title='bbox 180 1113 260 1152; x_wconf 83' lang='lat' dir='ltr'>suit,</span> <span class='ocrx_word' id='word_1_116' title='bbox 288 1114 451 1154; x_wconf 73' lang='lat' dir='ltr'>praecipua</span> <span class='ocrx_word' id='word_1_117' title='bbox 469 1115 550 1145; x_wconf 88' lang='lat' dir='ltr'>ratio</span> <span class='ocrx_word' id='word_1_118' title='bbox 566 1115 793 1147; x_wconf 79' lang='lat' dir='ltr'>incarnationis</span> <span class='ocrx_word' id='word_1_119' title='bbox 815 1116 875 1147; x_wconf 83' lang='lat' dir='ltr'>suit</span> <span class='ocrx_word' id='word_1_120' title='bbox 898 1117 961 1147; x_wconf 89' lang='lat' dir='ltr'>bu-</span> 
     </span>
     <span class='ocr_line' id='line_1_19' title="bbox 181 1167 590 1208; baseline 0 -10"><span class='ocrx_word' id='word_1_121' title='bbox 181 1167 268 1198; x_wconf 83' lang='lat' dir='ltr'>mani</span> <span class='ocrx_word' id='word_1_122' title='bbox 280 1168 408 1207; x_wconf 81' lang='lat' dir='ltr'>generis</span> <span class='ocrx_word' id='word_1_123' title='bbox 421 1168 590 1208; x_wconf 84' lang='lat' dir='ltr'>reparatio.</span> 
     </span>
    </p>

    <p class='ocr_par' dir='ltr' id='par_1_3' title="bbox 176 1220 961 1953">
     <span class='ocr_line' id='line_1_20' title="bbox 220 1220 959 1263; baseline 0.004 -12"><span class='ocrx_word' id='word_1_124' title='bbox 220 1223 250 1251; x_wconf 79' lang='lat'>1.</span> <span class='ocrx_word' id='word_1_125' title='bbox 266 1220 314 1252; x_wconf 84' lang='lat' dir='ltr'>Ad</span> <span class='ocrx_word' id='word_1_126' title='bbox 336 1220 414 1251; x_wconf 91' lang='lat' dir='ltr'>illud</span> <span class='ocrx_word' id='word_1_127' title='bbox 433 1230 514 1260; x_wconf 82' lang='lat' dir='ltr'>ergo</span> <span class='ocrx_word' id='word_1_128' title='bbox 535 1222 621 1261; x_wconf 87' lang='lat' dir='ltr'>quod</span> <span class='ocrx_word' id='word_1_129' title='bbox 643 1222 748 1262; x_wconf 88' lang='lat' dir='ltr'>primo</span> <span class='ocrx_word' id='word_1_130' title='bbox 772 1223 959 1263; x_wconf 88' lang='lat' dir='ltr'>opponitur,</span> 
     </span>
     <span class='ocr_line' id='line_1_21' title="bbox 179 1274 961 1317; baseline 0.003 -12"><span class='ocrx_word' id='word_1_131' title='bbox 179 1274 263 1315; x_wconf 91' lang='lat' dir='ltr'>quod</span> <span class='ocrx_word' id='word_1_132' title='bbox 279 1274 415 1315; x_wconf 75' lang='lat' dir='ltr'>angelus</span> <span class='ocrx_word' id='word_1_133' title='bbox 430 1275 552 1305; x_wconf 82' lang='lat' dir='ltr'>ratione</span> <span class='ocrx_word' id='word_1_134' title='bbox 561 1275 798 1316; x_wconf 77' lang='lat' dir='ltr'>spiritualitatis</span> <span class='ocrx_word' id='word_1_135' title='bbox 808 1276 879 1317; x_wconf 91' lang='lat' dir='ltr'>plus</span> <span class='ocrx_word' id='word_1_136' title='bbox 888 1286 961 1308; x_wconf 86' lang='lat' dir='ltr'>con-</span> 
     </span>
     <span class='ocr_line' id='line_1_22' title="bbox 178 1328 958 1371; baseline 0.004 -12"><span class='ocrx_word' id='word_1_137' title='bbox 178 1328 266 1360; x_wconf 79' lang='lat' dir='ltr'>veuit</span> <span class='ocrx_word' id='word_1_138' title='bbox 275 1337 349 1360; x_wconf 89' lang='lat' dir='ltr'>cum</span> <span class='ocrx_word' id='word_1_139' title='bbox 361 1328 434 1365; x_wconf 83' lang='lat' dir='ltr'>Deo,</span> <span class='ocrx_word' id='word_1_140' title='bbox 446 1338 543 1369; x_wconf 87' lang='lat' dir='ltr'>quam</span> <span class='ocrx_word' id='word_1_141' title='bbox 556 1329 665 1366; x_wconf 81' lang='lat' dir='ltr'>homo,</span> <span class='ocrx_word' id='word_1_142' title='bbox 680 1330 852 1361; x_wconf 88' lang='lat' dir='ltr'>dicendum</span> <span class='ocrx_word' id='word_1_143' title='bbox 860 1331 958 1371; x_wconf 83' lang='lat' dir='ltr'>quod,</span> 
     </span>
     <span class='ocr_line' id='line_1_23' title="bbox 178 1382 958 1423; baseline 0.004 -10"><span class='ocrx_word' id='word_1_144' title='bbox 178 1382 236 1414; x_wconf 88' lang='lat' dir='ltr'>etsi</span> <span class='ocrx_word' id='word_1_145' title='bbox 259 1382 330 1423; x_wconf 89' lang='lat' dir='ltr'>plus</span> <span class='ocrx_word' id='word_1_146' title='bbox 355 1382 527 1413; x_wconf 79' lang='lat' dir='ltr'>conveniat</span> <span class='ocrx_word' id='word_1_147' title='bbox 551 1383 731 1422; x_wconf 80' lang='lat' dir='ltr'>intensive,</span> <span class='ocrx_word' id='word_1_148' title='bbox 751 1393 814 1416; x_wconf 90' lang='lat' dir='ltr'>non</span> <span class='ocrx_word' id='word_1_149' title='bbox 853 1387 958 1416; x_wconf 85' lang='lat' dir='ltr'>tamen</span> 
     </span>
     <span class='ocr_line' id='line_1_24' title="bbox 181 1436 960 1479; baseline 0.003 -11"><span class='ocrx_word' id='word_1_150' title='bbox 181 1436 253 1477; x_wconf 88' lang='lat' dir='ltr'>plus</span> <span class='ocrx_word' id='word_1_151' title='bbox 267 1436 432 1468; x_wconf 76' lang='lat' dir='ltr'>extensive</span> <span class='ocrx_word' id='word_1_152' title='bbox 449 1446 455 1466; x_wconf 93' lang='lat'>:</span> <span class='ocrx_word' id='word_1_153' title='bbox 473 1436 570 1468; x_wconf 88' lang='lat' dir='ltr'>homo</span> <span class='ocrx_word' id='word_1_154' title='bbox 583 1437 670 1468; x_wconf 86' lang='lat' dir='ltr'>enim</span> <span class='ocrx_word' id='word_1_155' title='bbox 685 1438 835 1469; x_wconf 86' lang='lat' dir='ltr'>convenit</span> <span class='ocrx_word' id='word_1_156' title='bbox 851 1439 884 1469; x_wconf 91' lang='lat' dir='ltr'>in</span> <span class='ocrx_word' id='word_1_157' title='bbox 901 1439 960 1479; x_wconf 90' lang='lat' dir='ltr'>spi-</span> 
     </span>
     <span class='ocr_line' id='line_1_25' title="bbox 179 1490 958 1533; baseline 0.003 -12"><span class='ocrx_word' id='word_1_158' title='bbox 179 1490 349 1522; x_wconf 83' lang='lat' dir='ltr'>ritualitate</span> <span class='ocrx_word' id='word_1_159' title='bbox 368 1491 489 1522; x_wconf 85' lang='lat' dir='ltr'>ratione</span> <span class='ocrx_word' id='word_1_160' title='bbox 514 1491 632 1522; x_wconf 89' lang='lat' dir='ltr'>animae</span> <span class='ocrx_word' id='word_1_161' title='bbox 644 1516 652 1530; x_wconf 93' lang='lat'>,</span> <span class='ocrx_word' id='word_1_162' title='bbox 669 1494 701 1522; x_wconf 89' lang='lat' dir='ltr'>et</span> <span class='ocrx_word' id='word_1_163' title='bbox 723 1500 841 1532; x_wconf 89' lang='lat' dir='ltr'>corpus</span> <span class='ocrx_word' id='word_1_164' title='bbox 861 1502 958 1533; x_wconf 88' lang='lat' dir='ltr'>supe-</span> 
     </span>
     <span class='ocr_line' id='line_1_26' title="bbox 177 1545 955 1585; baseline 0 -10"><span class='ocrx_word' id='word_1_165' title='bbox 177 1545 339 1576; x_wconf 87' lang='lat' dir='ltr'>radditum</span> <span class='ocrx_word' id='word_1_166' title='bbox 352 1545 426 1575; x_wconf 84' lang='lat' dir='ltr'>facit</span> <span class='ocrx_word' id='word_1_167' title='bbox 435 1545 474 1575; x_wconf 86' lang='lat' dir='ltr'>ad</span> <span class='ocrx_word' id='word_1_168' title='bbox 487 1545 720 1576; x_wconf 73' lang='lat' dir='ltr'>conformitatis</span> <span class='ocrx_word' id='word_1_169' title='bbox 726 1545 955 1585; x_wconf 79' lang='lat' dir='ltr'>majoritatem:</span> 
     </span>
     <span class='ocr_line' id='line_1_27' title="bbox 179 1598 955 1640; baseline 0.001 -10"><span class='ocrx_word' id='word_1_170' title='bbox 179 1601 209 1630; x_wconf 89' lang='lat' dir='ltr'>et</span> <span class='ocrx_word' id='word_1_171' title='bbox 232 1598 276 1629; x_wconf 88' lang='lat' dir='ltr'>sic</span> <span class='ocrx_word' id='word_1_172' title='bbox 301 1601 454 1639; x_wconf 90' lang='lat' dir='ltr'>utroque,</span> <span class='ocrx_word' id='word_1_173' title='bbox 471 1598 615 1630; x_wconf 88' lang='lat' dir='ltr'>videlicet</span> <span class='ocrx_word' id='word_1_174' title='bbox 635 1598 750 1638; x_wconf 90' lang='lat' dir='ltr'>spiritu</span> <span class='ocrx_word' id='word_1_175' title='bbox 766 1601 797 1630; x_wconf 88' lang='lat' dir='ltr'>et</span> <span class='ocrx_word' id='word_1_176' title='bbox 811 1608 955 1640; x_wconf 82' lang='lat' dir='ltr'>corpore,</span> 
     </span>
     <span class='ocr_line' id='line_1_28' title="bbox 178 1647 957 1692; baseline 0 -9"><span class='ocrx_word' id='word_1_177' title='bbox 178 1653 283 1692; x_wconf 82' lang='lat' dir='ltr'>major</span> <span class='ocrx_word' id='word_1_178' title='bbox 296 1653 335 1682; x_wconf 86' lang='lat' dir='ltr'>sit</span> <span class='ocrx_word' id='word_1_179' title='bbox 351 1647 589 1692; x_wconf 70' lang='lat' dir='ltr'>repraesentatio</span> <span class='ocrx_word' id='word_1_180' title='bbox 605 1652 858 1692; x_wconf 85' lang='lat' dir='ltr'>exemplaritatis</span> <span class='ocrx_word' id='word_1_181' title='bbox 873 1653 957 1683; x_wconf 79' lang='lat' dir='ltr'>divi—</span> 
     </span>
     <span class='ocr_line' id='line_1_29' title="bbox 178 1705 955 1747; baseline 0.003 -11"><span class='ocrx_word' id='word_1_182' title='bbox 178 1715 240 1738; x_wconf 84' lang='lat' dir='ltr'>nae.</span> <span class='ocrx_word' id='word_1_183' title='bbox 259 1705 417 1737; x_wconf 81' lang='lat' dir='ltr'>Praeterea</span> <span class='ocrx_word' id='word_1_184' title='bbox 436 1706 599 1746; x_wconf 68' lang='lat' dir='ltr'>praecipua</span> <span class='ocrx_word' id='word_1_185' title='bbox 615 1706 697 1736; x_wconf 90' lang='lat' dir='ltr'>ratio</span> <span class='ocrx_word' id='word_1_186' title='bbox 716 1707 955 1747; x_wconf 63' lang='lat' dir='ltr'>congruentiae,</span> 
     </span>
     <span class='ocr_line' id='line_1_30' title="bbox 177 1759 956 1801; baseline 0.001 -10"><span class='ocrx_word' id='word_1_187' title='bbox 177 1762 323 1801; x_wconf 88' lang='lat' dir='ltr'>respectu</span> <span class='ocrx_word' id='word_1_188' title='bbox 344 1759 495 1797; x_wconf 84' lang='lat' dir='ltr'>unionis,</span> <span class='ocrx_word' id='word_1_189' title='bbox 519 1769 585 1790; x_wconf 88' lang='lat' dir='ltr'>non</span> <span class='ocrx_word' id='word_1_190' title='bbox 609 1759 784 1791; x_wconf 88' lang='lat' dir='ltr'>attenditur</span> <span class='ocrx_word' id='word_1_191' title='bbox 810 1763 956 1801; x_wconf 86' lang='lat' dir='ltr'>respectu</span> 
     </span>
     <span class='ocr_line' id='line_1_31' title="bbox 177 1813 956 1854; baseline 0.001 -9"><span class='ocrx_word' id='word_1_192' title='bbox 177 1814 308 1854; x_wconf 81' lang='lat' dir='ltr'>majoris</span> <span class='ocrx_word' id='word_1_193' title='bbox 329 1814 555 1854; x_wconf 63' lang='lat' dir='ltr'>congruentiae</span> <span class='ocrx_word' id='word_1_194' title='bbox 582 1813 616 1844; x_wconf 90' lang='lat' dir='ltr'>in</span> <span class='ocrx_word' id='word_1_195' title='bbox 645 1813 881 1854; x_wconf 83' lang='lat' dir='ltr'>spiritualitate,</span> <span class='ocrx_word' id='word_1_196' title='bbox 903 1815 956 1846; x_wconf 88' lang='lat' dir='ltr'>sed</span> 
     </span>
     <span class='ocr_line' id='line_1_32' title="bbox 176 1867 955 1909; baseline 0.003 -11"><span class='ocrx_word' id='word_1_197' title='bbox 176 1868 283 1908; x_wconf 84' lang='lat' dir='ltr'>potius</span> <span class='ocrx_word' id='word_1_198' title='bbox 305 1869 436 1908; x_wconf 84' lang='lat' dir='ltr'>majoris</span> <span class='ocrx_word' id='word_1_199' title='bbox 460 1867 640 1898; x_wconf 86' lang='lat' dir='ltr'>idoneitatis</span> <span class='ocrx_word' id='word_1_200' title='bbox 659 1868 698 1898; x_wconf 87' lang='lat' dir='ltr'>ad</span> <span class='ocrx_word' id='word_1_201' title='bbox 715 1868 955 1909; x_wconf 83' lang='lat' dir='ltr'>suscipiendum</span> 
     </span>
     <span class='ocr_line' id='line_1_33' title="bbox 177 1921 759 1953; baseline 0 0"><span class='ocrx_word' id='word_1_202' title='bbox 177 1922 370 1953; x_wconf 79' lang='lat' dir='ltr'>beneficium</span> <span class='ocrx_word' id='word_1_203' title='bbox 383 1921 504 1953; x_wconf 84' lang='lat' dir='ltr'>divinae</span> <span class='ocrx_word' id='word_1_204' title='bbox 519 1921 759 1953; x_wconf 62' lang='lat' dir='ltr'>misericordiae.</span> 
     </span>
    </p>

    <p class='ocr_par' dir='ltr' id='par_1_4' title="bbox 174 1975 956 2556">
     <span class='ocr_line' id='line_1_34' title="bbox 215 1975 956 2015; baseline 0 -8"><span class='ocrx_word' id='word_1_205' title='bbox 215 1978 246 2007; x_wconf 76' lang='lat'>2.</span> <span class='ocrx_word' id='word_1_206' title='bbox 263 1975 309 2005; x_wconf 74' lang='lat' dir='ltr'>Aa</span> <span class='ocrx_word' id='word_1_207' title='bbox 325 1975 404 2006; x_wconf 92' lang='lat' dir='ltr'>illud</span> <span class='ocrx_word' id='word_1_208' title='bbox 420 1975 505 2015; x_wconf 91' lang='lat' dir='ltr'>quod</span> <span class='ocrx_word' id='word_1_209' title='bbox 521 1975 696 2015; x_wconf 90' lang='lat' dir='ltr'>opponitur</span> <span class='ocrx_word' id='word_1_210' title='bbox 713 1975 751 2006; x_wconf 91' lang='lat' dir='ltr'>de</span> <span class='ocrx_word' id='word_1_211' title='bbox 765 1976 956 2008; x_wconf 81' lang='lat' dir='ltr'>exaltatione</span> 
     </span>
     <span class='ocr_line' id='line_1_35' title="bbox 175 2028 955 2070; baseline 0.001 -10"><span class='ocrx_word' id='word_1_212' title='bbox 175 2031 302 2060; x_wconf 81' lang='lat' dir='ltr'>naturae</span> <span class='ocrx_word' id='word_1_213' title='bbox 316 2030 500 2069; x_wconf 64' lang='lat' dir='ltr'>assumptae,</span> <span class='ocrx_word' id='word_1_214' title='bbox 517 2028 688 2060; x_wconf 89' lang='lat' dir='ltr'>dicendum</span> <span class='ocrx_word' id='word_1_215' title='bbox 704 2029 802 2070; x_wconf 87' lang='lat' dir='ltr'>quod,</span> <span class='ocrx_word' id='word_1_216' title='bbox 821 2030 878 2061; x_wconf 87' lang='lat' dir='ltr'>etsi</span> <span class='ocrx_word' id='word_1_217' title='bbox 897 2040 955 2061; x_wconf 86' lang='lat' dir='ltr'>an-</span> 
     </span>
     <span class='ocr_line' id='line_1_36' title="bbox 175 2082 956 2124; baseline 0.003 -10"><span class='ocrx_word' id='word_1_218' title='bbox 175 2083 269 2123; x_wconf 84' lang='lat' dir='ltr'>gelus</span> <span class='ocrx_word' id='word_1_219' title='bbox 299 2082 391 2113; x_wconf 86' lang='lat' dir='ltr'>altior</span> <span class='ocrx_word' id='word_1_220' title='bbox 413 2082 453 2112; x_wconf 90' lang='lat' dir='ltr'>sit</span> <span class='ocrx_word' id='word_1_221' title='bbox 481 2085 614 2119; x_wconf 81' lang='lat' dir='ltr'>natura,</span> <span class='ocrx_word' id='word_1_222' title='bbox 637 2092 736 2122; x_wconf 91' lang='lat' dir='ltr'>quam</span> <span class='ocrx_word' id='word_1_223' title='bbox 759 2083 876 2122; x_wconf 87' lang='lat' dir='ltr'>homo;</span> <span class='ocrx_word' id='word_1_224' title='bbox 900 2094 956 2124; x_wconf 87' lang='lat' dir='ltr'>per</span> 
     </span>
     <span class='ocr_line' id='line_1_37' title="bbox 174 2136 955 2177; baseline 0.001 -9"><span class='ocrx_word' id='word_1_225' title='bbox 174 2137 314 2177; x_wconf 78' lang='lat' dir='ltr'>gratiam</span> <span class='ocrx_word' id='word_1_226' title='bbox 331 2139 438 2167; x_wconf 86' lang='lat' dir='ltr'>tamen</span> <span class='ocrx_word' id='word_1_227' title='bbox 458 2136 588 2167; x_wconf 89' lang='lat' dir='ltr'>unionis</span> <span class='ocrx_word' id='word_1_228' title='bbox 607 2137 711 2176; x_wconf 85' lang='lat' dir='ltr'>magis</span> <span class='ocrx_word' id='word_1_229' title='bbox 726 2137 832 2168; x_wconf 86' lang='lat' dir='ltr'>decuit</span> <span class='ocrx_word' id='word_1_230' title='bbox 845 2138 955 2169; x_wconf 88' lang='lat' dir='ltr'>homi-</span> 
     </span>
     <span class='ocr_line' id='line_1_38' title="bbox 174 2190 955 2231; baseline 0.001 -9"><span class='ocrx_word' id='word_1_231' title='bbox 174 2199 249 2222; x_wconf 89' lang='lat' dir='ltr'>nem</span> <span class='ocrx_word' id='word_1_232' title='bbox 261 2214 270 2229; x_wconf 92' lang='lat'>,</span> <span class='ocrx_word' id='word_1_233' title='bbox 285 2199 385 2231; x_wconf 85' lang='lat' dir='ltr'>quam</span> <span class='ocrx_word' id='word_1_234' title='bbox 408 2190 563 2229; x_wconf 84' lang='lat' dir='ltr'>angelum</span> <span class='ocrx_word' id='word_1_235' title='bbox 578 2190 723 2229; x_wconf 83' lang='lat' dir='ltr'>exaltari,</span> <span class='ocrx_word' id='word_1_236' title='bbox 741 2194 772 2222; x_wconf 89' lang='lat' dir='ltr'>et</span> <span class='ocrx_word' id='word_1_237' title='bbox 785 2192 825 2223; x_wconf 90' lang='lat' dir='ltr'>ad</span> <span class='ocrx_word' id='word_1_238' title='bbox 840 2193 955 2224; x_wconf 79' lang='lat' dir='ltr'>contu—</span> 
     </span>
     <span class='ocr_line' id='line_1_39' title="bbox 174 2243 955 2285; baseline 0.001 -9"><span class='ocrx_word' id='word_1_239' title='bbox 174 2243 304 2276; x_wconf 88' lang='lat' dir='ltr'>tandam</span> <span class='ocrx_word' id='word_1_240' title='bbox 323 2244 507 2284; x_wconf 82' lang='lat' dir='ltr'>superbiam</span> <span class='ocrx_word' id='word_1_241' title='bbox 526 2243 680 2283; x_wconf 83' lang='lat' dir='ltr'>Luciferi,</span> <span class='ocrx_word' id='word_1_242' title='bbox 697 2245 755 2285; x_wconf 84' lang='lat' dir='ltr'>qui</span> <span class='ocrx_word' id='word_1_243' title='bbox 775 2245 838 2276; x_wconf 90' lang='lat' dir='ltr'>Deo</span> <span class='ocrx_word' id='word_1_244' title='bbox 853 2245 955 2278; x_wconf 81' lang='lat' dir='ltr'>voluit</span> 
     </span>
     <span class='ocr_line' id='line_1_40' title="bbox 174 2297 952 2338; baseline 0.003 -10"><span class='ocrx_word' id='word_1_245' title='bbox 174 2297 295 2338; x_wconf 84' lang='lat' dir='ltr'>aequari</span> <span class='ocrx_word' id='word_1_246' title='bbox 305 2321 313 2334; x_wconf 84' lang='lat'>,</span> <span class='ocrx_word' id='word_1_247' title='bbox 328 2300 360 2328; x_wconf 86' lang='lat' dir='ltr'>et</span> <span class='ocrx_word' id='word_1_248' title='bbox 375 2297 414 2328; x_wconf 88' lang='lat' dir='ltr'>ad</span> <span class='ocrx_word' id='word_1_249' title='bbox 430 2297 718 2329; x_wconf 88' lang='lat' dir='ltr'>commendandam</span> <span class='ocrx_word' id='word_1_250' title='bbox 733 2299 871 2338; x_wconf 81' lang='lat' dir='ltr'>gratiam</span> <span class='ocrx_word' id='word_1_251' title='bbox 887 2299 952 2338; x_wconf 87' lang='lat' dir='ltr'>Dei,</span> 
     </span>
     <span class='ocr_line' id='line_1_41' title="bbox 174 2351 952 2392; baseline 0.001 -9"><span class='ocrx_word' id='word_1_252' title='bbox 174 2354 211 2383; x_wconf 93' lang='lat' dir='ltr'>ut</span> <span class='ocrx_word' id='word_1_253' title='bbox 231 2353 381 2392; x_wconf 84' lang='lat' dir='ltr'>appareat</span> <span class='ocrx_word' id='word_1_254' title='bbox 406 2351 491 2392; x_wconf 91' lang='lat' dir='ltr'>quod</span> <span class='ocrx_word' id='word_1_255' title='bbox 512 2351 697 2383; x_wconf 85' lang='lat' dir='ltr'>sublimatio</span> <span class='ocrx_word' id='word_1_256' title='bbox 713 2351 746 2382; x_wconf 91' lang='lat' dir='ltr'>in</span> <span class='ocrx_word' id='word_1_257' title='bbox 766 2352 871 2392; x_wconf 84' lang='lat' dir='ltr'>gloria</span> <span class='ocrx_word' id='word_1_258' title='bbox 889 2362 952 2385; x_wconf 91' lang='lat' dir='ltr'>non</span> 
     </span>
     <span class='ocr_line' id='line_1_42' title="bbox 174 2405 952 2446; baseline 0.004 -10"><span class='ocrx_word' id='word_1_259' title='bbox 174 2406 215 2437; x_wconf 89' lang='lat' dir='ltr'>sit</span> <span class='ocrx_word' id='word_1_260' title='bbox 229 2415 270 2437; x_wconf 83' lang='lat' dir='ltr'>ex</span> <span class='ocrx_word' id='word_1_261' title='bbox 284 2407 419 2444; x_wconf 85' lang='lat' dir='ltr'>natura,</span> <span class='ocrx_word' id='word_1_262' title='bbox 448 2405 500 2436; x_wconf 89' lang='lat' dir='ltr'>sed</span> <span class='ocrx_word' id='word_1_263' title='bbox 521 2406 628 2446; x_wconf 89' lang='lat' dir='ltr'>potius</span> <span class='ocrx_word' id='word_1_264' title='bbox 651 2415 693 2438; x_wconf 83' lang='lat' dir='ltr'>ex</span> <span class='ocrx_word' id='word_1_265' title='bbox 714 2407 818 2446; x_wconf 87' lang='lat' dir='ltr'>gratia</span> <span class='ocrx_word' id='word_1_266' title='bbox 833 2407 952 2439; x_wconf 85' lang='lat' dir='ltr'>divina.</span> 
     </span>
     <span class='ocr_line' id='line_1_43' title="bbox 175 2459 954 2500; baseline 0.003 -8"><span class='ocrx_word' id='word_1_267' title='bbox 175 2459 214 2492; x_wconf 86' lang='lat' dir='ltr'>Et</span> <span class='ocrx_word' id='word_1_268' title='bbox 226 2459 297 2491; x_wconf 83' lang='lat' dir='ltr'>haec</span> <span class='ocrx_word' id='word_1_269' title='bbox 305 2462 353 2491; x_wconf 87' lang='lat' dir='ltr'>est</span> <span class='ocrx_word' id='word_1_270' title='bbox 366 2459 455 2490; x_wconf 88' lang='lat' dir='ltr'>enim</span> <span class='ocrx_word' id='word_1_271' title='bbox 465 2459 557 2498; x_wconf 87' lang='lat' dir='ltr'>ratio,</span> <span class='ocrx_word' id='word_1_272' title='bbox 570 2469 670 2500; x_wconf 86' lang='lat' dir='ltr'>quare</span> <span class='ocrx_word' id='word_1_273' title='bbox 685 2460 838 2492; x_wconf 90' lang='lat' dir='ltr'>Dominus</span> <span class='ocrx_word' id='word_1_274' title='bbox 847 2465 954 2494; x_wconf 87' lang='lat' dir='ltr'>noster</span> 
     </span>
     <span class='ocr_line' id='line_1_44' title="bbox 174 2512 954 2556; baseline 0.004 -10"><span class='ocrx_word' id='word_1_275' title='bbox 174 2512 266 2546; x_wconf 82' lang='lat' dir='ltr'>Jesus</span> <span class='ocrx_word' id='word_1_276' title='bbox 284 2513 427 2546; x_wconf 87' lang='lat' dir='ltr'>Christus</span> <span class='ocrx_word' id='word_1_277' title='bbox 448 2514 553 2554; x_wconf 88' lang='lat' dir='ltr'>magis</span> <span class='ocrx_word' id='word_1_278' title='bbox 579 2514 677 2555; x_wconf 85' lang='lat' dir='ltr'>elegit</span> <span class='ocrx_word' id='word_1_279' title='bbox 691 2519 702 2535; x_wconf 80' lang='lat'>⁵</span> <span class='ocrx_word' id='word_1_280' title='bbox 725 2524 904 2556; x_wconf 81' lang='lat' dir='ltr'>pauperes,</span> <span class='ocrx_word' id='word_1_281' title='bbox 924 2520 954 2549; x_wconf 80' lang='lat' dir='ltr'>et</span> 
     </span>
    </p>

    <p class='ocr_par' dir='ltr' id='par_1_5' title="bbox 209 2576 953 2609">
     <span class='ocr_line' id='line_1_45' title="bbox 209 2576 953 2609; baseline 0.001 -7"><span class='ocrx_word' id='word_1_282' title='bbox 209 2576 331 2608; x_wconf 69' lang='grc' dir='ltr'>13μ1ιω..</span> <span class='ocrx_word' id='word_1_283' title='bbox 344 2582 371 2605; x_wconf 87' lang='grc' dir='ltr'>ιι,</span> <span class='ocrx_word' id='word_1_284' title='bbox 389 2577 483 2600; x_wconf 63' lang='grc'><strong>4.-*1</strong></span> <span class='ocrx_word' id='word_1_285' title='bbox 501 2579 570 2608; x_wconf 63' lang='lat' dir='ltr'>eor„</span> <span class='ocrx_word' id='word_1_286' title='bbox 586 2584 603 2608; x_wconf 85' lang='grc' dir='ltr'>ι,</span> <span class='ocrx_word' id='word_1_287' title='bbox 617 2579 779 2604; x_wconf 71' lang='grc' dir='ltr'><strong>26-29.-·ι</strong></span> <span class='ocrx_word' id='word_1_288' title='bbox 799 2579 870 2609; x_wconf 63' lang='lat' dir='ltr'>Tim„</span> <span class='ocrx_word' id='word_1_289' title='bbox 883 2585 899 2609; x_wconf 84' lang='grc' dir='ltr'>ι,</span> <span class='ocrx_word' id='word_1_290' title='bbox 916 2581 953 2604; x_wconf 75' lang='grc' dir='ltr'>ιῖ.</span> 
     </span>
    </p>
   </div>
   <div class='ocr_carea' id='block_1_3' title="bbox 1011 253 1800 2613">
    <p class='ocr_par' dir='ltr' id='par_1_6' title="bbox 1019 253 1800 504">
     <span class='ocr_line' id='line_1_46' title="bbox 1022 253 1798 294; baseline 0.005 -10"><span class='ocrx_word' id='word_1_291' title='bbox 1022 253 1193 292; x_wconf 70' lang='lat' dir='ltr'>iynobiles.</span> <span class='ocrx_word' id='word_1_292' title='bbox 1221 264 1318 294; x_wconf 87' lang='lat' dir='ltr'>quain</span> <span class='ocrx_word' id='word_1_293' title='bbox 1342 258 1485 294; x_wconf 69' lang='lat' dir='ltr'>potentes</span> <span class='ocrx_word' id='word_1_294' title='bbox 1500 279 1506 289; x_wconf 87' lang='lat'><em>.</em></span> <span class='ocrx_word' id='word_1_295' title='bbox 1536 258 1569 286; x_wconf 77' lang='lat' dir='ltr'>ut</span> <span class='ocrx_word' id='word_1_296' title='bbox 1589 256 1798 293; x_wconf 67' lang='lat' dir='ltr'>confunderet</span> 
     </span>
     <span class='ocr_line' id='line_1_47' title="bbox 1019 303 1799 344; baseline 0.004 -12"><span class='ocrx_word' id='word_1_297' title='bbox 1019 303 1100 340; x_wconf 77' lang='lat' dir='ltr'>alta,</span> <span class='ocrx_word' id='word_1_298' title='bbox 1122 306 1150 333; x_wconf 70' lang='lat' dir='ltr'>vt</span> <span class='ocrx_word' id='word_1_299' title='bbox 1174 304 1294 343; x_wconf 75' lang='lat' dir='ltr'>sortia,</span> <span class='ocrx_word' id='word_1_300' title='bbox 1309 306 1338 333; x_wconf 82' lang='lat' dir='ltr'>et</span> <span class='ocrx_word' id='word_1_301' title='bbox 1361 312 1423 336; x_wconf 81' lang='lat' dir='ltr'>non</span> <span class='ocrx_word' id='word_1_302' title='bbox 1446 304 1637 344; x_wconf 60' lang='lat' dir='ltr'>qlorzssamlur</span> <span class='ocrx_word' id='word_1_303' title='bbox 1654 305 1689 334; x_wconf 81' lang='lat' dir='ltr'>in</span> <span class='ocrx_word' id='word_1_304' title='bbox 1713 314 1799 335; x_wconf 74' lang='lat' dir='ltr'>cuns-</span> 
     </span>
     <span class='ocr_line' id='line_1_48' title="bbox 1019 356 1799 397; baseline 0.004 -11"><span class='ocrx_word' id='word_1_305' title='bbox 1019 360 1110 396; x_wconf 77' lang='lat' dir='ltr'>·pcclu</span> <span class='ocrx_word' id='word_1_306' title='bbox 1125 356 1193 395; x_wconf 70' lang='lat' dir='ltr'>vjits</span> <span class='ocrx_word' id='word_1_307' title='bbox 1213 358 1316 388; x_wconf 72' lang='lat' dir='ltr'>omnis</span> <span class='ocrx_word' id='word_1_308' title='bbox 1335 361 1483 389; x_wconf 76' lang='lat' dir='ltr'>creatura</span> <span class='ocrx_word' id='word_1_309' title='bbox 1499 368 1508 386; x_wconf 90' lang='lat'><em>:</em></span> <span class='ocrx_word' id='word_1_310' title='bbox 1523 357 1599 397; x_wconf 78' lang='lat' dir='ltr'>quia</span> <span class='ocrx_word' id='word_1_311' title='bbox 1612 358 1621 373; x_wconf 87' lang='lat'><strong>³</strong></span> <span class='ocrx_word' id='word_1_312' title='bbox 1641 358 1718 397; x_wconf 68' lang='lat' dir='ltr'>item·</span> <span class='ocrx_word' id='word_1_313' title='bbox 1736 366 1799 389; x_wconf 76' lang='lat' dir='ltr'>sce-</span> 
     </span>
     <span class='ocr_line' id='line_1_49' title="bbox 1019 410 1800 444; baseline 0.004 -4"><span class='ocrx_word' id='word_1_314' title='bbox 1019 410 1162 442; x_wconf 74' lang='lat' dir='ltr'>culorum</span> <span class='ocrx_word' id='word_1_315' title='bbox 1183 410 1358 442; x_wconf 72' lang='lat' dir='ltr'>immortali·</span> <span class='ocrx_word' id='word_1_316' title='bbox 1373 415 1403 443; x_wconf 76' lang='lat' dir='ltr'>et</span> <span class='ocrx_word' id='word_1_317' title='bbox 1418 411 1581 443; x_wconf 71' lang='lat' dir='ltr'>invisibili</span> <span class='ocrx_word' id='word_1_318' title='bbox 1595 412 1656 443; x_wconf 73' lang='lat' dir='ltr'>solz?</span> <span class='ocrx_word' id='word_1_319' title='bbox 1674 412 1733 444; x_wconf 78' lang='lat' dir='ltr'>Deo</span> <span class='ocrx_word' id='word_1_320' title='bbox 1749 412 1800 443; x_wconf 78' lang='lat' dir='ltr'>de-</span> 
     </span>
     <span class='ocr_line' id='line_1_50' title="bbox 1021 464 1453 504; baseline 0.005 -10"><span class='ocrx_word' id='word_1_321' title='bbox 1021 464 1071 494; x_wconf 80' lang='lat' dir='ltr'>bet</span> <span class='ocrx_word' id='word_1_322' title='bbox 1087 474 1154 494; x_wconf 63' lang='lat' dir='ltr'>esse</span> <span class='ocrx_word' id='word_1_323' title='bbox 1169 464 1280 502; x_wconf 76' lang='lat' dir='ltr'>honor,</span> <span class='ocrx_word' id='word_1_324' title='bbox 1297 468 1325 496; x_wconf 79' lang='lat' dir='ltr'>el</span> <span class='ocrx_word' id='word_1_325' title='bbox 1339 465 1453 504; x_wconf 62' lang='lat' dir='ltr'>(floria.</span> 
     </span>
    </p>

    <p class='ocr_par' dir='ltr' id='par_1_7' title="bbox 1016 518 1800 1575">
     <span class='ocr_line' id='line_1_51' title="bbox 1061 518 1800 560; baseline 0.003 -12"><span class='ocrx_word' id='word_1_326' title='bbox 1061 520 1089 548; x_wconf 89' lang='lat'>3.</span> <span class='ocrx_word' id='word_1_327' title='bbox 1108 518 1153 548; x_wconf 80' lang='lat' dir='ltr'>Ad</span> <span class='ocrx_word' id='word_1_328' title='bbox 1171 518 1248 549; x_wconf 87' lang='lat' dir='ltr'>illud</span> <span class='ocrx_word' id='word_1_329' title='bbox 1265 519 1349 558; x_wconf 85' lang='lat' dir='ltr'>quod</span> <span class='ocrx_word' id='word_1_330' title='bbox 1365 519 1550 559; x_wconf 85' lang='lat' dir='ltr'>opponitur,</span> <span class='ocrx_word' id='word_1_331' title='bbox 1563 519 1649 560; x_wconf 87' lang='lat' dir='ltr'>quod</span> <span class='ocrx_word' id='word_1_332' title='bbox 1663 519 1800 558; x_wconf 76' lang='lat' dir='ltr'>angelus</span> 
     </span>
     <span class='ocr_line' id='line_1_52' title="bbox 1020 571 1798 613; baseline 0.005 -13"><span class='ocrx_word' id='word_1_333' title='bbox 1020 571 1123 610; x_wconf 79' lang='lat' dir='ltr'>inagis</span> <span class='ocrx_word' id='word_1_334' title='bbox 1146 572 1309 611; x_wconf 74' lang='lat' dir='ltr'>indigebat</span> <span class='ocrx_word' id='word_1_335' title='bbox 1328 597 1337 611; x_wconf 93' lang='lat'>,</span> <span class='ocrx_word' id='word_1_336' title='bbox 1360 583 1458 613; x_wconf 79' lang='lat' dir='ltr'>quain</span> <span class='ocrx_word' id='word_1_337' title='bbox 1480 573 1577 604; x_wconf 84' lang='lat' dir='ltr'>bomo</span> <span class='ocrx_word' id='word_1_338' title='bbox 1592 598 1600 611; x_wconf 92' lang='lat'>,</span> <span class='ocrx_word' id='word_1_339' title='bbox 1628 573 1798 604; x_wconf 83' lang='lat' dir='ltr'>dicendum</span> 
     </span>
     <span class='ocr_line' id='line_1_53' title="bbox 1019 626 1799 665; baseline 0.004 -10"><span class='ocrx_word' id='word_1_340' title='bbox 1019 626 1104 665; x_wconf 82' lang='lat' dir='ltr'>quod</span> <span class='ocrx_word' id='word_1_341' title='bbox 1131 626 1246 657; x_wconf 80' lang='lat' dir='ltr'>salsum</span> <span class='ocrx_word' id='word_1_342' title='bbox 1267 629 1312 657; x_wconf 79' lang='lat' dir='ltr'>est</span> <span class='ocrx_word' id='word_1_343' title='bbox 1326 637 1332 658; x_wconf 91' lang='lat'>:</span> <span class='ocrx_word' id='word_1_344' title='bbox 1348 627 1445 657; x_wconf 83' lang='lat' dir='ltr'>bomo</span> <span class='ocrx_word' id='word_1_345' title='bbox 1461 627 1547 658; x_wconf 82' lang='lat' dir='ltr'>enim</span> <span class='ocrx_word' id='word_1_346' title='bbox 1564 628 1701 658; x_wconf 79' lang='lat' dir='ltr'>totaliter</span> <span class='ocrx_word' id='word_1_347' title='bbox 1721 627 1799 659; x_wconf 89' lang='lat' dir='ltr'>indi-</span> 
     </span>
     <span class='ocr_line' id='line_1_54' title="bbox 1019 680 1800 721; baseline 0.003 -11"><span class='ocrx_word' id='word_1_348' title='bbox 1019 680 1132 719; x_wconf 79' lang='lat' dir='ltr'>gebat,</span> <span class='ocrx_word' id='word_1_349' title='bbox 1153 681 1231 720; x_wconf 74' lang='lat' dir='ltr'>quia</span> <span class='ocrx_word' id='word_1_350' title='bbox 1247 681 1383 711; x_wconf 83' lang='lat' dir='ltr'>totaliter</span> <span class='ocrx_word' id='word_1_351' title='bbox 1403 681 1509 721; x_wconf 83' lang='lat' dir='ltr'>lapsus</span> <span class='ocrx_word' id='word_1_352' title='bbox 1525 682 1646 718; x_wconf 78' lang='lat' dir='ltr'>suerat3</span> <span class='ocrx_word' id='word_1_353' title='bbox 1663 682 1800 720; x_wconf 78' lang='lat' dir='ltr'>angelus</span> 
     </span>
     <span class='ocr_line' id='line_1_55' title="bbox 1020 735 1800 775; baseline 0 -10"><span class='ocrx_word' id='word_1_354' title='bbox 1020 743 1096 765; x_wconf 82' lang='lat' dir='ltr'>vero</span> <span class='ocrx_word' id='word_1_355' title='bbox 1110 744 1186 765; x_wconf 89' lang='lat' dir='ltr'>non.</span> <span class='ocrx_word' id='word_1_356' title='bbox 1205 735 1242 766; x_wconf 86' lang='lat' dir='ltr'>Et</span> <span class='ocrx_word' id='word_1_357' title='bbox 1257 735 1281 765; x_wconf 87' lang='lat' dir='ltr'>si</span> <span class='ocrx_word' id='word_1_358' title='bbox 1297 735 1428 775; x_wconf 81' lang='lat' dir='ltr'>objicias</span> <span class='ocrx_word' id='word_1_359' title='bbox 1440 735 1524 775; x_wconf 82' lang='lat' dir='ltr'>quod</span> <span class='ocrx_word' id='word_1_360' title='bbox 1541 735 1679 775; x_wconf 81' lang='lat' dir='ltr'>angelus</span> <span class='ocrx_word' id='word_1_361' title='bbox 1693 736 1800 775; x_wconf 83' lang='lat' dir='ltr'>lapsus</span> 
     </span>
     <span class='ocr_line' id='line_1_56' title="bbox 1019 789 1799 829; baseline 0.001 -10"><span class='ocrx_word' id='word_1_362' title='bbox 1019 789 1123 828; x_wconf 74' lang='lat' dir='ltr'>magis</span> <span class='ocrx_word' id='word_1_363' title='bbox 1140 789 1314 827; x_wconf 74' lang='lat' dir='ltr'>indigebat,</span> <span class='ocrx_word' id='word_1_364' title='bbox 1330 799 1427 829; x_wconf 81' lang='lat' dir='ltr'>quam</span> <span class='ocrx_word' id='word_1_365' title='bbox 1443 789 1540 820; x_wconf 88' lang='lat' dir='ltr'>bomo</span> <span class='ocrx_word' id='word_1_366' title='bbox 1557 789 1676 829; x_wconf 79' lang='lat' dir='ltr'>lapsuS,</span> <span class='ocrx_word' id='word_1_367' title='bbox 1695 789 1799 821; x_wconf 82' lang='lat' dir='ltr'>dicen-</span> 
     </span>
     <span class='ocr_line' id='line_1_57' title="bbox 1018 842 1798 883; baseline 0.003 -11"><span class='ocrx_word' id='word_1_368' title='bbox 1018 842 1095 873; x_wconf 91' lang='lat' dir='ltr'>dum</span> <span class='ocrx_word' id='word_1_369' title='bbox 1115 843 1199 883; x_wconf 85' lang='lat' dir='ltr'>quod</span> <span class='ocrx_word' id='word_1_370' title='bbox 1219 844 1276 874; x_wconf 86' lang='lat' dir='ltr'>etsi</span> <span class='ocrx_word' id='word_1_371' title='bbox 1299 844 1404 882; x_wconf 67' lang='lat' dir='ltr'>magis</span> <span class='ocrx_word' id='word_1_372' title='bbox 1427 844 1606 883; x_wconf 77' lang='lat' dir='ltr'>indigebat,</span> <span class='ocrx_word' id='word_1_373' title='bbox 1626 843 1734 874; x_wconf 88' lang='lat' dir='ltr'>minus</span> <span class='ocrx_word' id='word_1_374' title='bbox 1749 847 1798 874; x_wconf 89' lang='lat' dir='ltr'>ta-</span> 
     </span>
     <span class='ocr_line' id='line_1_58' title="bbox 1019 897 1800 938; baseline 0.003 -12"><span class='ocrx_word' id='word_1_375' title='bbox 1019 906 1092 927; x_wconf 86' lang='lat' dir='ltr'>men</span> <span class='ocrx_word' id='word_1_376' title='bbox 1108 897 1229 937; x_wconf 78' lang='lat' dir='ltr'>dignus</span> <span class='ocrx_word' id='word_1_377' title='bbox 1243 900 1321 935; x_wconf 84' lang='lat' dir='ltr'>erat,</span> <span class='ocrx_word' id='word_1_378' title='bbox 1336 898 1489 938; x_wconf 76' lang='lat' dir='ltr'>quoniam</span> <span class='ocrx_word' id='word_1_379' title='bbox 1504 907 1545 929; x_wconf 71' lang='lat' dir='ltr'>vx</span> <span class='ocrx_word' id='word_1_380' title='bbox 1563 898 1675 937; x_wconf 88' lang='lat' dir='ltr'>majori</span> <span class='ocrx_word' id='word_1_381' title='bbox 1690 907 1800 938; x_wconf 74' lang='lat' dir='ltr'>super-</span> 
     </span>
     <span class='ocr_line' id='line_1_59' title="bbox 1019 951 1798 990; baseline 0.003 -9"><span class='ocrx_word' id='word_1_382' title='bbox 1019 951 1070 982; x_wconf 88' lang='lat' dir='ltr'>bia</span> <span class='ocrx_word' id='word_1_383' title='bbox 1083 954 1280 990; x_wconf 60' lang='lat' dir='ltr'>poce-averni.</span> <span class='ocrx_word' id='word_1_384' title='bbox 1292 951 1380 982; x_wconf 63' lang='lat' dir='ltr'>Undt·</span> <span class='ocrx_word' id='word_1_385' title='bbox 1390 951 1580 988; x_wconf 62' lang='lat' dir='ltr'>Burnarclus,</span> <span class='ocrx_word' id='word_1_386' title='bbox 1594 952 1627 983; x_wconf 75' lang='lat' dir='ltr'>in</span> <span class='ocrx_word' id='word_1_387' title='bbox 1642 951 1798 983; x_wconf 74' lang='lat' dir='ltr'>Cantica:</span> 
     </span>
     <span class='ocr_line' id='line_1_60' title="bbox 1022 1005 1797 1043; baseline 0.001 -9"><span class='ocrx_word' id='word_1_388' title='bbox 1022 1005 1120 1042; x_wconf 60' lang='lat' dir='ltr'>«Quis=</span> <span class='ocrx_word' id='word_1_389' title='bbox 1136 1008 1198 1035; x_wconf 88' lang='lat' dir='ltr'>tam</span> <span class='ocrx_word' id='word_1_390' title='bbox 1217 1005 1335 1043; x_wconf 70' lang='lat' dir='ltr'>indiget</span> <span class='ocrx_word' id='word_1_391' title='bbox 1346 1005 1573 1043; x_wconf 74' lang='lat' dir='ltr'>misericordia,</span> <span class='ocrx_word' id='word_1_392' title='bbox 1584 1005 1666 1036; x_wconf 86' lang='lat' dir='ltr'>sicut</span> <span class='ocrx_word' id='word_1_393' title='bbox 1677 1006 1797 1036; x_wconf 74' lang='lat' dir='ltr'>miser?</span> 
     </span>
     <span class='ocr_line' id='line_1_61' title="bbox 1017 1059 1799 1099; baseline 0 -9"><span class='ocrx_word' id='word_1_394' title='bbox 1017 1062 1047 1090; x_wconf 88' lang='lat' dir='ltr'>et</span> <span class='ocrx_word' id='word_1_395' title='bbox 1061 1059 1135 1099; x_wconf 89' lang='lat' dir='ltr'>quis</span> <span class='ocrx_word' id='word_1_396' title='bbox 1148 1061 1213 1089; x_wconf 87' lang='lat' dir='ltr'>tam</span> <span class='ocrx_word' id='word_1_397' title='bbox 1230 1059 1385 1098; x_wconf 80' lang='lat' dir='ltr'>indignus</span> <span class='ocrx_word' id='word_1_398' title='bbox 1404 1062 1451 1090; x_wconf 88' lang='lat' dir='ltr'>est</span> <span class='ocrx_word' id='word_1_399' title='bbox 1467 1059 1699 1097; x_wconf 86' lang='lat' dir='ltr'>misericordia,</span> <span class='ocrx_word' id='word_1_400' title='bbox 1717 1060 1799 1091; x_wconf 83' lang='lat' dir='ltr'>sicut</span> 
     </span>
     <span class='ocr_line' id='line_1_62' title="bbox 1018 1112 1798 1154; baseline 0.003 -12"><span class='ocrx_word' id='word_1_401' title='bbox 1018 1113 1115 1143; x_wconf 87' lang='lat' dir='ltr'>miser</span> <span class='ocrx_word' id='word_1_402' title='bbox 1129 1112 1309 1151; x_wconf 86' lang='lat' dir='ltr'>superbus?</span> <span class='ocrx_word' id='word_1_403' title='bbox 1321 1123 1334 1140; x_wconf 78' lang='lat' dir='ltr'>n</span> <span class='ocrx_word' id='word_1_404' title='bbox 1352 1112 1520 1150; x_wconf 64' lang='lat' dir='ltr'>Praeterea,</span> <span class='ocrx_word' id='word_1_405' title='bbox 1538 1113 1606 1152; x_wconf 88' lang='lat' dir='ltr'>ipsa</span> <span class='ocrx_word' id='word_1_406' title='bbox 1622 1114 1798 1154; x_wconf 71' lang='lat' dir='ltr'>assumptio</span> 
     </span>
     <span class='ocr_line' id='line_1_63' title="bbox 1017 1165 1796 1206; baseline 0.004 -11"><span class='ocrx_word' id='word_1_407' title='bbox 1017 1165 1171 1204; x_wconf 80' lang='lat' dir='ltr'>angelicae</span> <span class='ocrx_word' id='word_1_408' title='bbox 1178 1167 1303 1197; x_wconf 87' lang='lat' dir='ltr'>naturae</span> <span class='ocrx_word' id='word_1_409' title='bbox 1318 1166 1435 1204; x_wconf 76' lang='lat' dir='ltr'>angelo</span> <span class='ocrx_word' id='word_1_410' title='bbox 1446 1166 1534 1206; x_wconf 85' lang='lat' dir='ltr'>lapso</span> <span class='ocrx_word' id='word_1_411' title='bbox 1545 1176 1609 1197; x_wconf 90' lang='lat' dir='ltr'>non</span> <span class='ocrx_word' id='word_1_412' title='bbox 1624 1167 1796 1206; x_wconf 80' lang='lat' dir='ltr'>prodesset,</span> 
     </span>
     <span class='ocr_line' id='line_1_64' title="bbox 1017 1219 1796 1258; baseline 0.003 -9"><span class='ocrx_word' id='word_1_413' title='bbox 1017 1219 1094 1258; x_wconf 88' lang='lat' dir='ltr'>quia</span> <span class='ocrx_word' id='word_1_414' title='bbox 1109 1228 1183 1250; x_wconf 90' lang='lat' dir='ltr'>cum</span> <span class='ocrx_word' id='word_1_415' title='bbox 1199 1219 1348 1250; x_wconf 86' lang='lat' dir='ltr'>obstinati</span> <span class='ocrx_word' id='word_1_416' title='bbox 1364 1219 1424 1250; x_wconf 83' lang='lat' dir='ltr'>sint</span> <span class='ocrx_word' id='word_1_417' title='bbox 1440 1219 1663 1250; x_wconf 84' lang='lat' dir='ltr'>universaliter</span> <span class='ocrx_word' id='word_1_418' title='bbox 1678 1220 1710 1250; x_wconf 92' lang='lat' dir='ltr'>in</span> <span class='ocrx_word' id='word_1_419' title='bbox 1725 1230 1796 1251; x_wconf 89' lang='lat' dir='ltr'>ma-</span> 
     </span>
     <span class='ocr_line' id='line_1_65' title="bbox 1017 1273 1796 1312; baseline 0.005 -10"><span class='ocrx_word' id='word_1_420' title='bbox 1017 1273 1102 1311; x_wconf 84' lang='lat' dir='ltr'>litia,</span> <span class='ocrx_word' id='word_1_421' title='bbox 1122 1282 1187 1304; x_wconf 91' lang='lat' dir='ltr'>non</span> <span class='ocrx_word' id='word_1_422' title='bbox 1207 1273 1485 1304; x_wconf 76' lang='lat' dir='ltr'>inflammarentur</span> <span class='ocrx_word' id='word_1_423' title='bbox 1505 1273 1544 1304; x_wconf 81' lang='lat' dir='ltr'>ad</span> <span class='ocrx_word' id='word_1_424' title='bbox 1568 1273 1796 1312; x_wconf 80' lang='lat' dir='ltr'>humilitatem,</span> 
     </span>
     <span class='ocr_line' id='line_1_66' title="bbox 1017 1327 1797 1368; baseline 0 -10"><span class='ocrx_word' id='word_1_425' title='bbox 1017 1337 1075 1358; x_wconf 84' lang='lat' dir='ltr'>nec</span> <span class='ocrx_word' id='word_1_426' title='bbox 1095 1327 1134 1358; x_wconf 85' lang='lat' dir='ltr'>ad</span> <span class='ocrx_word' id='word_1_427' title='bbox 1155 1327 1343 1359; x_wconf 84' lang='lat' dir='ltr'>charitatem</span> <span class='ocrx_word' id='word_1_428' title='bbox 1357 1352 1364 1366; x_wconf 95' lang='lat'>,</span> <span class='ocrx_word' id='word_1_429' title='bbox 1382 1337 1437 1368; x_wconf 80' lang='lat' dir='ltr'>per</span> <span class='ocrx_word' id='word_1_430' title='bbox 1460 1327 1694 1358; x_wconf 76' lang='lat' dir='ltr'>exhibitionem</span> <span class='ocrx_word' id='word_1_431' title='bbox 1718 1329 1797 1359; x_wconf 87' lang='lat' dir='ltr'>tanti</span> 
     </span>
     <span class='ocr_line' id='line_1_67' title="bbox 1017 1381 1800 1422; baseline 0.001 -10"><span class='ocrx_word' id='word_1_432' title='bbox 1017 1381 1160 1413; x_wconf 81' lang='lat' dir='ltr'>beneficii</span> <span class='ocrx_word' id='word_1_433' title='bbox 1176 1385 1206 1413; x_wconf 86' lang='lat' dir='ltr'>et</span> <span class='ocrx_word' id='word_1_434' title='bbox 1221 1382 1370 1422; x_wconf 78' lang='lat' dir='ltr'>exempli.</span> <span class='ocrx_word' id='word_1_435' title='bbox 1388 1382 1425 1413; x_wconf 76' lang='lat' dir='ltr'>Et</span> <span class='ocrx_word' id='word_1_436' title='bbox 1441 1382 1519 1413; x_wconf 88' lang='lat' dir='ltr'>illud</span> <span class='ocrx_word' id='word_1_437' title='bbox 1538 1381 1685 1413; x_wconf 85' lang='lat' dir='ltr'>videmus</span> <span class='ocrx_word' id='word_1_438' title='bbox 1702 1382 1800 1418; x_wconf 89' lang='lat' dir='ltr'>hodie</span> 
     </span>
     <span class='ocr_line' id='line_1_68' title="bbox 1016 1435 1796 1476; baseline 0 -10"><span class='ocrx_word' id='word_1_439' title='bbox 1016 1436 1049 1466; x_wconf 89' lang='lat' dir='ltr'>in</span> <span class='ocrx_word' id='word_1_440' title='bbox 1063 1435 1171 1467; x_wconf 85' lang='lat' dir='ltr'>multis</span> <span class='ocrx_word' id='word_1_441' title='bbox 1186 1436 1416 1476; x_wconf 85' lang='lat' dir='ltr'>peccatoribus,</span> <span class='ocrx_word' id='word_1_442' title='bbox 1429 1435 1547 1476; x_wconf 88' lang='lat' dir='ltr'>quibus</span> <span class='ocrx_word' id='word_1_443' title='bbox 1564 1438 1693 1476; x_wconf 87' lang='lat' dir='ltr'>propter</span> <span class='ocrx_word' id='word_1_444' title='bbox 1703 1445 1796 1467; x_wconf 89' lang='lat' dir='ltr'>suam</span> 
     </span>
     <span class='ocr_line' id='line_1_69' title="bbox 1016 1490 1796 1530; baseline 0.001 -10"><span class='ocrx_word' id='word_1_445' title='bbox 1016 1490 1256 1530; x_wconf 87' lang='lat' dir='ltr'>perversitatem</span> <span class='ocrx_word' id='word_1_446' title='bbox 1273 1490 1363 1521; x_wconf 86' lang='lat' dir='ltr'>valde</span> <span class='ocrx_word' id='word_1_447' title='bbox 1378 1499 1493 1530; x_wconf 87' lang='lat' dir='ltr'>parum</span> <span class='ocrx_word' id='word_1_448' title='bbox 1511 1490 1639 1530; x_wconf 86' lang='lat' dir='ltr'>prodest</span> <span class='ocrx_word' id='word_1_449' title='bbox 1652 1490 1796 1522; x_wconf 83' lang='lat' dir='ltr'>iucarna-</span> 
     </span>
     <span class='ocr_line' id='line_1_70' title="bbox 1016 1544 1200 1575; baseline 0.005 -1"><span class='ocrx_word' id='word_1_450' title='bbox 1016 1544 1058 1575; x_wconf 89' lang='lat' dir='ltr'>tio</span> <span class='ocrx_word' id='word_1_451' title='bbox 1073 1544 1200 1575; x_wconf 85' lang='lat' dir='ltr'>Christi.</span> 
     </span>
    </p>

    <p class='ocr_par' dir='ltr' id='par_1_8' title="bbox 1011 1598 1795 2613">
     <span class='ocr_line' id='line_1_71' title="bbox 1055 1598 1795 1638; baseline 0.003 -10"><span class='ocrx_word' id='word_1_452' title='bbox 1055 1600 1085 1629; x_wconf 66' lang='lat'>4.</span> <span class='ocrx_word' id='word_1_453' title='bbox 1102 1598 1150 1630; x_wconf 86' lang='lat' dir='ltr'>Ad</span> <span class='ocrx_word' id='word_1_454' title='bbox 1166 1598 1244 1630; x_wconf 88' lang='lat' dir='ltr'>illud</span> <span class='ocrx_word' id='word_1_455' title='bbox 1261 1598 1348 1638; x_wconf 88' lang='lat' dir='ltr'>quod</span> <span class='ocrx_word' id='word_1_456' title='bbox 1364 1598 1551 1638; x_wconf 90' lang='lat' dir='ltr'>opponitur,</span> <span class='ocrx_word' id='word_1_457' title='bbox 1574 1599 1660 1638; x_wconf 83' lang='lat' dir='ltr'>quod</span> <span class='ocrx_word' id='word_1_458' title='bbox 1674 1607 1795 1638; x_wconf 58' lang='lat' dir='ltr'>praeva-</span> 
     </span>
     <span class='ocr_line' id='line_1_72' title="bbox 1015 1651 1794 1692; baseline 0.001 -10"><span class='ocrx_word' id='word_1_459' title='bbox 1015 1652 1126 1682; x_wconf 86' lang='lat' dir='ltr'>ricatio</span> <span class='ocrx_word' id='word_1_460' title='bbox 1150 1652 1285 1692; x_wconf 82' lang='lat' dir='ltr'>sumpsit</span> <span class='ocrx_word' id='word_1_461' title='bbox 1309 1651 1478 1682; x_wconf 68' lang='lat' dir='ltr'>exordium</span> <span class='ocrx_word' id='word_1_462' title='bbox 1502 1651 1542 1682; x_wconf 84' lang='lat' dir='ltr'>ab</span> <span class='ocrx_word' id='word_1_463' title='bbox 1565 1651 1698 1691; x_wconf 85' lang='lat' dir='ltr'>angelo,</span> <span class='ocrx_word' id='word_1_464' title='bbox 1715 1661 1794 1692; x_wconf 82' lang='lat' dir='ltr'>ergo</span> 
     </span>
     <span class='ocr_line' id='line_1_73' title="bbox 1014 1705 1792 1745; baseline 0.003 -10"><span class='ocrx_word' id='word_1_465' title='bbox 1014 1708 1045 1736; x_wconf 88' lang='lat' dir='ltr'>et</span> <span class='ocrx_word' id='word_1_466' title='bbox 1059 1706 1216 1745; x_wconf 76' lang='lat' dir='ltr'>reparatio</span> <span class='ocrx_word' id='word_1_467' title='bbox 1232 1705 1377 1736; x_wconf 85' lang='lat' dir='ltr'>similiter</span> <span class='ocrx_word' id='word_1_468' title='bbox 1392 1705 1484 1736; x_wconf 91' lang='lat' dir='ltr'>debet</span> <span class='ocrx_word' id='word_1_469' title='bbox 1497 1706 1537 1736; x_wconf 86' lang='lat' dir='ltr'>ab</span> <span class='ocrx_word' id='word_1_470' title='bbox 1552 1705 1605 1737; x_wconf 94' lang='lat' dir='ltr'>illo</span> <span class='ocrx_word' id='word_1_471' title='bbox 1626 1705 1792 1744; x_wconf 82' lang='lat' dir='ltr'>inchoare3</span> 
     </span>
     <span class='ocr_line' id='line_1_74' title="bbox 1013 1759 1794 1800; baseline 0.001 -10"><span class='ocrx_word' id='word_1_472' title='bbox 1013 1759 1184 1791; x_wconf 80' lang='lat' dir='ltr'>dicendum</span> <span class='ocrx_word' id='word_1_473' title='bbox 1208 1760 1295 1800; x_wconf 89' lang='lat' dir='ltr'>quod</span> <span class='ocrx_word' id='word_1_474' title='bbox 1323 1761 1547 1800; x_wconf 64' lang='lat' dir='ltr'>praevaricatio</span> <span class='ocrx_word' id='word_1_475' title='bbox 1571 1761 1699 1799; x_wconf 78' lang='lat' dir='ltr'>generis</span> <span class='ocrx_word' id='word_1_476' title='bbox 1728 1761 1794 1792; x_wconf 90' lang='lat' dir='ltr'>hu-</span> 
     </span>
     <span class='ocr_line' id='line_1_75' title="bbox 1015 1814 1794 1854; baseline 0.003 -11"><span class='ocrx_word' id='word_1_477' title='bbox 1015 1814 1100 1844; x_wconf 81' lang='lat' dir='ltr'>mani</span> <span class='ocrx_word' id='word_1_478' title='bbox 1112 1814 1249 1854; x_wconf 81' lang='lat' dir='ltr'>sumpsit</span> <span class='ocrx_word' id='word_1_479' title='bbox 1263 1814 1433 1844; x_wconf 79' lang='lat' dir='ltr'>exordium</span> <span class='ocrx_word' id='word_1_480' title='bbox 1443 1823 1462 1844; x_wconf 86' lang='lat' dir='ltr'>a</span> <span class='ocrx_word' id='word_1_481' title='bbox 1472 1814 1618 1845; x_wconf 83' lang='lat' dir='ltr'>daemone</span> <span class='ocrx_word' id='word_1_482' title='bbox 1632 1817 1662 1845; x_wconf 85' lang='lat' dir='ltr'>et</span> <span class='ocrx_word' id='word_1_483' title='bbox 1677 1815 1717 1845; x_wconf 89' lang='lat' dir='ltr'>ab</span> <span class='ocrx_word' id='word_1_484' title='bbox 1733 1815 1794 1845; x_wconf 87' lang='lat'>110-</span> 
     </span>
     <span class='ocr_line' id='line_1_76' title="bbox 1016 1867 1790 1909; baseline 0 -11"><span class='ocrx_word' id='word_1_485' title='bbox 1016 1868 1119 1905; x_wconf 89' lang='lat' dir='ltr'>mine;</span> <span class='ocrx_word' id='word_1_486' title='bbox 1140 1867 1194 1898; x_wconf 87' lang='lat' dir='ltr'>sed</span> <span class='ocrx_word' id='word_1_487' title='bbox 1216 1867 1256 1898; x_wconf 84' lang='lat' dir='ltr'>ab</span> <span class='ocrx_word' id='word_1_488' title='bbox 1273 1867 1406 1898; x_wconf 87' lang='lat' dir='ltr'>homine</span> <span class='ocrx_word' id='word_1_489' title='bbox 1424 1870 1578 1908; x_wconf 82' lang='lat' dir='ltr'>tanquam</span> <span class='ocrx_word' id='word_1_490' title='bbox 1593 1878 1611 1899; x_wconf 86' lang='lat' dir='ltr'>a</span> <span class='ocrx_word' id='word_1_491' title='bbox 1625 1868 1790 1909; x_wconf 65' lang='lat' dir='ltr'>principali</span> 
     </span>
     <span class='ocr_line' id='line_1_77' title="bbox 1013 1921 1793 1961; baseline 0.003 -10"><span class='ocrx_word' id='word_1_492' title='bbox 1013 1924 1142 1952; x_wconf 15' lang='lat' dir='ltr'>airictore</span> <span class='ocrx_word' id='word_1_493' title='bbox 1155 1945 1162 1958; x_wconf 91' lang='lat'>‚</span> <span class='ocrx_word' id='word_1_494' title='bbox 1179 1931 1196 1951; x_wconf 88' lang='lat' dir='ltr'>a</span> <span class='ocrx_word' id='word_1_495' title='bbox 1220 1921 1367 1952; x_wconf 83' lang='lat' dir='ltr'>daemone</span> <span class='ocrx_word' id='word_1_496' title='bbox 1391 1922 1473 1952; x_wconf 81' lang='lat' dir='ltr'>sicut</span> <span class='ocrx_word' id='word_1_497' title='bbox 1493 1932 1511 1951; x_wconf 83' lang='lat' dir='ltr'>a</span> <span class='ocrx_word' id='word_1_498' title='bbox 1532 1925 1723 1961; x_wconf 73' lang='lat' dir='ltr'>suggestore</span> <span class='ocrx_word' id='word_1_499' title='bbox 1739 1931 1746 1953; x_wconf 71' lang='grc' dir='ltr'><strong>ι</strong></span> <span class='ocrx_word' id='word_1_500' title='bbox 1763 1925 1793 1953; x_wconf 83' lang='lat' dir='ltr'>et</span> 
     </span>
     <span class='ocr_line' id='line_1_78' title="bbox 1013 1975 1794 2016; baseline 0.001 -10"><span class='ocrx_word' id='word_1_501' title='bbox 1013 1975 1166 2016; x_wconf 82' lang='lat' dir='ltr'>quoniam</span> <span class='ocrx_word' id='word_1_502' title='bbox 1184 1975 1326 2007; x_wconf 79' lang='lat' dir='ltr'>Christus</span> <span class='ocrx_word' id='word_1_503' title='bbox 1340 1978 1451 2006; x_wconf 74' lang='lat' dir='ltr'>auctor</span> <span class='ocrx_word' id='word_1_504' title='bbox 1469 1977 1515 2006; x_wconf 78' lang='lat' dir='ltr'>est</span> <span class='ocrx_word' id='word_1_505' title='bbox 1535 1978 1653 2007; x_wconf 81' lang='lat' dir='ltr'>nostrae</span> <span class='ocrx_word' id='word_1_506' title='bbox 1667 1976 1794 2007; x_wconf 84' lang='lat' dir='ltr'>redem-</span> 
     </span>
     <span class='ocr_line' id='line_1_79' title="bbox 1013 2029 1793 2071; baseline 0.003 -11"><span class='ocrx_word' id='word_1_507' title='bbox 1013 2030 1148 2071; x_wconf 88' lang='lat' dir='ltr'>ptionis,</span> <span class='ocrx_word' id='word_1_508' title='bbox 1173 2030 1244 2061; x_wconf 84' lang='lat' dir='ltr'>ideo</span> <span class='ocrx_word' id='word_1_509' title='bbox 1269 2029 1374 2069; x_wconf 86' lang='lat' dir='ltr'>magis</span> <span class='ocrx_word' id='word_1_510' title='bbox 1394 2030 1487 2061; x_wconf 84' lang='lat' dir='ltr'>debet</span> <span class='ocrx_word' id='word_1_511' title='bbox 1509 2031 1666 2070; x_wconf 85' lang='lat' dir='ltr'>reparatio</span> <span class='ocrx_word' id='word_1_512' title='bbox 1685 2031 1793 2063; x_wconf 79' lang='lat' dir='ltr'>incho-</span> 
     </span>
     <span class='ocr_line' id='line_1_80' title="bbox 1013 2083 1792 2125; baseline 0.003 -11"><span class='ocrx_word' id='word_1_513' title='bbox 1013 2084 1060 2115; x_wconf 89' lang='lat' dir='ltr'>ari</span> <span class='ocrx_word' id='word_1_514' title='bbox 1076 2084 1116 2114; x_wconf 90' lang='lat' dir='ltr'>ab</span> <span class='ocrx_word' id='word_1_515' title='bbox 1130 2083 1273 2121; x_wconf 87' lang='lat' dir='ltr'>homine,</span> <span class='ocrx_word' id='word_1_516' title='bbox 1289 2093 1389 2124; x_wconf 88' lang='lat' dir='ltr'>quam</span> <span class='ocrx_word' id='word_1_517' title='bbox 1400 2084 1439 2114; x_wconf 82' lang='lat' dir='ltr'>ab</span> <span class='ocrx_word' id='word_1_518' title='bbox 1455 2084 1582 2124; x_wconf 79' lang='lat' dir='ltr'>angelo,</span> <span class='ocrx_word' id='word_1_519' title='bbox 1600 2087 1635 2115; x_wconf 88' lang='lat' dir='ltr'>ut</span> <span class='ocrx_word' id='word_1_520' title='bbox 1649 2085 1693 2115; x_wconf 76' lang='lat' dir='ltr'>sie</span> <span class='ocrx_word' id='word_1_521' title='bbox 1707 2094 1792 2125; x_wconf 86' lang='lat' dir='ltr'>repa-</span> 
     </span>
     <span class='ocr_line' id='line_1_81' title="bbox 1012 2137 1790 2178; baseline 0.001 -10"><span class='ocrx_word' id='word_1_522' title='bbox 1012 2137 1092 2168; x_wconf 82' lang='lat' dir='ltr'>ratio</span> <span class='ocrx_word' id='word_1_523' title='bbox 1115 2137 1259 2168; x_wconf 81' lang='lat' dir='ltr'>inchoari</span> <span class='ocrx_word' id='word_1_524' title='bbox 1280 2138 1320 2168; x_wconf 84' lang='lat' dir='ltr'>ab</span> <span class='ocrx_word' id='word_1_525' title='bbox 1338 2137 1483 2175; x_wconf 87' lang='lat' dir='ltr'>homine,</span> <span class='ocrx_word' id='word_1_526' title='bbox 1499 2146 1597 2177; x_wconf 87' lang='lat' dir='ltr'>quam</span> <span class='ocrx_word' id='word_1_527' title='bbox 1610 2138 1650 2168; x_wconf 90' lang='lat' dir='ltr'>ab</span> <span class='ocrx_word' id='word_1_528' title='bbox 1663 2139 1790 2178; x_wconf 82' lang='lat' dir='ltr'>angelo,</span> 
     </span>
     <span class='ocr_line' id='line_1_82' title="bbox 1011 2191 1791 2232; baseline 0 -9"><span class='ocrx_word' id='word_1_529' title='bbox 1011 2193 1128 2223; x_wconf 84' lang='lat' dir='ltr'>directe</span> <span class='ocrx_word' id='word_1_530' title='bbox 1159 2192 1348 2232; x_wconf 86' lang='lat' dir='ltr'>respondeat</span> <span class='ocrx_word' id='word_1_531' title='bbox 1371 2191 1485 2232; x_wconf 86' lang='lat' dir='ltr'>lapsui.</span> <span class='ocrx_word' id='word_1_532' title='bbox 1517 2191 1556 2222; x_wconf 85' lang='lat' dir='ltr'>Et</span> <span class='ocrx_word' id='word_1_533' title='bbox 1582 2193 1791 2232; x_wconf 88' lang='lat' dir='ltr'>quemadmo-</span> 
     </span>
     <span class='ocr_line' id='line_1_83' title="bbox 1011 2245 1791 2286; baseline -0.003 -8"><span class='ocrx_word' id='word_1_534' title='bbox 1011 2247 1090 2278; x_wconf 88' lang='lat' dir='ltr'>dum</span> <span class='ocrx_word' id='word_1_535' title='bbox 1113 2246 1258 2277; x_wconf 82' lang='lat' dir='ltr'>diabolus</span> <span class='ocrx_word' id='word_1_536' title='bbox 1283 2246 1316 2276; x_wconf 91' lang='lat' dir='ltr'>in</span> <span class='ocrx_word' id='word_1_537' title='bbox 1343 2246 1434 2286; x_wconf 81' lang='lat' dir='ltr'>lapsu</span> <span class='ocrx_word' id='word_1_538' title='bbox 1462 2246 1585 2285; x_wconf 74' lang='lat' dir='ltr'>decepit</span> <span class='ocrx_word' id='word_1_539' title='bbox 1604 2245 1724 2284; x_wconf 80' lang='lat' dir='ltr'>Evam,</span> <span class='ocrx_word' id='word_1_540' title='bbox 1747 2246 1791 2276; x_wconf 81' lang='lat' dir='ltr'>sie</span> 
     </span>
     <span class='ocr_line' id='line_1_84' title="bbox 1012 2299 1789 2341; baseline -0.003 -9"><span class='ocrx_word' id='word_1_541' title='bbox 1012 2301 1046 2332; x_wconf 90' lang='lat' dir='ltr'>in</span> <span class='ocrx_word' id='word_1_542' title='bbox 1074 2300 1274 2341; x_wconf 83' lang='lat' dir='ltr'>reparatione</span> <span class='ocrx_word' id='word_1_543' title='bbox 1305 2299 1428 2330; x_wconf 80' lang='lat' dir='ltr'>Gabriel</span> <span class='ocrx_word' id='word_1_544' title='bbox 1460 2299 1614 2331; x_wconf 80' lang='lat' dir='ltr'>instruxit</span> <span class='ocrx_word' id='word_1_545' title='bbox 1645 2299 1789 2331; x_wconf 79' lang='lat' dir='ltr'>Mai-iam.</span> 
     </span>
     <span class='ocr_line' id='line_1_85' title="bbox 1012 2354 1792 2395; baseline -0.001 -9"><span class='ocrx_word' id='word_1_546' title='bbox 1012 2355 1050 2387; x_wconf 90' lang='lat' dir='ltr'>Et</span> <span class='ocrx_word' id='word_1_547' title='bbox 1064 2354 1337 2395; x_wconf 87' lang='lat' dir='ltr'>quemadmodum</span> <span class='ocrx_word' id='word_1_548' title='bbox 1353 2354 1385 2384; x_wconf 93' lang='lat' dir='ltr'>in</span> <span class='ocrx_word' id='word_1_549' title='bbox 1402 2354 1505 2394; x_wconf 87' lang='lat' dir='ltr'>primo</span> <span class='ocrx_word' id='word_1_550' title='bbox 1524 2354 1626 2385; x_wconf 84' lang='lat' dir='ltr'>Adam</span> <span class='ocrx_word' id='word_1_551' title='bbox 1645 2355 1725 2385; x_wconf 73' lang='lat' dir='ltr'>facta</span> <span class='ocrx_word' id='word_1_552' title='bbox 1745 2357 1792 2385; x_wconf 83' lang='lat' dir='ltr'>est</span> 
     </span>
     <span class='ocr_line' id='line_1_86' title="bbox 1013 2408 1791 2449; baseline -0.004 -8"><span class='ocrx_word' id='word_1_553' title='bbox 1013 2412 1130 2441; x_wconf 79' lang='lat' dir='ltr'>nostrae</span> <span class='ocrx_word' id='word_1_554' title='bbox 1158 2408 1432 2449; x_wconf 60' lang='lat' dir='ltr'>praevaricationis</span> <span class='ocrx_word' id='word_1_555' title='bbox 1459 2409 1693 2439; x_wconf 86' lang='lat' dir='ltr'>consummatio</span> <span class='ocrx_word' id='word_1_556' title='bbox 1709 2432 1717 2444; x_wconf 86' lang='lat'>,</span> <span class='ocrx_word' id='word_1_557' title='bbox 1746 2409 1791 2438; x_wconf 80' lang='lat' dir='ltr'>sic</span> 
     </span>
     <span class='ocr_line' id='line_1_87' title="bbox 1013 2462 1792 2506; baseline -0.004 -10"><span class='ocrx_word' id='word_1_558' title='bbox 1013 2473 1068 2506; x_wconf 87' lang='lat' dir='ltr'>per</span> <span class='ocrx_word' id='word_1_559' title='bbox 1082 2463 1259 2495; x_wconf 86' lang='lat' dir='ltr'>secundum</span> <span class='ocrx_word' id='word_1_560' title='bbox 1271 2463 1375 2494; x_wconf 78' lang='lat' dir='ltr'>Adam</span> <span class='ocrx_word' id='word_1_561' title='bbox 1392 2463 1471 2494; x_wconf 85' lang='lat' dir='ltr'>sacta</span> <span class='ocrx_word' id='word_1_562' title='bbox 1483 2466 1529 2494; x_wconf 88' lang='lat' dir='ltr'>est</span> <span class='ocrx_word' id='word_1_563' title='bbox 1542 2462 1792 2499; x_wconf 68' lang='lat' dir='ltr'>nostraeiedem-</span> 
     </span>
     <span class='ocr_line' id='line_1_88' title="bbox 1013 2515 1790 2560; baseline -0.004 -10"><span class='ocrx_word' id='word_1_564' title='bbox 1013 2517 1129 2560; x_wconf 90' lang='lat' dir='ltr'>ptionis</span> <span class='ocrx_word' id='word_1_565' title='bbox 1147 2517 1296 2558; x_wconf 79' lang='lat' dir='ltr'>perfectio</span> <span class='ocrx_word' id='word_1_566' title='bbox 1310 2527 1316 2548; x_wconf 78' lang='lat' dir='ltr'>z</span> <span class='ocrx_word' id='word_1_567' title='bbox 1331 2516 1418 2548; x_wconf 85' lang='lat' dir='ltr'>etsie</span> <span class='ocrx_word' id='word_1_568' title='bbox 1430 2518 1513 2557; x_wconf 84' lang='lat' dir='ltr'>patet</span> <span class='ocrx_word' id='word_1_569' title='bbox 1526 2515 1688 2556; x_wconf 89' lang='lat' dir='ltr'>responsio</span> <span class='ocrx_word' id='word_1_570' title='bbox 1701 2516 1739 2548; x_wconf 88' lang='lat' dir='ltr'>ad</span> <span class='ocrx_word' id='word_1_571' title='bbox 1753 2526 1790 2547; x_wconf 87' lang='lat' dir='ltr'>ea</span> 
     </span>
     <span class='ocr_line' id='line_1_89' title="bbox 1012 2571 1308 2613; baseline -0.007 -10"><span class='ocrx_word' id='word_1_572' title='bbox 1012 2571 1308 2613; x_wconf 68' lang='lat' dir='ltr'>quae&#39;objiciuutur.</span> 
     </span>
    </p>
   </div>
  </div>
 </body>
</html>
