2017 2960
205 168 264 199 280

208 242 263 274 per
282 234 442 268 naturam,
459 233 537 267 etc.;
555 229 724 260 dicendum
747 227 831 266 quod
848 235 912 257 non
931 228 978 257 est

207 287 308 318 simile
325 295 332 316 :
349 285 424 325 quia
445 284 554 314 filiatio
569 285 614 314 est
635 281 809 322 proprietas
823 289 895 319 quae
912 288 978 310 res-

209 340 282 380 picit
314 339 413 378 ipsam
440 344 626 376 personam3
652 337 681 364 et
704 334 820 363 iterum
852 332 977 371 adoptio

209 395 359 434 importat
381 393 519 431 aliquam
543 389 783 420 extraneitatem
805 390 836 418 et
857 388 978 426 imper-

210 448 375 478 fectionem
393 456 400 475 :
416 445 460 474 sic
483 452 548 473 non
569 444 615 472 cst
629 442 667 472 de
682 441 786 480 gratia
805 440 979 479 singularis

212 509 375 542 personae,
392 507 464 538 quae
488 497 615 536 respicit
642 496 742 536 ipsam
770 496 922 533 animam,
950 497 980 525 et

212 564 275 585 nou
300 550 586 592 imperfectionem,
607 552 637 580 et
651 549 890 580 extraneitatem
902 572 910 586 ,
927 549 979 579 sed

213 606 314 645 magis
333 603 576 643 completionem
597 604 628 632 et
649 602 891 633 deiformitatem
919 602 981 631 im-

213 661 335 700 portat:
354 660 384 688 et
408 659 573 696 propterea
596 655 718 686 nullam
740 655 872 685 omnino
888 655 982 685 habet

213 711 443 752 oppositionem
465 709 502 740 ad
524 709 611 739 illam
629 710 777 738 aeternam
793 707 982 747 acceptatio-

214 773 300 802 nem,
318 764 398 794 sicut
409 762 535 802 adoptio
552 763 698 801 respectu
712 760 873 791 filiationis
887 762 983 791 natu-

215 818 288 849 ralis
304 828 311 848 :
327 819 358 848 et
373 817 443 847 ideo
456 824 519 846 non
534 816 580 845 est
592 814 704 844 simile.

256 874 284 901 3.
315 869 362 900 Ad
386 868 463 899 illud
489 867 573 907 quod
604 866 771 906 objicitur,
798 866 882 905 quod
911 875 984 896 cum

216 923 357 954 (lhristus
373 922 413 952 sit
426 921 519 957 Deus,
542 929 607 951 non
628 919 751 958 indiget
775 918 836 949 Deo
859 918 985 948 assimi-

215 976 286 1014 lari,
299 976 468 1006 dicendum
483 973 568 1013 quod
584 973 635 1003 ille
647 981 712 1002 non
725 973 805 1002 esset
818 971 912 1008 Deus,
925 971 986 1001 nisi

217 1038 332 1068 corpus
347 1029 373 1067 ej
379 1037 416 1058 us
431 1029 462 1058 et
475 1026 583 1057 anima
597 1026 814 1055 assumeretur
827 1033 845 1054 a
861 1023 964 1054 Verbo
976 1035 984 1061 ;

218 1091 275 1112 nec
298 1081 404 1112 anima
428 1082 509 1110 esset
532 1079 644 1109 idonea
668 1079 705 1108 ut
730 1078 947 1107 assumeretur
970 1086 988 1107 a

218 1134 332 1171 Verbo,
348 1133 409 1164 nisi
425 1134 503 1164 esset
518 1130 678 1162 deiformis
690 1132 720 1160 et
739 1129 801 1160 Deo
817 1129 989 1159 assimilata

219 1189 353 1229 perfecte
375 1196 430 1227 per
445 1186 581 1225 gratiam
597 1194 604 1215 :
621 1186 651 1214 et
665 1184 735 1214 ideo
752 1183 812 1213 hoc
835 1183 920 1222 quod
935 1182 990 1213 ille

221 1242 318 1273 homo
331 1243 377 1271 est
392 1240 484 1277 Deus,
498 1237 741 1269 deiformitatem
756 1236 869 1274 gratiae
881 1238 911 1266 et
923 1235 990 1274 glo-

221 1295 277 1325 riae
301 1302 364 1324 non
385 1292 535 1327 excludit,
550 1290 629 1330 quin
644 1290 748 1329 potius
762 1290 988 1329 praesupponit.

222 1348 261 1379 Et
277 1347 301 1377 si
318 1349 354 1377 tu
368 1345 499 1385 objicias
513 1345 550 1375 de
565 1352 658 1374 carne
670 1367 678 1380 ,
696 1343 734 1373 ad
749 1352 847 1382 quam
862 1352 927 1373 non
943 1352 992 1373 re-

223 1401 360 1440 quiritur
388 1398 528 1438 gratuita
554 1396 716 1436 dispositio
750 1395 789 1425 ad
820 1395 879 1425 hoc
908 1396 993 1435 quod

224 1454 353 1484 uniatur
363 1451 477 1489 Verbo⁷
489 1450 528 1481 ad
540 1450 599 1480 hoc
613 1449 672 1479 fuit
686 1458 782 1488 supra
794 1457 991 1488 responsum,

223 1506 375 1546 quoniam
385 1514 457 1535 caro
470 1503 583 1534 habuit
594 1502 833 1541 congruentiam
849 1502 887 1532 ad
900 1502 994 1532 unio-

225 1569 297 1590 nem
321 1569 361 1590 ex
382 1558 492 1589 ordine
513 1557 563 1587 sui
584 1556 622 1586 ad
646 1555 798 1586 animam.
833 1555 904 1586 Ideo
931 1565 995 1586 nou

225 1615 347 1654 oportet
372 1612 459 1652 quod
483 1610 694 1650 dispositionis
717 1610 927 1648 congruentia
942 1620 994 1641 re-

226 1666 366 1707 periatur
387 1665 491 1704 primo
516 1664 550 1694 in
572 1672 686 1700 carne3
709 1662 763 1693 sed
782 1663 898 1693 sufficit
912 1664 995 1702 quod

226 1721 265 1751 sit
279 1729 318 1750 ex
334 1721 421 1758 parte
436 1718 562 1748 animae.

267 1776 296 1804 4.
313 1772 360 1804 Ad
374 1771 452 1802 illud
467 1770 551 1810 quod
568 1769 715 1808 objicitur
729 1769 767 1799 de
782 1768 884 1799 Verbo
895 1770 995 1806 unito,

228 1825 313 1865 quod
336 1825 436 1863 potest
456 1830 579 1860 regere,
599 1820 767 1851 dicendum
782 1821 867 1860 quod
883 1830 994 1851 verum

229 1880 275 1908 est
288 1881 446 1917 quantum
468 1877 514 1905 est
526 1884 565 1905 ex
580 1876 667 1914 parte
682 1873 780 1913 ipsius
794 1873 888 1904 Verbi
904 1874 996 1911 uniti,

229 1931 282 1961 sed
295 1931 434 1961 defectus
447 1931 492 1959 est
507 1937 547 1959 ex
559 1930 646 1967 parte
660 1927 754 1958 liberi
769 1927 901 1964 arbitrii,
914 1927 998 1967 quod

230 1983 353 2021 indiget
376 1982 479 2012 debita
498 1980 700 2020 dispositione
719 1980 758 2010 ad
773 1980 832 2010 hoc
846 1980 930 2019 quod
949 1989 998 2010 re-

231 2036 343 2076 gimini
367 2035 463 2075 ipsius
484 2034 577 2064 Verbi
600 2043 633 2064 se
654 2033 757 2064 valeat
778 2033 997 2064 conformare:

232 2090 352 2128 indiget
372 2088 466 2119 etiam
491 2087 693 2127 dispositione
714 2087 834 2124 debita,
851 2088 886 2116 ut
906 2087 1001 2126 possit

232 2143 292 2183 ipsi
314 2142 416 2173 Verbo
441 2141 525 2172 uniri
542 2141 576 2171 in
595 2150 660 2171 una
674 2149 818 2180 persona.
832 2139 919 2170 Unde
933 2140 1002 2169 abs-

233 2205 296 2236 que
322 2194 418 2226 dubio
452 2194 633 2224 deiformior
659 2195 704 2224 est
732 2193 785 2223 illa
811 2193 918 2223 anima
945 2202 1001 2232 per

233 2247 462 2280 abundantiam
485 2247 596 2285 gratiae
618 2246 676 2276 sibi
699 2247 821 2284 datam,
845 2255 942 2286 quam
964 2247 1003 2276 sit

234 2302 295 2333 alia
311 2303 455 2332 creatura
471 2324 478 2338 ,
507 2300 544 2330 ad
571 2300 630 2330 hoc
646 2300 731 2339 quod
745 2300 783 2329 ad
799 2299 951 2330 unionem
964 2300 1003 2330 sit

234 2355 355 2386 idonea.
381 2354 428 2384 Ad
450 2353 519 2383 haec
538 2355 645 2383 autem
668 2352 876 2391 intelligenda
898 2352 1004 2383 valent

233 2408 301 2444 illa,
323 2416 395 2446 quae
416 2405 624 2436 determinata
646 2406 767 2436 suntin
782 2406 1001 2445 111111101111101

233 2461 272 2492 de
289 2460 469 2499 charitate;
483 2461 514 2489 et
529 2458 562 2488 in
576 2458 714 2488 secundo
727 2458 738 2474 ²
753 2458 790 2490 cle
806 2459 931 2495 Gratia,
946 2459 1003 2489 ubi

234 2516 397 2544 ostensum
421 2515 467 2543 est
493 2520 565 2552 quae
588 2511 789 2549 neccessitas,
812 2512 861 2542 vel
884 2512 1004 2543 utilitas

235 2570 281 2597 est
298 2566 566 2606 ponereggratiam
581 2567 730 2596 creatam.

266 2630 274 2646 ¹
284 2629 345 2653 nist.
355 2634 419 2654 xvu.
433 2642 458 2647 —
470 2629 480 2645 ²
490 2629 674 2654 Diui.xxv1.—
683 2628 693 2644 ⁸
703 2628 743 2658 Cf.
753 2629 779 2653 S.
792 2629 910 2658 Thomas,
921 2635 946 2659 p.
962 2629 1002 2659 ΙΙΙ,

750 159 1059 192 SENTENTIARUM
1080 160 1154 191 LIB.
1179 160 1230 192 111.

1282 268 1482 305 QUAESTIO
1511 271 1552 303 11.

1056 351 1096 377 An
1116 352 1143 377 1⁴71
1162 351 1270 379 Christo
1285 354 1321 379 sit
1336 356 1429 387 qratia
1443 357 1540 389 finita,
1557 358 1599 384 vel
1614 359 1741 385 immensa
1754 360 1772 386 ³.

1075 429 1186 460 Utrum
1204 431 1235 461 in
1252 431 1374 463 Christo
1389 433 1428 463 sit
1442 435 1544 473 gratia
1560 437 1661 475 finita,
1678 438 1728 468 vel
1747 438 1803 469 im·
1817 449 1850 470 Ad
1859 456 1911 476 opp.

1036 492 1144 513 mensa
1157 494 1163 521 ;
1181 486 1211 514 et
1226 485 1312 524 quod
1325 486 1358 516 in
1373 487 1494 518 Christo
1509 488 1602 519 fuerit
1617 491 1720 529 gratia
1733 492 1800 522 sine

1036 546 1186 568 mensura
1197 562 1204 575 ,
1221 539 1346 570 videtur
1359 541 1424 572 sic⁶
1442 552 1448 572 :
1466 543 1537 574 Non
1560 544 1603 574 ad
1622 552 1803 577 mensuram

1035 590 1092 622 dat
1121 591 1202 623 Deus
1231 593 1384 631 spiritum
1399 606 1411 630 ;
1433 597 1463 625 et
1490 596 1693 636 Augustinus
1718 598 1801 637 dicit,

1037 644 1120 683 quod
1143 644 1188 675 1111
1203 645 1324 676 1101111111
1348 648 1440 679 datus
1461 650 1506 679 est
1529 650 1658 689 spiritus
1677 660 1742 682 non
1764 652 1803 682 ad

1038 703 1217 726 mensuram
1231 708 1237 727 ;
1253 698 1305 728 sed
1320 699 1404 738 quod
1419 702 1504 730 caret
1518 710 1669 733 mensura
1683 705 1728 734 est
1743 703 1804 733 im-

1038 757 1184 779 mensum
1202 752 1232 780 et
1247 750 1408 782 infinitum
1425 762 1431 783 z
1449 762 1537 793 ergo,
1553 757 1610 785 etc.

1078 805 1108 832 2.
1134 802 1211 833 Item
1233 803 1381 843 Magister
1404 806 1437 836 in
1458 807 1561 837 littera
1602 819 1608 838 :
1623 820 1637 837 α
1652 808 1734 840 Sane
1745 809 1805 840 dici

1039 857 1139 894 potest
1160 856 1264 895 ipsum
1288 860 1409 889 tantam
1429 860 1539 898 gratiae
1563 861 1716 901 accepisse
1742 854 1820 902 ple?

1041 908 1220 939 nitudinem
1233 934 1240 947 ‚
1258 912 1293 940 ut
1307 912 1336 941 ei
1351 913 1492 942 conferre
1509 914 1591 944 Deus
1605 915 1730 954 plenius
1742 925 1807 946 non

1042 965 1189 1002 potuerit.
1207 977 1220 993 »
1241 965 1300 996 Sed
1319 976 1405 1006 cuma
1415 968 1505 998 finito
1531 969 1628 1008 possit
1652 969 1733 1000 Deus
1748 969 1808 1000 ali-

1042 1017 1118 1057 quid
1136 1019 1240 1057 majus
1254 1019 1367 1058 facere,
1382 1021 1509 1052 videtur
1522 1022 1606 1061 quod
1622 1022 1674 1053 ille
1686 1032 1810 1063 accepe-

1044 1071 1084 1101 rit
1098 1072 1235 1110 gratiam
1250 1073 1420 1104 infinitam.

1084 1128 1112 1155 3.
1133 1125 1210 1155 Item
1225 1128 1312 1157 tanta
1325 1130 1371 1157 est
1385 1128 1498 1166 gratia,
1514 1131 1669 1168 quantum
1686 1132 1732 1160 est
1745 1140 1813 1161 me-

1045 1179 1142 1209 ritum
1171 1180 1340 1218 procedens
1374 1190 1413 1211 ex
1444 1181 1511 1220 ipsa
1540 1193 1546 1211 :
1578 1182 1631 1212 sed
1662 1183 1814 1214 meritum

1046 1231 1158 1262 Christi
1175 1233 1236 1263 fuit
1246 1233 1419 1270 infinitum,
1436 1234 1510 1273 quia
1526 1235 1707 1266 nullatenus
1715 1238 1815 1275 potest

1047 1285 1232 1322 exhauriri,
1258 1288 1288 1316 et
1315 1287 1486 1317 suffecisset
1520 1288 1652 1318 infinitis
1677 1289 1816 1319 millibus

1048 1338 1228 1376 hominum,
1245 1340 1325 1370 sicut
1337 1340 1411 1370 dicit
1421 1341 1590 1371 Anselmus
1604 1345 1613 1360 ⁶
1633 1351 1639 1370 2
1658 1350 1735 1380 ergo
1745 1351 1815 1380 gra-

1049 1391 1101 1429 tia,
1120 1401 1176 1431 per
1196 1401 1293 1431 quam
1318 1393 1449 1430 meruit,
1467 1394 1592 1425 videtur
1613 1395 1730 1426 habere
1753 1395 1817 1426 im-

1050 1447 1258 1478 mensitatem.

1090 1505 1119 1532 4.
1148 1503 1240 1541 Item,
1263 1502 1391 1533 finitum
1412 1512 1477 1534 uon
1499 1504 1621 1535 excedit
1643 1504 1727 1536 aliud
1743 1506 1820 1535 fini-

1052 1559 1120 1586 tum
1135 1556 1166 1586 in
1182 1556 1344 1586 infinitum
1360 1557 1393 1586 in
1409 1557 1519 1587 eodem
1534 1566 1651 1596 genere
1669 1569 1675 1588 2
1692 1558 1717 1588 si
1742 1568 1820 1598 ergo

1053 1609 1157 1648 gratia
1175 1609 1287 1640 Christi
1301 1612 1347 1640 est
1367 1611 1467 1648 finita,
1483 1620 1560 1650 ergo
1575 1611 1821 1650 proportionali-

1053 1666 1100 1693 ter
1118 1663 1241 1693 excedit
1255 1664 1372 1701 gratias
1384 1665 1520 1695 aliorum
1535 1665 1703 1695 hominum
1720 1674 1727 1695 ε
1743 1674 1822 1704 ergo

1053 1719 1078 1749 si
1103 1720 1156 1749 alii
1178 1719 1322 1750 homines
1343 1722 1467 1759 possent
1492 1721 1639 1750 continue
1657 1720 1820 1759 proficere,

1055 1775 1180 1805 videtur
1202 1774 1286 1814 quod
1313 1774 1434 1803 Christo
1449 1776 1576 1813 possent
1589 1774 1749 1813 adaequari
1767 1783 1823 1813 per

1055 1830 1203 1869 gratiam,
1219 1832 1250 1859 et
1264 1829 1369 1868 ipsum
1385 1827 1535 1858 excedere
1553 1827 1657 1866 :quod
1674 1827 1699 1857 si
1715 1827 1823 1858 nullus

1056 1892 1198 1922 unquam
1222 1883 1260 1912 ad
1275 1883 1344 1921 ejus
1359 1882 1582 1921 perfectionem
1606 1882 1707 1920 potest
1727 1881 1823 1911 attin-

1056 1946 1149 1975 gere,
1178 1938 1473 1975 quantumcumque
1502 1935 1643 1974 proficiat
1659 1958 1667 1972 ,
1698 1933 1824 1965 videtur

1055 1991 1140 2031 quod
1155 1991 1224 2030 ejus
1234 1990 1337 2029 gratia
1351 1989 1392 2019 sit
1405 1989 1571 2018 immensa.

1098 2048 1126 2076 5.
1148 2046 1224 2076 item
1244 2045 1330 2075 tanta
1349 2046 1395 2074 est
1409 2043 1512 2082 gratia
1526 2043 1706 2082 disponens,
1722 2050 1826 2082 quan-

1058 2102 1126 2130 tum
1149 2101 1194 2130 est
1218 2098 1295 2128 illud
1317 2097 1355 2128 ad
1379 2096 1463 2136 quod
1488 2095 1626 2135 disponit
1649 2095 1824 2125 secundum

1057 2156 1175 2186 rectam
1194 2151 1413 2183 habitudinem
1435 2151 1464 2180 et
1488 2148 1722 2189 proportionem
1742 2159 1749 2178 ε
1773 2148 1826 2179 5οᾶ

1059 2207 1161 2247 gratia
1183 2205 1268 2235 illius
1297 2203 1438 2235 hominis
1470 2201 1623 2242 disposuit
1650 2201 1756 2241 ipsum
1786 2200 1826 2231 ad

1059 2261 1130 2297 hoc,
1143 2259 1227 2299 quod
1240 2260 1319 2289 esset
1329 2257 1427 2294 Deus3
1444 2257 1556 2295 gratiae
1572 2255 1707 2286 aliorum
1721 2254 1827 2285 homi-

1059 2323 1138 2344 num
1153 2313 1326 2352 disponunt
1339 2310 1377 2341 ad
1392 2310 1463 2347 hoc,
1476 2309 1561 2349 quod
1581 2308 1726 2338 fruantur
1743 2306 1804 2337 Deo
1818 2318 1824 2337 ε

1061 2419 1085 2442 q.
1102 2417 1146 2441 vil,
1165 2412 1212 2434 art.
1229 2412 1270 2439 ¹¹3
1286 2411 1310 2433 et
1326 2409 1355 2431 lll
1375 2408 1452 2434 Sem„
1468 2406 1525 2430 dist.
1537 2411 1584 2436 xn,
1599 2412 1623 2436 q.
1637 2411 1653 2434 1,
1669 2406 1714 2428 art.
1726 2406 1749 2434 2,
1762 2411 1788 2435 q.
1804 2410 1826 2434 1;

1061 2449 1083 2470 ot
1099 2447 1128 2469 dc
1147 2447 1232 2474 Verin,
1250 2453 1273 2475 q.
1294 2450 1366 2474 xx1x,
1382 2445 1428 2467 art.
1444 2442 1473 2472 35
1487 2445 1512 2466 et
1527 2443 1613 2472 Opus-c.
1638 2441 1679 2470 lli,
1695 2448 1717 2464 e.
1735 2445 1826 2470 ccxxu

1061 2482 1198 2506 Richardus
1209 2499 1215 2509 ,
1228 2481 1258 2504 lll
1276 2480 1354 2509 Sent.,
1371 2479 1427 2502 dist.
1442 2484 1504 2507 xm,
1520 2485 1544 2508 q.
1559 2483 1590 2506 11;
1606 2476 1696 2500 Τ110111.
1712 2477 1829 2506 Argent..

1062 2519 1094 2542 ill
1111 2518 1189 2547 Sent.‚
1213 2517 1270 2540 dist.
1292 2521 1350 2544 xm,
1371 2521 1395 2544 q.
1415 2520 1438 2544 1,
1454 2516 1499 2536 art.
1518 2514 1545 2542 33
1567 2512 1708 2542 Stephanus
1724 2511 1828 2539 Bruler..

1063 2554 1092 2576 lll
1110 2553 1188 2581 Sent..
1210 2551 1266 2574 dist.
1283 2557 1329 2579 xii,
1343 2557 1367 2580 q.
1387 2549 1468 2573 11.—⁸
1480 2549 1615 2578 J01111.,111,
1633 2549 1712 2571 31.-
1728 2547 1738 2563 ⁵
1752 2547 1828 2577 Aug..

1061 2590 1086 2612 in
1104 2589 1186 2615 Man„
1205 2588 1276 2610 tract.
1292 2591 1344 2615 xlv,
1362 2592 1387 2609 n.
1406 2586 1441 2608 10.
1465 2596 1496 2602 —-
1517 2584 1527 2601 θ
1548 2584 1671 2614 Λ11501111.,
1691 2582 1742 2607 Cun-
1764 2582 1829 2605 Deus

1061 2625 1147 2654 homo,
1162 2623 1205 2647 lib.
1220 2622 1257 2652 11,
1271 2628 1294 2645 c.
1310 2626 1363 2645 xiv.
