2017 2960
218 213 274 243 ,184
787 210 1094 243 anTilNTtARUM
1116 213 1188 245 LIB.
1213 215 1264 245 lll.

493 328 715 361 CONCLUSIO.

247 408 324 435 Fides
352 416 402 434 non
434 410 537 433 tantum
563 410 599 433 rs!
627 409 713 433 virtus
739 409 883 440 slratuita,
912 408 957 434 sed

304 454 484 486 qralui'larum
500 453 631 478 rirtutum
648 452 740 485 reflui«
756 454 780 478 ct
795 454 901 486 aurifici.

257 532 344 571 llcsp.
362 532 398 561 ad
416 532 493 570 Arg.
512 531 683 562 Dicendum
698 532 913 571 quod-alisque
928 533 984 563 du-

215 585 266 614 bio
283 585 347 623 ipsa
362 584 448 620 sides,
472 594 535 624 qua
563 585 594 614 in
613 585 710 615 Deum
727 585 894 621 credimus,
920 595 983 615 uon

213 640 337 667 tantum
353 640 399 667 est
414 637 527 674 virtus,
544 647 656 668 verum
667 638 762 668 etiam
776 639 892 677 auriga
919 639 982 668 vir-

213 692 328 726 tutum,
345 690 425 720 sicut
440 690 477 720 (le
506 691 673 730 prudentia
700 692 774 721 dicit
804 692 983 722 Bernardus

212 742 255 774 ad
274 744 454 782 Eltycm'um
468 744 494 773 ¹:
516 756 529 771 «
549 743 655 774 Virtus
676 745 803 783 quidem
827 747 884 781 cst,
906 754 982 784 quo-

213 796 297 826 niam
326 797 359 826 in
387 806 423 826 ca
446 797 585 827 consistit
605 797 759 827 rectitudo
778 797 853 827 vitas
872 807 982 827 sccun-

210 849 286 879 dum
299 849 592 889 regulamjustitiae.
606 861 619 877 >)
636 850 761 880 ,lustum
777 850 862 880 enim
873 853 928 887 est,
948 853 981 880 ut

211 902 385 932 intellectus
400 905 505 932 noster
517 903 557 932 ita
572 903 758 942 captivetur,
776 905 806 933 et
821 904 981 942 sribJacerit

209 964 344 985 summae
360 956 495 993 veritati,
512 956 592 986 sicut
618 956 748 986 aflectus
769 959 874 987 noster
890 957 980 987 ‹lchct

208 1008 370 1047 subjacere
388 1018 522 1040 surnmze
537 1010 669 1039 bonitati
687 1021 693 1040 :
711 1019 768 1040 nec
792 1012 891 1049 potest
914 1019 979 1040 esse

208 1061 314 1091 anima
325 1065 419 1098 recta,
435 1062 496 1092 nisi
519 1063 694 1093 intellectus
705 1072 840 1093 summae
855 1064 977 1093 veritati

208 1117 334 1153 propter
349 1124 381 1145 sc
396 1118 426 1145 et
440 1125 535 1154 super
551 1116 658 1146 omnia
672 1117 831 1154 assentiat,
848 1119 877 1147 et
888 1118 978 1147 assec-

207 1170 258 1197 tus
273 1177 408 1198 sunuuae
424 1169 554 1199 bonitati
571 1170 741 1200 adhaereat.
759 1169 848 1199 Hanc
870 1172 976 1199 autem

207 1221 424 1251 rectitudinem
440 1231 503 1251 non
520 1223 612 1252 habet
629 1223 698 1262 quis
714 1223 833 1259 nolens,
849 1223 902 1253 sed
919 1232 975 1252 vo-

207 1273 284 1303 lens.
303 1273 401 1304 Nemo
417 1275 502 1305 enin]
514 1275 585 1314 plus
600 1276 697 1305 credit
711 1276 782 1313 Deo,
794 1286 890 1315 quam
904 1277 974 1313 sibi,

205 1326 262 1355 uisi
279 1336 334 1366 per
362 1327 431 1363 hoc,
462 1328 543 1366 quod
562 1328 628 1357 vult
656 1328 851 1358 intellectum
879 1339 974 1359 suum

204 1380 360 1417 captivare
372 1380 405 1409 in
424 1380 611 1418 obsequium
624 1380 747 1410 Christi.
765 1382 793 1410 Si
809 1391 886 1419 crgo
902 1391 975 1420 cap-

204 1432 312 1462 tivatio
329 1433 502 1463 intellectus
518 1434 550 1463 in
568 1434 755 1472 obsequium
772 1444 907 1464 suminae
923 1444 975 1464 ve-

202 1484 302 1514 ritatis
326 1487 443 1524 spectat
458 1486 494 1515 ad
523 1486 742 1516 rectitudinem
760 1486 843 1524 viiae,
860 1487 974 1517 volun-

202 1540 259 1575 tas,
274 1547 335 1577 qna
350 1539 421 1577 quis
438 1539 507 1568 vult
519 1549 550 1569 se
573 1540 742 1579 captivare,
759 1543 805 1570 est
824 1540 873 1570 vol
881 1543 972 1570 untas

202 1595 284 1621 recta
300 1603 307 1621 2
325 1595 354 1622 ut
369 1592 506 1629 habitus,
520 1602 584 1631 quo
603 1593 758 1623 mediante
776 1594 812 1623 ad
833 1594 894 1623 hcc
913 1604 972 1624 ex-

200 1646 324 1684 peditur
338 1647 367 1676 et
389 1646 572 1685 adjiivatur,
603 1647 674 1677 facit
698 1647 734 1677 ad
753 1648 970 1678 rectitudinem

201 1698 381 1730 voluntatis.
406 1699 506 1737 Ergo,
536 1700 561 1729 si
581 1700 702 1739 Justitia
722 1710 784 1730 non
815 1704 859 1730 est
884 1701 969 1731 aliud

199 1762 296 1791 quain
313 1753 483 1783 voluntatis
510 1753 683 1789 rectitudo,
701 1756 729 1783 et
752 1754 829 1784 tides
844 1764 908 1784 non
925 1756 971 1784 est

199 1805 284 1835 aliud
296 1806 355 1835 nisi
370 1806 504 1843 habitus,
521 1815 586 1845 quo
602 1806 776 1836 intellectus
793 1809 897 1837 noster
913 1816 970 1837 vo-

199 1858 334 1888 luntarie
359 1859 537 1897 captivatur
565 1859 597 1888 iu
627 1859 815 1898 obsequium
842 1860 967 1896 Christi,

198 1914 294 1941 restat
308 1912 391 1950 quod
405 1912 532 1941 habitus
557 1912 629 1941 fidei
654 1915 769 1951 spectet
785 1913 822 1942 ad
839 1913 968 1943 rectitu-

197 1965 303 1994 dinem
318 1965 390 1994 vitae
413 1965 589 1995 secundum
605 1965 749 2003 regulam
762 1966 894 2004 justitire
912 1975 919 1995 :
937 1969 967 1996 et

195 2018 264 2048 ideo
286 2018 378 2049 habet
402 2019 432 2047 in
455 2027 487 2047 se
508 2018 662 2048 rationem
684 2019 809 2048 virtutis
833 2029 906 2048 vere
938 2022 966 2049 et

196 2072 331 2111 proprie.
346 2071 408 2102 Nec
424 2071 526 2101 solum
538 2071 631 2101 habnt
647 2071 722 2101 inse
736 2072 890 2102 rationem
907 2073 967 2102 vir-

193 2125 268 2155 tutis
289 2134 374 2155 verae
395 2132 433 2156 <at
446 2149 453 2160 ,
474 2125 526 2155 sed
552 2126 655 2163 inagis
670 2126 792 2163 aurigae
808 2126 964 2156 virtutum

193 2178 422 2217 quarumlibet,
444 2181 506 2208 tani
527 2179 777 2217 theologicarum
796 2179 939 2209 videlicet
955 2204 962 2217 ,

193 2241 289 2271 quam
309 2232 529 2262 cardinalium.
559 2232 633 2261 Sine
656 2232 715 2261 side
738 2232 822 2262 enin]
838 2242 903 2263 non
918 2236 963 2263 est

193 2285 333 2323 cognitio
361 2285 478 2315 summi
505 2287 534 2314 ct
557 2285 622 2315 veri
641 2285 713 2314 boni
732 2294 738 2314 :
764 2285 830 2315 sine
846 2286 961 2324 ,cogni-

193 2338 277 2368 tionc
294 2340 401 2368 autem
417 2338 535 2367 summi
558 2341 589 2368 ct
613 2339 679 2369 veri
694 2338 767 2368 lioni
784 2348 846 2368 non
864 2340 964 2377 potest

191 2401 258 2421 csse
273 2392 389 2421 summi
413 2394 441 2421 et
456 2391 523 2421 veri
547 2392 620 2421 boni
638 2391 810 2430 expectatio
824 2394 853 2421 et
869 2391 961 2421 dilec-

192 2445 244 2475 tio.
263 2445 406 2483 Cognitio
423 2445 510 2475 enim
526 2445 721 2484 praeambula
745 2448 791 2475 cst
809 2448 838 2475 ct
853 2446 961 2484 dirigit

191 2498 338 2528 affectum
360 2498 399 2527 ad
423 2498 652 2537 expectandum
670 2501 699 2527 et
720 2498 757 2527 ad
780 2499 960 2529 desideran-

191 2550 265 2579 dum
285 2561 291 2580 :
310 2554 340 2581 et
355 2551 423 2581 ideo
452 2550 626 2581 necessario
644 2551 720 2580 tides
733 2560 819 2590 spem
835 2554 866 2581 ct
881 2551 959 2581 cha-

223 2631 229 2644 ¹
248 2630 329 2656 [loru.¹
345 2630 374 2652 da
395 2631 533 2657 Consulem,
548 2630 589 2653 lib.
609 2631 614 2653 1
634 2643 661 2647 —
680 2632 687 2645 ‘2
702 2631 763 2654 nrt.
780 2637 849 2660 xxiv,
867 2634 913 2655 ait.
930 2634 957 2661 2,

199 2671 214 2685 ·.
230 2670 245 2686 :1
260 2668 280 2686 σί
300 2671 338 2688 111.
353 2678 376 2681 —
403 2671 424 2692 a)
440 2666 480 2688 iil.
495 2673 562 2689 vei-r.

1044 279 1166 310 ritatem
1182 281 1341 320 praeoedit,
1358 283 1507 322 tanquam
1520 286 1633 324 regula
1650 289 1680 317 et
1694 285 1807 327 auriga

1042 332 1193 371 ipsarum.
1225 334 1356 371 Rursus,
1383 335 1450 365 sine
1479 338 1660 376 cognitione
1687 341 1805 370 summi

1042 385 1115 415 boni
1126 395 1187 415 non
1204 389 1379 425 potestesse
1394 390 1476 418 recta
1489 388 1630 421 intentio.
1644 392 1707 422 Hoc
1719 393 1804 423 enim

1041 436 1143 466 solnm
1160 438 1193 466 fii
1209 440 1290 467 recta
1304 438 1486 476 intentione,
1498 441 1581 478 quod
1596 442 1631 471 fit
1645 443 1682 472 ad
1702 444 1807 473 hono-

1041 498 1107 518 rem
1123 489 1298 528 etgloriam
1317 490 1366 520 [ici
1384 500 1390 520 :
1419 491 1485 521 sine
1503 501 1577 523 vero
1597 497 1680 524 recta
1700 495 1805 526 inton-

1040 541 1123 573 tione
1133 543 1238 573 nullus
1254 546 1341 573 actus
1357 544 1482 574 virtutis
1498 548 1578 575 recte
1594 546 1806 586 incedit.Quo·

1039 595 1124 625 niam
1155 606 1231 635 vrgo
1251 597 1378 627 habitus
1401 598 1470 627 tidei
1497 602 1552 636 cst,
1569 609 1632 639 quo
1649 601 1805 633 medianto

1038 650 1335 680 summumboumn
1353 660 1370 680 a
1383 651 1541 682 mentibus
1552 653 1665 682 uostris
1686 662 1805 692 agnos-

1038 701 1129 737 citur,
1160 702 1233 732 liinc
1254 705 1299 732 cst
1323 703 1406 742 quod
1431 704 1505 733 fides
1529 704 1639 743 dirigit
1668 708 1805 736 nostram

1037 753 1254 792 intentionem,
1287 759 1316 785 et
1343 765 1398 795 per
1424 756 1483 785 huc
1511 757 1621 795 regula
1637 760 1682 787 est
1702 758 1805 788 omnis

1037 808 1226 845 operationis
1242 809 1343 845 lionae,
1359 812 1389 839 et
1403 810 1505 840 omnis
1525 810 1650 839 virtutis
1675 811 1802 841 merito-

1036 860 1102 890 riae.
1127 861 1164 891 Et
1188 862 1257 891 iah-o
1281 872 1345 892 uon
1371 865 1492 892 tautum
1519 863 1609 893 ‹lelict
1630 863 1687 892 dici
1703 863 1803 893 virtus

1035 913 1185 949 gratuita,
1206 913 1257 942 sed
1284 914 1377 943 ctiam
1408 914 1561 943 virtutum
1589 914 1801 952 gratuitarum

1035 965 1147 1003 regula
1161 969 1190 996 et
1219 967 1342 1005 auriga.
1360 967 1397 997 Et
1411 967 1615 997 concedendae
1634 970 1709 996 sunt
1723 977 1801 997 auc:-

1035 1018 1173 1048 toritatcs
1188 1021 1219 1049 ct
1230 1020 1374 1056 rationes,
1394 1028 1465 1058 quae
1481 1022 1554 1049 sunt
1570 1019 1608 1049 ad
1619 1019 1710 1049 istam
1726 1029 1802 1059 par-

1034 1073 1109 1101 tem.

1075 1127 1102 1154 1.
1119 1124 1164 1154 Ad
1187 1124 1264 1155 illud
1292 1134 1366 1155 vero
1382 1125 1465 1164 quod
1490 1125 1590 1164 primo
1607 1124 1753 1163 objicitur
1768 1124 1801 1154 in

1033 1178 1238 1215 contrarium,
1256 1178 1339 1216 quod
1370 1177 1444 1207 tides
1461 1179 1546 1207 tenet
1565 1177 1704 1207 medium
1722 1177 1803 1207 inter

1032 1231 1192 1260 seientiam
1208 1234 1237 1260 et
1249 1231 1441 1270 opinionem,
1464 1231 1632 1260 dicendum
1648 1233 1703 1268 est,
1718 1231 1800 1270 quoii

1032 1283 1107 1313 fides
1122 1283 1302 1322 assignatur
1324 1283 1413 1322 quasi
1439 1283 1579 1313 medium
1601 1284 1682 1313 inter
1698 1284 1800 1313 scien-

1031 1336 1105 1366 tiam
1131 1339 1159 1366 et
1185 1337 1368 1375 opinimwm
1392 1337 1430 1365 ab
1453 1336 1599 1374 lingone,
1624 1345 1687 1366 non
1719 1336 1795 1375 quia

1030 1390 1216 1419 conficiatur
1230 1390 1290 1418 illis
1305 1390 1439 1425 duobus,
1457 1390 1538 1419 sicut
1567 1389 1707 1419 medium
1722 1398 1795 1419 con-

1030 1442 1134 1471 ficitur
1149 1442 1188 1471 ah
1199 1442 1357 1479 extremis3
1374 1442 1426 1471 sed
1442 1442 1517 1480 quia
1532 1442 1672 1471 medium
1690 1442 1796 1472 locum

1029 1497 1114 1525 tenet
1127 1497 1281 1534 quantum
1303 1495 1341 1525 ad
1357 1495 1493 1534 gradum
1508 1495 1703 1525 certitudinis
1720 1506 1726 1525 2
1753 1498 1799 1524 cst

1028 1548 1114 1577 enim
1143 1548 1244 1586 inagis
1271 1550 1354 1577 ‹wi-ta
1378 1557 1473 1587 quam
1494 1548 1610 1587 opinio,
1640 1550 1670 1577 et
1690 1547 1798 1578 minus

1027 1610 1123 1640 quam
1149 1601 1287 1637 scientia,
1309 1601 1390 1631 sicut
1414 1601 1571 1631 videbitur
1601 1601 1681 1630 iufra
1697 1601 1706 1616 ²
1733 1612 1739 1630 :
1759 1601 1797 1631 de

1027 1655 1087 1684 hoc
1101 1657 1206 1685 autem
1229 1654 1332 1684 medio
1356 1663 1421 1684 non
1441 1656 1486 1684 est
1509 1663 1634 1684 necesse
1658 1655 1741 1693 quod
1755 1654 1795 1684 sit

1026 1707 1059 1736 in
1087 1708 1196 1737 eodem
1220 1716 1336 1746 genere
1358 1708 1502 1746 proximo
1528 1700 1601 1737 cum
1631 1707 1791 1737 extremis.

1027 1759 1131 1790 Posset
1146 1761 1240 1790 etiam
1264 1760 1335 1797 dici,
1360 1760 1442 1798 quod
1464 1760 1523 1789 lioc
1544 1769 1609 1789 non
1631 1760 1726 1790 habet
1742 1769 1792 1789 ne-

1025 1813 1199 1843 cessitatem
1213 1813 1244 1842 in
1259 1813 1410 1849 moribus,
1428 1821 1483 1851 pro
1498 1821 1534 1842 eo
1548 1812 1631 1851 quod
1650 1812 1791 1842 medium

1025 1866 1181 1905 reperitur
1195 1866 1227 1896 in
1241 1875 1357 1901 genere
1373 1865 1509 1903 virtutis,
1522 1867 1551 1895 et
1565 1867 1708 1895 extrema
1717 1866 1794 1895 sunt

1025 1919 1057 1949 in
1071 1928 1188 1957 genere
1203 1919 1366 1949 vitiorum.

1064 1976 1093 2003 2.
1111 1973 1156 2002 Ad
1184 1972 1260 2002 illud
1276 1972 1359 2011 quod
1376 1972 1536 2011 objicitur,
1552 1970 1637 2010 quod
1661 1970 1791 2001 scientia

1023 2026 1230 2063 distinguitur
1245 2025 1276 2055 in
1291 2025 1349 2055 hoc
1366 2034 1384 2055 a
1403 2025 1534 2061 virtute,
1554 2024 1639 2064 quod
1661 2024 1729 2063 ipsa
1744 2026 1792 2054 est

1022 2080 1054 2109 in
1069 2089 1192 2116 verum,
1214 2081 1245 2109 et
1267 2079 1369 2109 virtus
1383 2078 1415 2107 in
1436 2078 1577 2115 bonum3
1603 2077 1664 2107 dici
1690 2079 1792 2117 potest

1022 2133 1105 2172 quod
1135 2132 1345 2171 Philosophus
1368 2130 1510 2170 loquitur
1539 2130 1581 2160 ibi
1606 2129 1643 2160 de
1673 2130 1790 2161 virtute

1021 2185 1281 2222 cousuetudInali,
1298 2193 1371 2224 quae
1395 2183 1534 2214 consistit
1548 2183 1630 2213 circa
1652 2183 1789 2213 actiones

1021 2240 1050 2267 et
1060 2236 1218 2276 passiones
1234 2246 1241 2265 ι
1259 2235 1296 2265 de
1311 2244 1372 2274 qua
1387 2234 1461 2264 (licit
1475 2233 1559 2273 quod
1575 2233 1675 2264 virtus
1696 2233 1786 2263 estin

1020 2288 1219 2328 passionibus
1240 2289 1269 2316 et
1292 2285 1528 2324 operationibus
1551 2284 1786 2323 suppositorum

1019 2341 1181 2380 operativa
1204 2350 1210 2369 z
1235 2340 1265 2369 et
1285 2337 1471 2377 hujusmodi
1488 2337 1590 2367 virtus
1605 2336 1729 2367 ordinat
1754 2335 1787 2365 in

1019 2394 1079 2430 his,
1095 2402 1167 2432 quae
1188 2393 1262 2422 sunt
1286 2391 1324 2421 ad
1344 2392 1453 2421 finem.
1471 2390 1512 2420 De
1538 2389 1656 2420 virtute
1678 2391 1785 2419 autern

1018 2445 1231 2481 intellectuali,
1258 2443 1438 2483 cujusmodi
1460 2444 1505 2473 est
1527 2442 1681 2481 sapientia
1696 2443 1786 2473 etin-

1017 2500 1200 2538 telligeutia,
1217 2496 1290 2538 quse
1303 2497 1428 2528 ordinat
1438 2496 1586 2535 inipsum
1598 2496 1707 2534 finem,
1720 2504 1784 2526 non

1016 2553 1111 2583 habet
1123 2552 1289 2582 veritatem
1308 2561 1314 2580 :
1344 2552 1374 2580 ct
1388 2549 1448 2579 hoe
1463 2548 1555 2579 modo
1570 2548 1647 2579 fides
1662 2550 1707 2579 est
1722 2548 1784 2579 vir-

1015 2609 1077 2643 tus,
1094 2614 1157 2635 non
1172 2605 1264 2635 niodo
1278 2603 1453 2644 praemisso.
1471 2602 1532 2634 Sed
1544 2603 1596 2633 hic
1610 2602 1723 2633 modus
1737 2602 1783 2632 di-

1015 2658 1103 2689 ccudi
1117 2657 1241 2687 videtur
1254 2665 1319 2687 esse
1334 2655 1547 2686 calumniosus
1561 2655 1594 2686 in
1609 2655 1679 2693 hoc,
1695 2655 1780 2694 quod
