2017 2960
259 190 318 219 278

260 255 358 286 verba
368 254 442 285 vitae
456 251 690 286 disseminavit,
711 252 741 280 et
760 251 875 279 nostrae
889 249 1027 286 postmo-

260 308 337 339 dum
363 306 570 346 reparationis
589 303 803 334 ministerium
824 308 1028 331 consumma—

261 361 306 391 vit
324 371 329 390 :
347 360 435 391 etsie
449 361 533 398 patet
546 357 631 397 quod
651 365 716 386 non
739 357 784 385 est
805 352 1028 389 controversia,

261 413 414 453 quoniam
429 412 481 441 illa
496 411 602 441 Glossa
617 408 805 447 intelligitur
820 408 976 446 quantum
992 404 1030 434 ad

262 465 521 501 redundantiam,
543 462 594 493 vel
617 461 833 501 apparentiam
861 470 869 489 ι
896 467 961 489 non
989 457 1032 487 sic

262 519 364 549 littera
378 526 526 557 praesens.

589 608 657 630 DUB.
682 608 714 629 V.

266 671 416 697 proficiebat
429 676 490 701 ergo
507 669 633 692 humanus
648 673 736 691 sensus
751 666 776 689 in
791 672 822 689 eo
837 664 976 688 secundum
993 671 1034 686 os-

328 707 486 736 tensionem,
502 707 526 729 et
539 704 645 728 aliorum
660 702 794 726 hominum
810 700 968 731 opinionem.

307 782 419 813 Contra
431 792 438 811 :
451 779 582 810 Videtur
590 777 817 808 insufficienter
826 775 939 811 dicere,
952 773 1036 813 quod

268 835 309 864 ita
324 833 421 873 possit
434 831 494 862 dici
509 830 546 861 de
561 837 657 859 sensu
676 827 741 865 Dei,
756 825 841 866 quod
856 824 1037 864 proficiebat

267 886 443 917 secundum
459 883 682 915 ostensionem.
705 880 798 917 Item,
826 887 890 909 non
912 877 1038 908 videtur

269 940 327 969 ista
340 937 493 978 expositio
518 936 663 966 sufficere
685 933 725 964 ad
747 931 940 963 intellectum
960 931 1039 960 Am-

270 991 382 1028 brosii,
406 990 481 1030 qnia
502 989 573 1020 vult
594 987 727 1028 probare
752 986 830 1016 duas
856 986 986 1014 naturas
1009 985 1040 1013 et

269 1045 348 1074 duos
362 1053 472 1074 sensus
484 1043 517 1072 in
531 1041 663 1079 Christo,
680 1048 735 1080 per
755 1039 815 1069 hoc
834 1037 919 1077 quod
935 1036 1040 1067 Chris-

270 1102 321 1129 tus
337 1098 517 1138 proficiebat
539 1108 545 1127 2
568 1096 593 1126 si
614 1104 691 1134 ergo
707 1094 823 1124 veritas
837 1098 960 1122 naturae
975 1099 1040 1120 non

271 1153 422 1192 probatur
455 1151 516 1181 nisi
547 1158 602 1189 per
630 1148 797 1179 veritatem
831 1144 1040 1185 perfectionis,

271 1206 401 1236 omnino
416 1204 543 1235 videtur
557 1202 638 1233 velle
656 1200 832 1239 intelligere
841 1198 1040 1233 Ambrosius,

271 1258 355 1298 quod
369 1257 510 1288 Christus
524 1254 690 1295 profecerit
705 1253 810 1284 veraci
826 1252 978 1291 profectu.

313 1311 404 1350 Resp.
423 1309 593 1339 lliccndum
612 1307 698 1347 quod
720 1306 838 1344 absque
861 1303 956 1334 dubio
976 1302 1041 1333 Ma-

273 1365 372 1404 gister
387 1363 552 1394 veritatem
567 1361 650 1398 dicit,
664 1360 717 1390 sed
732 1358 850 1398 aliquid
862 1358 932 1397 plus
943 1357 1043 1387 voluit

273 1418 376 1448 dicere
387 1415 589 1451 Ambrosius;
608 1415 791 1443 nontamen
805 1412 929 1441 tantum
944 1410 1046 1441 voluit

273 1470 375 1500 dicere
387 1493 394 1506 ,
427 1469 584 1508 quantum
614 1465 711 1496 verba
742 1472 854 1494 sonare
882 1463 1043 1493 videntur.

274 1522 404 1554 Videtur
427 1521 512 1552 enim
536 1520 569 1550 in
592 1519 642 1550 his
662 1518 766 1549 verbis
791 1517 941 1553 sensisse,
961 1516 1046 1556 quod

275 1576 416 1607 Christus
425 1574 600 1605 secundum
623 1572 797 1602 humanam
819 1573 966 1600 naturam
989 1570 1046 1600 ha-

276 1630 344 1660 buit
372 1627 588 1667 ignorantiam
599 1650 607 1664 ,
639 1634 713 1665 quae
739 1624 871 1663 expulsa
905 1623 964 1653 fuit
992 1632 1048 1662 per

276 1683 439 1713 scientiam
461 1680 650 1720 acquisitam
667 1690 673 1710 z
691 1680 819 1718 propter
840 1677 924 1717 quod
945 1677 1046 1707 scien-

278 1736 355 1766 dum
379 1735 464 1775 quod
486 1743 551 1764 non
571 1733 640 1764 vult
660 1732 737 1762 illud
763 1731 880 1768 dicere;
913 1730 966 1760 sed
988 1729 1049 1759 hoc

278 1789 346 1819 vult
361 1788 474 1825 dicere,
491 1787 575 1827 quod
595 1794 707 1816 sensus
728 1784 864 1815 exterior
886 1782 1050 1822 profecerit

279 1841 432 1872 veraciter
455 1842 612 1880 quantum
640 1839 679 1870 ad
709 1838 923 1877 cognitionem
953 1844 1049 1875 expe-

281 1894 403 1925 rientiae
419 1903 427 1924 :
444 1893 528 1923 unde
543 1893 569 1922 si
590 1893 671 1923 dicat
692 1891 783 1922 illum
801 1899 937 1930 puerum
957 1889 1049 1928 igno-

280 1956 376 1982 rasse,
387 1955 453 1977 non
463 1948 509 1976 est
524 1945 609 1975 ahud
620 1945 733 1982 dicere,
749 1952 846 1983 quam
858 1952 923 1973 non
937 1951 1051 1982 exper-

283 2003 351 2030 tum
366 2008 433 2029 esse
451 2009 457 2028 z
475 2001 505 2028 et
525 2007 579 2037 per
599 1997 658 2027 hoc
679 1996 753 2027 satis
770 1996 921 2035 probatur
937 1996 1052 2026 veritas

283 2053 433 2083 humanae
448 2053 582 2089 naturae,
599 2051 674 2090 quia
689 2050 759 2080 talis
767 2050 960 2090 experientia
970 2058 1053 2079 com-

286 2106 362 2145 petit
375 2105 403 2135 ei
414 2105 588 2135 secundum
601 2106 749 2134 naturam
771 2105 977 2142 assumptam.
993 2102 1053 2133 Sed

285 2160 353 2190 haec
368 2158 482 2189 melius
493 2160 587 2188 erunt
602 2157 841 2194 manifestanda,
854 2166 927 2186 cum
940 2158 1054 2195 agetur

286 2212 324 2242 de
339 2211 453 2242 Christi
468 2211 596 2241 scientia
613 2221 619 2240 z
636 2209 720 2249 quod
735 2210 789 2240 fiet
802 2210 836 2239 in
855 2209 1055 2240 distinctione

286 2273 443 2306 proxima.

524 2347 765 2381 ARTICULUS
792 2348 817 2379 1.

331 2425 379 2456 Ad
392 2423 636 2463 intelligentiam
651 2423 706 2462 huj
714 2432 750 2452 us
770 2423 866 2462 partis
887 2422 997 2452 incidit
1008 2422 1060 2453 hic

292 2478 425 2519 quaestio
449 2477 487 2508 de
513 2477 617 2516 gratia
641 2476 772 2513 Christi,
797 2476 949 2515 quoniam
979 2476 1060 2506 infra

328 2540 387 2569 '‘7'-
401 2539 470 2563 Alex.
483 2539 578 2568 Alo-ns,
590 2545 614 2568 p.
630 2539 659 2561 ΙΙΙ
671 2555 677 2567 ,
689 2545 715 2568 q.
727 2543 752 2560 Χι
762 2556 767 2563 .
779 2538 1060 2567 m‹·mb.1;s.‘rh0m.‚

297 2587 320 2605 ,η
336 2576 378 2604 lll,
389 2583 414 2605 q.
432 2573 913 2604 tigal-m,011115071t.,1li÷1.>.111‚·1
938 2574 1059 2602 1,a1t.1;

296 2616 319 2632 m
334 2610 362 2631 (lv
382 2610 466 2638 Vera„
483 2617 505 2639 q,
523 2614 603 2638 xxvii,
624 2610 671 2631 art.
689 2609 714 2637 15
732 2610 756 2630 et
769 2607 853 2636 Opust&
871 2607 911 2636 ΙΙΙ,
928 2616 948 2630 ‹:.
971 2613 1060 2637 ‹zcxxi;

298 2647 399 2674 scotus,
412 2645 442 2668 ιιι
455 2647 534 2674 Seue„
546 2644 604 2668 dist.
619 2649 675 2673 1111,
691 2650 716 2674 q.
732 2648 756 2672 ¹3
773 2642 925 2671 bichardus,
939 2644 969 2666 lll
984 2646 1062 2672 sent„

803 178 1111 214 SENTENTIARUM
1132 179 1206 210 LIB.
1232 180 1285 210 Ill.

1083 248 1244 285 quaeretur
1256 246 1293 276 de
1307 247 1455 285 scientia;
1472 250 1587 279 etcum
1602 249 1635 279 in
1650 249 1852 288 praecedenti-

1084 299 1144 329 hus
1157 299 1301 329 habitum
1316 299 1356 329 sit
1379 300 1416 331 de
1439 302 1542 340 gratia
1567 302 1710 340 unionis,
1735 304 1854 333 restant

1085 351 1136 381 hic
1150 352 1212 382 duo
1231 353 1403 392 quaerenda
1430 363 1438 384 2
1460 355 1599 394 primum
1623 357 1669 385 est
1690 355 1728 385 de
1751 355 1854 394 gratia

1086 404 1215 443 Christi,
1237 407 1272 435 ut
1293 406 1466 445 singularis
1490 416 1648 446 personae;
1678 408 1852 439 secundum

1087 459 1132 487 est
1154 458 1191 487 de
1217 459 1336 497 gratia,
1364 460 1540 490 secundum
1564 470 1661 500 quam
1691 463 1739 491 est
1761 462 1855 500 caput

1087 511 1244 542 Ecclesiae.
1278 512 1365 543 Circa
1388 513 1529 552 primum
1557 514 1617 544 tria
1644 514 1856 554 principaliter

1088 566 1162 595 sunt
1177 566 1349 604 quaerenda
1365 576 1372 597 :
1389 566 1529 605 primum
1546 569 1612 603 est,
1628 569 1736 598 utrum
1755 568 1858 607 gratia

1088 617 1260 656 singularis
1287 628 1431 658 personae
1461 619 1494 649 in
1518 619 1639 650 Christo
1663 620 1703 650 sit
1732 622 1856 657 creata;

1089 671 1241 710 secundo,
1266 672 1337 702 dato
1365 673 1449 711 quod
1477 673 1517 702 sit>
1547 675 1661 709 creata,
1686 675 1796 703 utrum
1821 672 1860 702 sit

1090 725 1178 754 finita
1202 727 1232 755 et
1261 727 1458 763 mensurata3
1484 726 1587 763 tertio,
1616 726 1687 756 dato
1714 725 1800 765 quod
1822 725 1860 755 sit

1091 777 1190 815 fmita,
1205 778 1360 817 quaeritur
1374 780 1484 808 utrum
1498 779 1537 808 sit
1554 779 1657 817 gratia
1672 778 1776 818 plena.

1370 910 1546 948 QUAESTlo
1569 911 1592 941 I.

1095 1000 1141 1027 An
1151 1001 1180 1027 in
1193 999 1296 1027 Christo
1307 1001 1401 1034 qratia
1409 1001 1554 1034 sinqularis
1565 1007 1684 1035 personae
1695 1002 1731 1028 sit
1743 1003 1834 1028 creata
1843 1001 1862 1029 ¹.

1136 1079 1248 1110 Utrum
1259 1080 1293 1109 in
1302 1079 1422 1110 Christo
1431 1080 1532 1118 gratia
1541 1080 1713 1119 singularis
1722 1089 1863 1120 personae

1096 1133 1135 1163 sit
1150 1133 1255 1172 gratia
1282 1135 1395 1171 creata,
1413 1133 1463 1163 vel
1486 1133 1640 1170 increata·‚
1665 1135 1695 1163 et
1716 1134 1800 1173 quod
1825 1133 1866 1164 sit

1096 1189 1214 1224 creata,
1243 1186 1377 1217 videtur.
1407 1186 1442 1216 In
1472 1187 1560 1217 nullo
1587 1186 1698 1226 incipit
1724 1187 1867 1217 habitare

1097 1241 1234 1281 Spiritus
1248 1243 1386 1279 sanctus,
1401 1242 1458 1271 nisi
1483 1251 1538 1281 per
1559 1242 1697 1281 aliquem
1719 1241 1866 1272 effectum

1097 1294 1220 1333 gratiae,
1248 1295 1303 1334 qui
1326 1295 1364 1325 de
1382 1303 1466 1325 novo
1489 1294 1581 1325 datur
1609 1294 1725 1325 animae
1742 1305 1749 1324 :
1767 1293 1868 1324 sedin

1098 1348 1205 1379 anima
1220 1348 1333 1379 Christi
1348 1348 1501 1378 habitavit
1522 1347 1658 1387 Spiritus
1680 1348 1823 1383 sanctus,
1839 1348 1869 1376 et

1101 1402 1160 1432 hoc
1188 1410 1253 1431 non
1278 1410 1413 1441 semper,
1442 1401 1494 1431 sed
1524 1410 1565 1431 ex
1593 1403 1734 1439 tempore
1757 1409 1764 1429 :
1791 1407 1870 1438 ergo

1100 1455 1208 1485 anima
1222 1454 1335 1486 Christi
1350 1454 1463 1484 habuit
1484 1454 1517 1484 in
1536 1463 1568 1484 se
1588 1453 1736 1484 effectum
1758 1452 1871 1491 gratia-²,

1101 1518 1157 1549 per
1171 1517 1279 1548 quem,
1295 1509 1362 1539 sive
1373 1508 1548 1538 secundum
1564 1516 1660 1546 quem
1674 1506 1790 1537 dicitur
1804 1505 1871 1545 Spi-

1102 1564 1182 1593 ritus
1196 1564 1322 1593 sanctus
1336 1561 1514 1591 inhabitare
1539 1571 1545 1591 z
1573 1560 1626 1591 sed
1649 1560 1727 1590 illud
1752 1559 1872 1590 donum

1102 1616 1217 1647 dicitur
1231 1615 1336 1654 gratia
1353 1614 1524 1653 singularis
1537 1622 1692 1653 personae,
1710 1615 1742 1644 et
1755 1615 1802 1644 est
1816 1613 1870 1643 do-

1102 1678 1182 1700 num
1196 1670 1336 1699 creatum
1352 1678 1358 1697 2
1376 1676 1465 1706 ergo,
1482 1669 1539 1697 etc.

1146 1724 1222 1754 Item
1250 1723 1338 1753 nulla
1364 1722 1470 1752 anima
1493 1721 1592 1760 placet
1619 1720 1698 1758 Deo,
1726 1719 1788 1750 nisi
1813 1720 1875 1751 Deo

1105 1779 1319 1810 conformetur
1341 1778 1371 1806 et
1385 1775 1577 1806 assimiletur
1598 1783 1653 1814 per
1671 1773 1808 1812 gratiam
1825 1773 1874 1803 in-

1105 1833 1296 1863 formantem
1308 1830 1419 1870 ipsam,
1431 1830 1462 1859 et
1468 1828 1657 1859 efficientem
1668 1827 1853 1857 deiformem
1865 1837 1872 1857 ;

1107 1885 1160 1916 sed
1174 1884 1277 1924 gratia
1291 1883 1432 1914 animam
1446 1882 1632 1919 informans,
1656 1882 1687 1911 et
1710 1880 1772 1910 Deo
1800 1889 1874 1910 con-

1107 1939 1257 1975 formans,
1274 1945 1340 1967 non
1354 1937 1456 1975 potest
1475 1944 1541 1965 esse
1556 1934 1615 1964 nisi
1630 1933 1733 1973 gratia
1748 1934 1852 1963 creata
1867 1943 1874 1963 :

1107 2000 1185 2031 ergo
1207 1990 1294 2021 nulla
1313 1989 1421 2019 anima
1439 1988 1501 2018 Deo
1525 1988 1635 2027 placet,
1658 1986 1719 2016 nisi
1742 1985 1878 2025 gratiam

1109 2046 1247 2075 creatam
1275 2043 1308 2073 in
1333 2052 1365 2073 se
1391 2041 1514 2072 habeat.
1543 2040 1603 2071 Sed
1631 2039 1739 2070 anima
1766 2037 1878 2069 Christi

1111 2098 1171 2128 Deo
1187 2097 1304 2137 placuit
1328 2105 1384 2136 per
1411 2095 1560 2133 gratiam·
1572 2093 1674 2130 illam,
1691 2101 1787 2132 quam
1802 2091 1878 2122 diei-

1111 2160 1184 2182 mus
1209 2150 1345 2189 gratiam
1380 2147 1550 2186 singularis
1584 2153 1727 2185 personae
1754 2155 1760 2175 z
1789 2153 1878 2183 ergo,

1110 2209 1167 2237 etc.

1153 2258 1230 2289 Item
1254 2255 1407 2287 meritum
1425 2253 1499 2284 dicit
1519 2251 1749 2283 ordinationem
1768 2251 1807 2281 ad
1822 2250 1879 2281 ali-

1113 2311 1198 2352 quod
1220 2310 1340 2348 majus‚
1360 2315 1417 2347 per
1436 2304 1563 2345 aliquod
1583 2303 1669 2344 quod
1691 2303 1792 2334 reddit
1819 2303 1881 2334 Deo

1114 2366 1278 2405 acceptum
1294 2373 1300 2393 :
1318 2361 1371 2392 sed
1392 2359 1477 2400 quod
1499 2357 1599 2388 reddit
1618 2359 1798 2396 acceptum,
1816 2365 1882 2388 non

1114 2419 1215 2458 potest
1227 2425 1294 2447 esse
1309 2415 1376 2445 sine
1389 2412 1491 2452 grafia
1505 2422 1510 2441 :
1529 2410 1613 2450 quod
1627 2419 1703 2440 vero
1718 2409 1883 2441 ordinatur

1116 2472 1155 2502 ad
1183 2471 1298 2509 maius,
1326 2476 1391 2498 non
1415 2466 1517 2505 potest
1540 2472 1605 2494 esse
1626 2463 1687 2493 nisi
1714 2463 1881 2494 creatum:

1117 2536 1174 2559 dist,
1189 2539 1253 2561 xm,
1274 2532 1321 2554 art,
1337 2531 1367 2558 3,
1384 2533 1443 2558 q.1;
1462 2526 1584 2555 Dumnd„
1601 2526 1632 2549 Ill
1649 2525 1728 2554 Seni„
1743 2525 1802 2549 dist.
1818 2531 1882 2555 xiii,

1118 2579 1141 2601 q.
1159 2577 1193 2599 11;
1209 2568 1300 2592 Thom.
1311 2565 1425 2594 Argen&
1441 2562 1470 2585 ΙΙΙ
1488 2562 1567 2589 Sunt„
1580 2560 1628 2584 dist
1650 2566 1706 2588 xm,
1720 2567 1744 2591 q.
1761 2567 1778 2591 1,
1793 2563 1841 2584 art.
1853 2562 1882 2590 23

1118 2605 1261 2635 Stephanus
1275 2599 1378 2627 Brulet'.,
1391 2599 1420 2621 ΙΙΙ
1441 2598 1519 2626 Sant„
1530 2597 1588 2620 dist.
1600 2602 1661 2626 xm,
1675 2603 1700 2627 q.
1722 2602 1741 2626 ις
1758 2595 1884 2620 Guilielm,

1120 2640 1211 2669 Vorii„
1227 2638 1257 2662 ll!
1278 2636 1356 2664 Seni„
1370 2634 1426 2657 dist.
1439 2639 1486 2663 xii,
1499 2638 1525 2663 q.
1538 2638 1555 2655 ι.

1881 1095 1974 1116 Fundam
1979 1109 1983 1114 .
