2017 2960
584 166 772 200 DlSTINCT.
794 165 901 198 XXVI.
925 165 1014 196 ART.
1041 165 1079 196 Il.
1102 163 1250 202 QUAEST.
1272 164 1308 196 V.

159 237 256 268 tentia
270 236 418 268 irascibili
437 247 443 267 ;
459 238 489 267 et
503 236 573 267 haec
596 237 644 267 est
666 235 835 266 affectiva:
856 242 934 273 ergo

158 299 229 330 spes
239 291 285 321 est
298 291 332 320 in
346 289 485 330 potentia
501 290 657 321 affectiva.

430 405 657 437 CONCLUSIO.

159 487 223 522 Spes
232 487 309 513 estin
319 488 444 521 potentia
455 488 554 514 animoe
563 486 700 521 affectiva,
714 494 771 513 cum
783 487 819 512 sii
835 487 863 512 in
881 487 940 520 ipsa

471 531 619 559 irascibili.

201 610 292 651 Resp.
311 611 349 642 ad
364 620 434 650 arg.
451 611 625 641 Dicendum
640 610 727 650 quod
745 610 864 649 absque
880 610 940 640 (111-

160 664 213 695 bio
228 674 298 704 spes
312 665 407 695 estin
423 664 563 704 potentia
584 664 732 694 affectiva
753 673 763 692 .·
787 665 833 693 est
854 663 940 693 enim

161 717 194 746 in
208 717 276 756 ipsa
291 717 461 755 irascibili,
478 726 551 756 quae
577 719 623 747 est
636 725 709 756 pars
725 716 876 755 potentiae
892 716 940 745 af—

161 771 296 801 fectivae.
317 771 470 801 Potentiae
490 770 577 801 enim
601 770 765 800 irascibilis
786 779 850 800 non
875 772 942 799 tan-

161 826 231 854 tum
246 825 292 854 est
304 823 451 854 detestari
466 823 550 854 mala
558 823 672 863 culpae,
682 828 712 853 et
726 823 847 863 perpeti
858 823 942 853 mala

161 886 275 916 poenae,
294 877 348 907 sed
363 878 459 907 etiam
476 877 612 916 aggredi
628 876 779 907 terribilia
790 900 797 913 ‚
815 879 845 907 et
860 877 942 916 erigi

161 930 201 961 ad
215 940 334 970 magna
349 933 379 961 et
394 931 505 962 ardua.
530 930 568 960 Et
591 932 758 970 propterea
781 939 847 960 11011
871 933 941 961 tan-

160 985 229 1014 tum
244 984 395 1023 ponimus
413 984 447 1014 in
459 984 527 1024 ipsa
542 984 622 1014 iram
640 986 670 1014 et
681 983 878 1023 patientiam,
889 983 943 1014 sed

160 1037 257 1068 etiam
272 1038 490 1069 fortitudinem
513 1040 543 1068 et
564 1047 654 1077 spem
672 1047 679 1067 ε
703 1037 940 1075 fortitudinem,

160 1088 347 1128 inquam,in
359 1092 517 1129 quantum
530 1089 714 1128 negotiatur
724 1089 807 1119 circa
823 1098 859 1119 ea
869 1097 943 1128 quae

160 1145 236 1173 sunt
264 1142 304 1173 ad
331 1143 446 1180 finem;
473 1152 562 1183 spem
575 1167 582 1180 ,
608 1145 715 1173 autem
726 1167 733 1180 ‚
764 1142 942 1173 secundum

161 1196 247 1235 quod
269 1205 302 1226 se
323 1196 418 1235 erigit
436 1196 475 1226 ad
495 1195 714 1226 excellentiam
739 1196 839 1235 ipsius
857 1196 942 1226 finis.

161 1248 227 1279 Hoc
239 1252 347 1279 autem
359 1249 435 1279 satis
451 1251 551 1289 potest
566 1251 675 1288 aperte
688 1249 806 1287 colligi,
819 1251 888 1279 tum
904 1258 944 1279 ex

161 1305 249 1342 parte
277 1302 452 1333 affectionis
476 1303 663 1340 substratae,
690 1304 761 1332 tum
791 1312 832 1333 ex
855 1305 944 1342 parte

162 1356 351 1387 conditionis
374 1356 553 1396 adjunctae,
578 1359 648 1386 tum
677 1365 717 1386 ex
746 1358 834 1395 parte
863 1356 943 1387 dotis

163 1410 391 1440 subsecuturae.
405 1409 453 1440 Ex
466 1412 555 1449 parte
569 1409 746 1440 affectionis
761 1410 941 1449 substratae,

163 1463 239 1502 quia
253 1472 328 1493 cum
341 1465 481 1502 quatuor
495 1463 558 1493 sint
579 1462 763 1493 affectiones
775 1487 782 1501 ,
800 1463 946 1494 videlicet

163 1516 323 1556 gaudium
338 1519 369 1547 et
382 1516 471 1547 dolor
482 1541 489 1555 ,
506 1526 576 1556 spes
598 1519 628 1547 et
642 1516 753 1553 timor,
768 1517 850 1547 sicut
862 1526 946 1556 gau-

163 1570 254 1601 dium
269 1572 300 1601 et
314 1570 403 1601 dolor
417 1572 491 1600 sunt
507 1570 590 1600 circa
604 1569 748 1600 eamdem
757 1570 943 1610 potentiam,

164 1624 207 1654 ita
221 1624 317 1654 etiam
331 1632 402 1663 spes
424 1625 455 1653 et
475 1623 592 1654 timor:
614 1632 688 1654 cum
710 1632 790 1663 ergo
813 1624 945 1663 planum

165 1678 206 1708 sit
220 1678 369 1708 timorem
382 1686 448 1708 esse
470 1677 568 1717 ipsius
590 1677 739 1717 potentiae
761 1677 944 1717 irascibilis,

165 1743 230 1764 non
243 1736 289 1764 est
304 1733 440 1764 dubium
456 1732 536 1772 quin
554 1732 678 1763 affectio
698 1732 764 1772 spei
779 1733 817 1763 ad
835 1735 946 1773 poten-

165 1787 243 1817 tiam
257 1786 449 1817 irascibilem
462 1785 633 1826 pertineat,
650 1795 685 1816 ac
701 1795 757 1825 per
778 1786 838 1816 hoc
852 1786 946 1816 habi-

165 1842 217 1871 tus
233 1840 359 1871 virtutis
374 1840 441 1880 spei
467 1839 609 1878 dirigens
630 1839 830 1870 affectionem
846 1840 945 1871 illam.

166 1893 215 1924 Ex
231 1896 318 1933 parte
333 1893 479 1923 similiter
494 1893 694 1930 conditionis,
706 1895 736 1923 et
748 1894 947 1934 proprietatis

167 1956 314 1985 annexae,
331 1947 392 1977 1100
415 1947 522 1987 ipsum
539 1949 641 1986 potest
668 1947 741 1977 satis
766 1950 873 1988 aperte
896 1949 947 1979 vi-

168 2001 235 2031 deri
257 2011 264 2031 :
292 2001 359 2041 spei
385 2000 472 2031 enim
496 2002 543 2030 est
564 2000 719 2038 stabilire,
745 2004 776 2031 et
807 2002 947 2045 quodam

168 2054 263 2085 modo
279 2063 461 2085 assecurare
472 2054 510 2084 de
520 2054 718 2094 assequenda
730 2054 838 2085 futura
853 2055 949 2086 beati-

168 2108 278 2139 tudine
295 2118 302 2138 :
318 2108 468 2138 stabilitio
480 2110 589 2138 autem
605 2110 636 2138 et
656 2109 856 2139 confirmatio
872 2118 948 2148 per-

169 2161 247 2191 tinet
271 2161 310 2192 ad
333 2161 510 2201 potentiam
533 2161 738 2192 irascibilem.
758 2161 847 2192 Sicut
861 2162 948 2193 enim

169 2214 332 2245 rationalis
345 2223 378 2245 se
392 2214 487 2245 habet
501 2215 541 2245 ad
555 2215 742 2246 charitatem
754 2239 762 2254 ‚
779 2218 811 2246 et
834 2225 949 2246 concu-

169 2267 321 2307 piscibilis
334 2267 374 2298 ad
383 2268 591 2307 voluptatem,
600 2268 631 2299 id
640 2271 685 2299 est
696 2269 947 2308 delectationem,

169 2322 336 2352 honestam
358 2324 482 2360 tamen3
500 2322 543 2352 sic
556 2323 651 2353 etiam
665 2323 831 2354 irascibilis
846 2323 884 2354 ad
900 2332 948 2353 se-

171 2376 348 2406 curitatem.
366 2375 446 2412 Quia
459 2385 538 2415 ergo
552 2377 744 2407 assecuratio
760 2379 807 2407 est
813 2376 950 2407 conditio

172 2430 386 2461 concomitans
401 2431 502 2470 ipsam
520 2439 608 2470 spem
633 2431 866 2469 indubitanter,
891 2440 950 2461 ve-

172 2492 247 2513 rum
261 2485 307 2513 est
322 2483 477 2515 virtutem
491 2484 556 2524 spei
578 2484 616 2515 ad
641 2484 831 2516 irascibilem
853 2484 952 2525 perti—

173 2544 259 2566 nere.
276 2534 325 2566 Ex
338 2538 426 2576 parte
437 2537 518 2568 dotis
531 2538 650 2568 futurae
660 2537 721 2568 hoc
730 2538 836 2578 ipsum
850 2539 953 2578 potest

174 2588 284 2619 baberi
306 2599 312 2618 z
336 2589 417 2620 sicut
441 2590 527 2620 enim
555 2591 595 2621 ad
627 2591 724 2622 fidem
746 2592 952 2632 subsequitur

175 2642 313 2681 perfecta
327 2642 441 2679 tentio;
457 2643 590 2674 firmiter
602 2648 709 2675 autem
720 2647 827 2676 tenere
841 2648 888 2676 est
903 2645 950 2685 ip-

1717 168 1770 198 591

994 233 1060 263 51115
1075 231 1236 272 potentiae,
1252 233 1347 272 quus
1360 234 1407 262 est
1427 232 1573 263 habitum
1589 234 1772 271 defendere;

995 286 1078 316 hanc
1092 288 1200 316 autem
1223 294 1288 315 non
1303 287 1349 315 est
1364 285 1499 316 dubium
1521 295 1587 316 esse
1602 288 1775 325 potentiam

996 339 1187 369 irascibilem
1206 341 1257 369 :et
1267 338 1337 369 ideo
1353 339 1592 370 concedendum
1618 341 1663 370 est
1683 340 1774 370 babi-

997 394 1066 421 tum
1088 392 1153 431 spei
1169 401 1235 421 esse
1258 391 1290 421 in
1313 392 1461 422 irascibili
1486 393 1640 432 potentIa,
1668 403 1703 423 ac
1722 403 1777 432 per

998 445 1102 475 hocin
1113 445 1229 476 virtute
1247 446 1345 475 animi
1361 446 1509 476 affectiva
1519 469 1528 484 ,
1544 446 1626 476 sicut
1641 446 1778 476 rationes

997 498 1204 536 concludunt,
1222 508 1294 538 quae
1310 501 1386 529 sunt
1401 499 1438 529 ad
1454 502 1576 539 partem
1591 500 1694 530 istam.

1039 554 1067 581 «Ι.
1091 551 1139 581 Α(1
1163 551 1241 582 illud
1266 561 1342 582 vero
1366 553 1451 592 quod
1484 553 1587 593 primo
1618 554 1776 593 objicitur,

998 605 1084 644 quod
1113 614 1184 644 spes
1202 595 1333 635 dicitur
1368 606 1559 637 conscientia
1573 631 1581 644 ,
1610 607 1779 638 dicendum

998 658 1082 697 quosl
1105 658 1138 688 111
1161 667 1310 697 processu
1330 659 1383 689 illo
1407 662 1453 690 est
1477 663 1639 700 peccalum
1668 671 1778 692 secun-

999 711 1077 740 ‹lum
1122 711 1405 750 aequivocationem
1416 724 1423 750 3
1471 713 1546 752 quia
1588 715 1779 745 conscientia

1000 767 1101 804 polest
1121 765 1287 796 nominare
1308 766 1409 805 ipsam
1431 776 1519 805 spem
1533 791 1540 805 ,
1558 770 1588 797 et
1605 770 1705 806 potest
1720 777 1780 798 no-

1001 818 1123 849 minare
1151 819 1260 849 lumen
1287 819 1478 850 directivum
1504 820 1543 850 ad
1572 820 1653 851 bene
1676 830 1779 860 agen-

999 871 1075 901 dum
1094 883 1100 902 :
1119 874 1150 902 et
1164 872 1225 902 hoc
1240 872 1352 903 ultimo
1370 873 1464 904 modo
1480 876 1598 913 spectat
1612 874 1650 904 ad
1666 876 1781 914 poten-

999 924 1075 954 tiam
1098 926 1296 964 cognitivam
1310 950 1317 962 ,
1336 927 1397 957 alio
1413 928 1507 958 modo
1523 937 1589 958 11011
1607 939 1613 958 ;
1632 928 1701 959 ideo
1716 938 1781 960 non

999 979 1164 1017 sequitur,
1182 980 1267 1019 quod
1291 980 1397 1010 virtus
1422 982 1489 1020 spei
1510 981 1549 1012 sit
1578 982 1612 1012 in
1641 983 1781 1022 potentia

1000 1032 1115 1062 animae
1142 1033 1316 1071 cognitiva.
1346 1033 1505 1065 Praeterea
1537 1035 1617 1066 alius
1641 1036 1781 1066 defectus

1000 1088 1046 1116 est
1068 1085 1111 1115 ibi
1127 1095 1134 1116 ε
1151 1086 1227 1125 quia
1252 1087 1383 1118 nomine
1399 1088 1602 1119 conscientiae
1622 1089 1777 1128 intelligi-

1000 1141 1052 1169 tur
1075 1148 1145 1179 spes
1170 1149 1235 1170 non
1252 1141 1328 1179 quia
1348 1150 1419 1180 spes
1437 1141 1476 1171 sit
1501 1142 1710 1179 conscientia,
1727 1143 1781 1174 sed

1000 1193 1075 1232 quia
1102 1203 1172 1233 spes
1200 1197 1247 1224 est
1268 1197 1353 1225 certa
1382 1196 1558 1235 expectatio
1583 1206 1782 1236 consurgens

999 1256 1040 1277 ex
1069 1248 1174 1286 gratia
1205 1251 1235 1278 et
1266 1249 1385 1279 meritis
1410 1260 1416 1280 z
1444 1250 1557 1280 merita
1580 1254 1688 1282 autem
1714 1262 1781 1283 esse

1000 1310 1066 1331 11011
1087 1304 1230 1341 possunt,
1248 1302 1309 1332 11151
1330 1303 1386 1332 ubi
1410 1306 1455 1333 est
1480 1305 1671 1335 conscientIa
1686 1306 1780 1336 bona.

1040 1357 1069 1384 2.
1087 1355 1136 1385 Ad
1152 1355 1230 1385 illud
1244 1356 1329 1395 quod
1345 1356 1511 1396 objicitur,
1530 1358 1615 1397 quod
1637 1358 1718 1389 Deus
1732 1359 1784 1389 fu-

1000 1410 1093 1439 turus
1113 1411 1159 1438 est
1183 1409 1347 1439 memoriae
1366 1410 1562 1441 continuatio
1584 1412 1781 1450 aeternitatis,

1000 1461 1171 1491 dicendum
1194 1462 1280 1501 quod
1302 1462 1380 1493 illud
1399 1464 1535 1494 verbum
1556 1464 1709 1496 Bernardi
1730 1466 1782 1496 in-

1000 1514 1156 1553 telligitur
1172 1515 1326 1554 mediate,
1342 1518 1372 1547 et
1387 1526 1452 1547 non
1474 1518 1591 1557 primo.
1610 1518 1689 1550 Nam
1705 1529 1784 1550 con-

1001 1568 1136 1599 tinuatio
1157 1569 1345 1600 aeternitatis
1365 1571 1491 1610 respicit
1513 1571 1600 1602 illam
1616 1573 1782 1611 virtutem,

1002 1623 1093 1662 eujus
1108 1625 1155 1653 est
1171 1626 1325 1663 perpetuo
1341 1625 1448 1655 tenere
1466 1634 1473 1655 z
1490 1627 1520 1656 et
1535 1625 1596 1656 hoc
1611 1628 1657 1657 est
1674 1630 1785 1667 poten-

1003 1676 1053 1707 liae
1070 1676 1249 1716 irascibilis,
1266 1679 1358 1717 cujus
1377 1680 1425 1709 est
1447 1678 1480 1709 in
1502 1680 1652 1719 praesenti
1669 1690 1785 1721 expec-

1002 1731 1070 1760 tare
1087 1740 1094 1761 :
1111 1733 1142 1760 et
1156 1731 1225 1761 ideo
1239 1741 1280 1762 ex
1294 1731 1355 1762 1100
1374 1741 1440 1763 11011
1456 1734 1600 1773 sequitur
1613 1736 1697 1774 quod
1713 1745 1784 1776 spes

1003 1784 1042 1814 sit
1057 1784 1162 1824 primo
1176 1784 1210 1815 in
1229 1786 1370 1824 potentia
1385 1787 1608 1826 memorativa,
1625 1789 1679 1819 sed
1697 1790 1783 1829 quod

1002 1837 1112 1877 aliquo
1127 1838 1220 1869 modo
1237 1838 1338 1878 ipsam
1354 1841 1516 1880 respiciat,
1534 1842 1583 1873 vel
1600 1843 1785 1883 principali-

1003 1894 1061 1929 ter,
1077 1892 1128 1922 vel
1144 1901 1183 1922 ex
1201 1894 1420 1933 consequenti.

1044 1948 1074 1976 3.
1091 1945 1138 1976 Ad
1155 1946 1234 1977 illud
1257 1947 1343 1986 quod
1357 1947 1523 1987 objicitur,
1550 1950 1635 1989 quod
1656 1959 1783 1990 sperare

1825 1977 1878 2003 Spes

1003 2008 1068 2029 non
1091 2001 1137 2029 est
1152 1999 1238 2030 aliud
1253 2024 1261 2037 ,
1279 2010 1376 2040 quam
1392 2002 1526 2032 firmiter
1534 2003 1660 2035 credere
1677 2014 1709 2035 se
1724 2005 1780 2036 ha·
1797 2010 1847 2031 ΨΜ
1862 2014 1906 2028 ¹¹¹0·

1004 2108 1057 2136 tur
1077 2108 1108 2136 et
1130 2106 1232 2145 large,
1254 2108 1285 2137 et
1308 2109 1447 2148 proprie.
1473 2109 1578 2149 Large
1600 2111 1782 2151 accipiendo

1004 2168 1109 2199 spem,
1127 2159 1170 2190 sic
1189 2159 1265 2190 dicit
1281 2161 1500 2193 credulitatem
1525 2165 1664 2204 quodam
1688 2166 1783 2197 modo

1005 2213 1164 2243 firmatam
1179 2216 1324 2253 respectu
1344 2215 1481 2256 alicujus
1502 2217 1577 2248 boni
1597 2219 1785 2259 assequendi

1005 2266 1072 2297 sive
1086 2275 1105 2296 a
1119 2275 1162 2304 se,
1179 2267 1245 2298 sive
1262 2268 1301 2298 ab
1316 2268 1379 2299 alio
1398 2279 1406 2300 ε
1423 2272 1695 2310 quemadmodum
1711 2282 1784 2304 cum

1005 2319 1077 2359 quis
1101 2320 1189 2351 videt
1208 2321 1308 2351 alium
1331 2322 1424 2353 bonae
1449 2323 1575 2362 indolis,
1602 2325 1675 2356 dicit
1698 2327 1785 2366 quod

1006 2375 1110 2413 sperat
1133 2374 1239 2414 ipsum
1266 2384 1332 2406 0550
1356 2376 1504 2408 futurum
1535 2378 1655 2409 bonum
1682 2379 1786 2410 homi-

1006 2435 1080 2457 nem
1097 2437 1104 2457 :
1118 2427 1162 2457 ibi
1177 2436 1304 2467 sperare
1320 2429 1405 2460 idem
1420 2433 1468 2461 est
1482 2432 1567 2471 quod
1582 2433 1786 2472 probabiliter

1007 2480 1133 2511 credere
1150 2492 1157 2511 z
1174 2483 1205 2512 et
1220 2482 1264 2512 sic
1279 2483 1418 2514 sumitur
1432 2484 1523 2524 large
1536 2487 1568 2516 et
1582 2485 1757 2527 improprie
1775 2499 1782 2519 ε

1007 2537 1038 2565 et
1051 2535 1132 2565 bene
1145 2537 1246 2575 potest
1259 2537 1418 2577 pertinere
1432 2538 1471 2569 ad
1486 2539 1639 2570 virtutem
1654 2541 1786 2580 cogniti-

1008 2597 1094 2621 vam.
1111 2589 1181 2620 Alio
1195 2590 1290 2622 modo
1306 2601 1433 2631 sperare
1448 2593 1626 2624 secundum
1640 2595 1727 2634 quod
1742 2595 1787 2626 di-

1009 2643 1090 2673 citur
1106 2644 1242 2683 proprie,
1256 2644 1341 2675 idem
1357 2647 1403 2675 cst.
1418 2646 1503 2685 quod
1519 2647 1687 2684 confidere,
1700 2651 1731 2679 et
1746 2658 1786 2680 ex

1796 2037 1828 2057 dis
1837 2045 1905 2059 suma.

1003 2052 1147 2083 biturum
1169 2053 1290 2092 aliquid
1303 2077 1310 2091 ,
1330 2054 1501 2086 dicendum
1515 2057 1600 2096 quod
1614 2067 1686 2097 spes
1705 2059 1782 2089 dici·
1796 2071 1837 2089 mr.
