2017 2960
58 2267 91 2289 Ad
101 2272 151 2294 opp.

666 150 763 182 DlST.
787 150 905 182 XXVII.
932 149 1022 182 ART.
1049 151 1087 182 II.
1110 150 1260 189 QUAEST.
1285 151 1308 182 Ι.

183 217 287 249 radice
313 218 484 250 charitatis.
513 230 527 247 ›>
558 219 643 259 Ergo
670 218 761 249 radix
796 218 957 248 charitatis

184 270 335 301 omnibus
359 271 508 310 operibus
531 272 641 303 tribuit
663 271 856 303 viriditatem
879 271 957 301 :sed

183 324 252 354 haec
268 323 410 354 viriditas
431 334 494 355 non
513 328 559 356 est
582 325 680 362 aliud,
697 334 794 365 quam
819 324 958 355 efficacia

183 376 216 407 in
241 377 414 408 merendo:
439 378 465 408 si
487 387 564 418 ergo
587 379 671 409 hanc
691 378 804 409 tribuit
825 378 958 408 charitas

183 429 252 460 aliis
266 431 440 462 virtutibus
454 440 510 471 per
528 441 625 462 suum
640 433 747 461 actum
769 433 799 461 et
820 432 955 468 motum,

183 482 310 514 videtur
324 484 407 524 quod
423 486 510 515 actus
525 484 688 515 charitatis
706 484 809 524 primo
823 485 854 514 et
868 483 955 523 prin-

182 536 325 576 cipaliter
353 537 392 568 sit
418 537 599 568 meritorius
623 537 705 568 inter
733 546 844 568 omnes
869 539 958 568 actus

181 590 350 621 virtutum.

224 643 300 674 Item
316 644 468 676 meritum
483 645 565 675 inest
581 645 669 675 omni
692 644 803 676 virtuti
819 654 860 675 ex
874 646 958 675 recta

181 697 380 728 ordinatione
394 697 429 728 in
444 698 540 728 finem
555 698 626 728 :sed
641 698 777 728 charitas
794 700 840 729 est
854 698 958 729 virtus

181 761 255 792 quae
281 751 463 782 immediate
486 751 612 782 ordinat
634 751 667 781 in
691 753 806 790 finem,
833 754 863 782 et
889 761 958 782 me—

180 806 286 836 diante
301 815 365 845 qua
377 808 500 836 caeterae
516 805 586 836 aliae
601 806 740 836 ordinari
756 806 874 837 habent
889 817 895 837 ι
912 806 958 837 vi-

180 859 273 890 detur
291 868 385 898 ergo,
408 859 493 899 quod
518 859 601 890 circa
625 862 732 890 actum
747 861 817 900 ejus
832 860 956 900 primo,

180 914 211 943 et
230 912 447 953 principaliter
464 914 629 953 contingat
650 918 757 945 actum
777 914 883 945 meriti
907 923 956 945 re-

180 965 289 1006 periri.

222 1020 301 1051 Item
322 1020 448 1052 nullum
473 1021 663 1061 obsequium
688 1023 734 1052 est
756 1022 958 1053 meritorium

181 1074 266 1114 apud
289 1074 401 1112 Deum,
428 1074 490 1105 nisi
515 1075 600 1115 quod
621 1076 658 1106 fit
677 1075 848 1106 liberaliter
873 1085 880 1106 :
903 1075 958 1106 sed

174 1127 264 1158 -nihil
280 1128 317 1158 fit
337 1128 523 1167 liberaliter,
539 1129 602 1159 nisi
620 1128 705 1169 quod
725 1129 760 1159 fit
776 1138 816 1159 ex
831 1138 955 1166 amore,

181 1181 334 1221 quoniam
359 1190 450 1212 amor
475 1184 521 1212 est
544 1181 678 1220 donum,
702 1181 736 1212 in
762 1191 825 1222 quo
849 1183 958 1213 omnia

179 1236 241 1266 alia
267 1236 350 1266 dona
376 1236 546 1267 donantur.
570 1236 604 1266 Si
625 1245 703 1275 ergo
727 1236 865 1267 efficacia
886 1246 957 1267 me-

178 1289 270 1320 rendi
292 1289 433 1319 consistit
455 1289 489 1319 in
511 1289 707 1328 liberalitate,
732 1291 763 1320 et
784 1289 957 1320 liberalitas

178 1343 282 1383 primo
312 1345 343 1374 et
369 1343 585 1383 principaliter
614 1344 772 1384 reperitur
802 1344 836 1374 in
867 1346 957 1375 motu

178 1397 341 1428 charitatis
374 1399 404 1428 et
431 1397 571 1436 amoris,
601 1397 729 1429 videtur
759 1398 844 1428 idem
872 1399 957 1438 quod

178 1450 278 1490 priuS,
294 1450 440 1482 videlicet
454 1451 539 1490 quod
556 1453 662 1481 motus
676 1451 838 1482 charitatis
852 1451 956 1491 primo

177 1505 209 1534 et
222 1503 439 1543 principaliter
451 1504 491 1534 sit
504 1504 699 1535 meritorius

218 1556 297 1588 Item
322 1560 412 1588 actus
435 1557 508 1588 fidei
528 1567 594 1588 non
616 1560 663 1589 est
682 1558 879 1598 meritorius,
896 1560 956 1590 nisi

177 1610 355 1641 secundum
373 1611 458 1651 quod
476 1611 554 1642 fides
568 1612 666 1642 credit
680 1612 714 1642 in
729 1612 830 1643 Deum
855 1623 861 1643 :
880 1622 956 1643 nam

177 1664 303 1695 credere
318 1664 431 1703 Deum,
450 1666 481 1696 et
493 1665 620 1697 credere
636 1665 709 1704 Deo,
725 1675 897 1697 commune
910 1669 957 1697 est

176 1718 249 1748 fidei
273 1718 412 1757 informi,
439 1721 470 1749 et
493 1719 565 1749 fidei
591 1719 736 1750 formatae
758 1731 764 1750 :
789 1721 844 1751 sed
869 1721 955 1760 quod

175 1772 254 1803 fides
269 1772 375 1803 credat
387 1772 420 1803 in
435 1772 549 1811 Deum,
566 1773 626 1804 hoc
641 1773 735 1805 habet
750 1775 872 1806 ratione
884 1775 956 1805 cha-

174 1825 277 1856 ritatis
297 1826 468 1866 adJunctae.
490 1826 652 1858 «Credere
675 1828 761 1858 enim
785 1828 819 1858 in
840 1828 952 1866 Deum,

175 1878 257 1910 sicut
270 1879 345 1910 dicit
363 1880 566 1919 Augustinus
582 1881 602 1919 ¹,
619 1882 666 1911 est
686 1881 843 1913 credendo
866 1891 956 1913 ama-

175 1942 221 1964 re.
239 1944 253 1961 »
273 1932 361 1973 Ergo
377 1934 503 1965 videtur
519 1934 604 1974 quod
625 1936 713 1966 actus
732 1935 805 1966 fidei
829 1946 894 1967 nou
916 1937 955 1967 sit

179 1987 361 2018 meritorius
368 2011 378 2026 ,
395 1987 456 2018 nisi
472 1988 630 2019 mediante
644 1990 717 2019 actu
734 1989 904 2020 charltatis.
922 1989 955 2021 Si

177 2049 256 2080 ergo
271 2042 360 2071 actus
376 2041 450 2072 fidei
471 2043 517 2072 est
532 2042 656 2081 primus
672 2042 754 2073 iuter
775 2044 864 2074 actus
884 2052 952 2074 om-

177 2095 269 2125 nium
293 2094 462 2133 virtutum,
482 2095 609 2127 videtur
633 2096 718 2136 quod
741 2096 823 2127 circa
847 2098 954 2128 actum

179 2147 340 2179 charitatis
367 2149 472 2188 primo
499 2151 530 2180 et
557 2149 772 2190 principaliter
806 2151 954 2182 consistat

178 2201 340 2233 meritum.

218 2253 278 2285 Sed
298 2255 407 2285 contra
424 2266 430 2285 :
449 2258 478 2286 ι.
502 2255 613 2286 Omnis
630 2257 719 2286 actus
740 2256 913 2296 procedens
935 2267 953 2288 a

176 2310 295 2341 virtute
310 2309 445 2340 formata
466 2311 512 2340 est
533 2309 595 2341 Deo
613 2310 748 2350 placitus
769 2313 799 2342 et
819 2311 953 2342 merito-

176 2364 254 2403 rius,
266 2364 342 2404 quia
355 2363 465 2404 quales
480 2366 555 2394 sunt
568 2364 707 2403 habitus,
724 2365 802 2395 tales
817 2367 891 2395 sunt
904 2375 953 2396 ac-

174 2419 228 2448 tus
255 2428 262 2448 :
288 2418 342 2448 sed
370 2417 544 2449 virtutibus
571 2418 781 2449 existentibus
809 2419 952 2450 formatis

175 2480 232 2511 per
249 2471 339 2511 prius
358 2471 422 2502 exit
444 2471 477 2502 in
499 2473 588 2502 actus
611 2471 700 2510 fides,
721 2481 819 2512 quam
842 2473 950 2513 aliqua

175 2524 236 2555 alia
255 2524 358 2555 virtus
382 2535 389 2556 ε
412 2534 491 2564 ergo
514 2525 641 2556 videtur
659 2525 744 2566 quod
770 2528 859 2557 actus
882 2528 951 2567 ejus

175 2578 279 2618 primo
294 2578 333 2609 sit
347 2577 541 2609 meritorius.

209 2641 217 2657 ¹
233 2642 308 2672 Aug„
323 2640 352 2664 de
367 2641 490 2672 Tempore,
513 2648 590 2667 serm.
610 2648 705 2668 chxm
722 2646 727 2673 ι
741 2643 810 2668 Idem
828 2645 866 2668 est
882 2644 951 2676 quod

1731 159 1789 189 613

1055 222 1085 250 2.
1100 219 1178 250 Item
1192 219 1225 249 in
1239 218 1327 249 omni
1342 227 1391 256 eo,
1406 218 1439 248 in
1454 227 1518 258 quo
1534 220 1637 259 primo
1650 223 1791 254 consistit

1014 272 1095 303 ratio
1120 273 1301 312 dirigendi,
1327 272 1431 312 primo
1453 272 1592 303 consistit
1615 275 1695 305 ratio
1722 285 1789 307 me-

1014 326 1104 356 rendi
1124 338 1129 357 :
1148 326 1201 357 sed
1217 326 1299 356 circa
1315 327 1422 356 actum
1436 325 1509 356 fidei
1531 326 1635 366 primo
1652 329 1791 360 consistit

1014 380 1095 410 ratio
1108 380 1263 419 dirIgendi
1279 403 1286 417 ,
1303 388 1376 410 cum
1397 379 1465 419 ipsa
1485 380 1525 410 sit
1546 380 1697 411 directiva
1718 391 1792 412 om-

1014 433 1106 463 nium
1122 433 1279 464 virtutum
1298 444 1304 463 :
1322 442 1400 472 ergo
1422 435 1452 463 et
1467 433 1549 463 circa
1568 434 1671 474 ipsum
1687 435 1791 475 primo

1015 486 1155 516 consistit
1170 487 1250 517 ratio
1273 486 1415 517 merendi
1434 498 1440 517 :
1457 496 1521 517 non
1543 496 1622 526 ergo
1642 488 1724 519 circa
1738 497 1790 519 ac-

1014 541 1084 569 tum
1101 539 1273 570 charitatis.

1056 595 1083 623 3.
1108 593 1184 624 Item
1202 593 1306 632 gratia
1330 593 1363 623 in
1379 593 1528 624 merendo
1544 596 1651 625 movet
1667 595 1791 626 confor-

1015 645 1110 676 miter
1136 646 1275 676 liberum
1299 646 1485 684 arbitrium,
1514 649 1544 677 et
1568 656 1585 677 e
1611 657 1764 679 converso
1784 660 1790 680 ι

1015 699 1068 730 sed
1098 700 1236 730 liberum
1265 699 1434 730 arbitrium
1458 709 1514 740 per
1536 701 1624 740 prius
1647 702 1770 741 judicat
1784 727 1791 739 ‚

1014 762 1111 793 quam
1127 753 1225 793 eligat
1241 763 1248 784 :
1269 762 1347 793 ergo
1368 754 1471 793 gratia
1486 763 1542 794 per
1559 754 1647 794 prius
1667 755 1794 787 videtur

1015 807 1167 846 respicere
1189 809 1296 837 actum
1316 807 1505 846 cognitionis
1516 832 1523 845 ,
1540 817 1637 847 quam
1652 809 1792 839 affectio-

1014 861 1064 890 nis
1085 869 1092 890 :
1122 861 1175 891 sed
1204 861 1290 900 quod
1314 870 1370 900 per
1397 861 1485 901 prius
1516 862 1642 901 respicit
1667 863 1792 901 gratia,

1015 913 1120 953 primo
1135 914 1230 944 habet
1245 914 1402 944 rationem
1419 915 1573 945 meritorii
1592 926 1598 946 :
1616 925 1694 955 ergo
1710 916 1809 947 vide-⁴

1014 970 1067 998 tur
1082 968 1166 1008 quod
1189 968 1270 999 ratio
1286 968 1430 999 merendi
1452 968 1541 1008 prius
1557 969 1741 1001 inveniatur
1762 970 1795 1001 in

1015 1024 1087 1052 actu
1112 1022 1313 1061 cognitionis,
1342 1031 1439 1062 quam
1462 1022 1637 1053 affectionis
1665 1034 1672 1053 ι
1699 1025 1730 1054 et
1752 1023 1795 1054 ita

1014 1076 1105 1116 prius
1118 1075 1152 1105 in
1167 1078 1239 1106 actu
1254 1075 1338 1113 fidei,
1356 1085 1453 1115 quam
1468 1076 1642 1107 charitatis.

1055 1132 1083 1160 4.
1109 1129 1188 1160 Item
1209 1129 1286 1160 fides
1305 1129 1450 1160 informis
1473 1132 1614 1161 meretur
1634 1131 1795 1171 operatio-

1014 1192 1089 1214 nem
1105 1183 1335 1213 miraculorum
1350 1183 1388 1213 de
1404 1192 1549 1223 congruo
1564 1184 1598 1214 in
1617 1187 1701 1215 statu
1721 1194 1794 1225 pec-

1014 1236 1098 1267 cati:
1121 1236 1175 1266 sed
1199 1236 1300 1267 multo
1322 1237 1453 1275 niajoris
1475 1237 1625 1268 efficaciae
1649 1240 1694 1268 est
1716 1238 1794 1269 fides

1013 1290 1148 1320 formata
1166 1291 1311 1329 respectu
1330 1290 1456 1330 praemii
1471 1291 1677 1330 assequendi,
1695 1301 1794 1331 quam

1013 1344 1091 1374 fides
1102 1343 1246 1374 informis
1259 1345 1404 1383 respectu
1419 1343 1564 1374 miraculi
1579 1344 1770 1384 impetrandi
1784 1355 1791 1377 :

1013 1398 1039 1427 si
1052 1406 1130 1436 ergo
1147 1397 1328 1437 impetratio
1345 1397 1489 1427 miraculi
1505 1397 1609 1437 primo
1629 1400 1660 1429 et
1675 1399 1794 1439 princi-

1013 1450 1125 1490 paliter
1140 1450 1327 1481 attribuitur
1341 1451 1424 1481 actui
1444 1451 1518 1481 fidei
1534 1451 1691 1491 informiS,
1708 1452 1794 1484 vide-

1013 1506 1065 1535 tur
1080 1505 1164 1544 quod
1180 1504 1265 1535 actui
1279 1505 1353 1535 fidei
1368 1505 1513 1536 sormatae
1527 1506 1632 1545 primo
1655 1508 1685 1537 et
1700 1507 1793 1547 prin-

1013 1558 1155 1598 cipaliter
1171 1558 1323 1589 meritum
1338 1558 1412 1590 vitae
1428 1560 1557 1590 aeternae
1576 1560 1688 1592 debeat
1702 1561 1791 1591 attri-

1012 1612 1080 1642 bui.

1053 1668 1080 1696 5.
1099 1665 1176 1696 Item
1194 1665 1279 1705 quod
1303 1665 1408 1704 magis
1423 1667 1469 1696 est
1483 1666 1626 1705 difficile,
1643 1668 1674 1698 et
1689 1668 1793 1707 magis

1012 1721 1122 1750 contra
1136 1721 1285 1749 naturam
1296 1744 1304 1757 ,
1323 1718 1401 1749 illud
1417 1721 1502 1750 tenet
1517 1720 1621 1759 magis
1636 1722 1793 1752 rationem

1012 1773 1117 1804 meriti
1134 1773 1165 1803 in
1184 1773 1236 1804 via
1252 1783 1258 1802 ε
1277 1772 1331 1803 sed
1347 1775 1454 1803 motus
1469 1773 1541 1804 fidei
1557 1775 1664 1814 magis
1678 1777 1725 1806 est
1738 1785 1794 1806 na-

1011 1828 1093 1857 turae
1108 1826 1265 1865 dissonus,
1285 1835 1383 1866 quam
1400 1829 1505 1857 motus
1523 1827 1701 1866 charitatis,
1716 1829 1793 1869 quia

1012 1880 1113 1911 Deum
1129 1881 1263 1921 diligere
1278 1890 1344 1911 non
1360 1882 1407 1911 est
1425 1883 1536 1911 contra
1551 1881 1710 1913 dictamen
1733 1893 1792 1914 na-

1010 1936 1105 1972 turae,
1129 1934 1210 1964 sicut
1230 1933 1356 1964 credere
1378 1934 1496 1965 multos
1520 1935 1669 1966 articulos
1687 1946 1694 1965 :
1712 1945 1790 1975 ergo

1010 1987 1137 2018 videtur
1156 1986 1241 2027 quod
1264 1987 1298 2017 in
1320 1988 1393 2018 actu
1413 1987 1516 2027 ipsius
1538 1988 1612 2019 fidei
1635 1989 1739 2028 primo
1763 1992 1793 2020 et

1010 2041 1230 2081 principaliter
1245 2040 1393 2071 consistat
1407 2041 1545 2072 efficacia
1563 2042 1716 2073 merendi.

1051 2096 1080 2125 6.
1098 2094 1189 2133 Item,
1206 2094 1287 2126 sicut
1302 2103 1335 2125 se
1349 2094 1445 2125 habet
1461 2095 1631 2135 prudentia
1645 2097 1791 2136 respectu

1010 2148 1221 2179 cardinalium
1235 2172 1243 2186 ,
1272 2148 1315 2178 ita
1342 2157 1374 2179 se
1406 2148 1502 2179 habet
1537 2149 1615 2180 fides
1646 2152 1790 2190 respectu

1009 2202 1262 2242 theologicarum
1275 2213 1280 2233 :
1296 2202 1350 2233 sed
1365 2204 1449 2233 recta
1462 2202 1620 2234 ordinatio
1631 2212 1688 2243 per
1700 2203 1790 2243 prius

1008 2256 1167 2296 reperitur
1181 2256 1215 2286 in
1234 2257 1307 2286 actu
1326 2256 1522 2296 prudentiae,
1542 2265 1639 2296 quam
1661 2256 1694 2287 ln
1715 2259 1789 2289 actu

1009 2310 1169 2342 virtutum
1184 2310 1394 2342 cardinalium
1412 2321 1418 2340 :
1436 2319 1515 2350 ergo
1531 2312 1616 2341 recta
1631 2310 1787 2341 ordinatio

1008 2373 1065 2404 per
1088 2364 1177 2404 prius
1196 2364 1363 2394 invenitur
1385 2364 1419 2394 in
1442 2366 1514 2394 actu
1533 2363 1622 2402 fidei,
1639 2373 1737 2404 quam
1752 2363 1787 2395 in

1007 2420 1081 2449 actu
1104 2418 1241 2449 aliarum
1261 2418 1517 2458 theologicarum
1535 2427 1542 2448 ε
1559 2417 1612 2448 sed
1637 2417 1715 2448 illud
1731 2427 1787 2457 per

1007 2472 1098 2512 prius
1112 2474 1159 2503 est
1172 2472 1384 2510 meritorium,
1399 2472 1431 2502 in
1446 2481 1511 2512 quo
1525 2481 1581 2512 per
1595 2471 1684 2512 prius
1700 2481 1787 2512 repe-

1006 2526 1089 2557 ritur
1114 2526 1270 2557 ordinatio
1296 2537 1302 2557 :
1329 2534 1409 2565 ergo
1432 2525 1560 2557 videtur
1584 2525 1669 2565 quod
1696 2526 1786 2556 actus

1006 2609 1138 2633 Tractatus
1153 2607 1182 2631 (Ie
1194 2607 1309 2639 Εῑμοςίι,
1323 2606 1452 2637 Syrtzbolt‘3
1468 2607 1556 2631 Enarr.
1579 2607 1603 2630 in
1615 2605 1683 2631 Psal.
1700 2611 1784 2637 Lxxu,

1006 2650 1031 2668 n.
1048 2645 1071 2666 8.
