2017 2960
131 517 232 537 l‘umlinn⁴

154 2129 187 2150 Ad
205 2135 257 2155 opp.

246 186 303 213 ‘240

513 309 691 347 QUAESTIO
715 309 752 340 11.

251 393 292 419 :tn
306 392 508 426 prccdeslinate'o
524 391 623 416 (Ἲινίςίί
636 391 752 424 respectu
769 391 865 415 nostrat
881 388 1020 423 praedesti-

393 437 511 461 nationis
526 436 561 460 sit
576 436 663 467 forma
679 434 841 467 orcmplaris
858 434 876 459 ¹.

293 516 403 546 l'truni
421 513 652 553 praedestinatio
667 513 780 544 Christi
796 514 940 553 respectu
951 522 1021 543 nos-

252 572 307 599 trcc
336 567 619 608 praedcstinationis
635 567 675 596 sit
690 567 791 597 forma
808 566 999 606 exemplaris
1013 577 1019 603 ;

251 625 279 651 et
300 621 383 661 quod
407 621 467 658 sic,
483 620 628 650 videtur²
647 630 653 650 :
672 620 751 655 Quos
777 619 1023 658 proeaestzizavzt

250 676 425 712 conformes
441 673 515 711 ficri
536 674 673 712 ’ἱνηαῃῑιιί
693 673 757 711 filo·
776 674 840 704 sui.
865 672 924 702 Sed
945 672 1022 702 illud

251 727 300 757 cui
318 727 407 757 delict
422 736 470 757 res
486 726 675 756 conformari
700 728 730 755 et
752 724 960 763 configurari,
978 726 1024 754 est

253 780 414 820 exemplar
437 781 507 819 ejus
527 790 533 809 2
549 788 627 817 ergo
642 779 667 808 si
684 778 899 818 praedestinati
913 787 1024 808 sumus·

255 836 290 863 ut
306 833 543 863 conformemur
558 831 696 869 Christo,
715 831 841 861 videtur
856 830 940 870 quod
957 831 1026 869 ejus

255 885 487 925 praedestinatio
519 884 557 914 sit
588 886 705 914 nostrae
741 883 1025 923 praedestinationis

254 938 445 977 exemplaris
459 938 550 968 ratio.

310 991 386 1022 item
422 990 648 1030 Augustinus,
676 990 714 1021 cle
744 989 1028 1021 Prceaestmatz'one

257 1046 447 1076 Sanctorum
460 1047 469 1062 ³
482 1055 492 1075 .·
512 1056 525 1072 a
541 1043 824 1074 praeclarissimum
837 1043 946 1073 lumen
960 1051 1028 1072 nos-

256 1103 313 1129 trfe
342 1098 628 1138 praedestinationis
656 1099 702 1127 est
726 1097 817 1127 Jesus
842 1096 1024 1127 Christus.»

257 1155 316 1186 Sed
337 1155 447 1184 lumen
470 1154 566 1184 habet
588 1154 743 1184 rationem
765 1152 979 1191 distinguendi
1001 1154 1029 1181 et

257 1208 438 1238 notificandi
461 1217 467 1237 :
489 1207 514 1236 si
539 1216 616 1245 ergo
646 1207 705 1236 hoc
733 1205 883 1245 competit
915 1206 1025 1235 formae

258 1261 432 1300 exemplari
456 1284 463 1298 ,
503 1260 630 1289 videtur
669 1259 755 1298 quod
795 1257 1028 1298 praedestinatio

259 1314 373 1345 Christi
389 1314 428 1343 sit
436 1315 552 1343 nostrae
560 1311 846 1352 praedestinationis
857 1311 1029 1350 exemplar,

259 1370 287 1398 et
301 1369 380 1397 ratio
397 1366 600 1406 agnoscendi.

301 1421 377 1451 Item
401 1421 465 1450 vita
489 1419 602 1450 Christi
624 1420 655 1449 et
677 1419 790 1449 modus
806 1417 946 1455 vivendi,
974 1418 1035 1447 fuit

260 1483 373 1504 norma
407 1475 436 1503 et
474 1472 637 1511 exemplar
666 1473 772 1502 sancte
802 1470 930 1501 vivendi
961 1470 1034 1509 ipsis

262 1526 411 1557 memhris
428 1525 539 1555 Christi
555 1534 562 1555 :
578 1525 631 1555 sed
646 1525 726 1555 sicut
742 1533 774 1554 se
789 1524 884 1554 habet
900 1532 1033 1554 conver-

262 1579 341 1609 satio
359 1579 395 1609 ad
414 1578 707 1613 conversationem,
731 1577 774 1607 ita
790 1586 822 1607 se
838 1577 934 1607 habet
951 1586 1035 1616 prae-

263 1632 428 1661 destinatio
444 1631 483 1661 ad
499 1631 827 1670 praedestinationem:
840 1639 920 1668 ergo
931 1631 955 1660 si
972 1630 1037 1660 vita

263 1695 321 1715 sua
347 1685 405 1715 suit
426 1685 539 1723 regula
565 1687 594 1715 et
619 1684 782 1724 exemplar
805 1686 922 1714 nostrae
949 1684 1035 1720 vitae,

263 1739 331 1778 pari
354 1738 475 1768 ratione
500 1738 731 1777 praedestinatio
755 1746 813 1767 sua
832 1737 1036 1776 praedestina-

265 1792 360 1822 tionis
374 1793 501 1821 nostrae.
804 1798 807 1800 ·

307 1844 385 1874 Item
408 1843 522 1874 Christi
546 1843 710 1881 generatio
740 1842 799 1873 suit
822 1842 901 1873 ratio
927 1852 1037 1873 exem—

267 1897 362 1937 plaris
382 1897 487 1927 omnis
510 1896 737 1933 emanationis,
760 1896 835 1935 quia
861 1896 893 1926 in
924 1895 1038 1931 Verbo,

267 1950 351 1989 quod
376 1950 456 1980 Deus
479 1950 612 1988 genuit,
628 1949 738 1979 omnia
764 1949 917 1988 disposuit
937 1958 943 1979 :
964 1958 1041 1988 ergo

269 2003 335 2042 pari
360 2003 482 2033 ratione
511 2004 580 2042 ejtis
610 2002 845 2042 praedestinatio
874 2002 933 2032 fuit
961 2002 1040 2032 ratio

269 2056 459 2096 exemplaris
475 2056 579 2086 omnis
594 2055 887 2095 piffldestinationis.

311 2110 372 2141 Sed
400 2112 508 2140 contra
537 2113 564 2139 1.
597 2109 698 2149 Super
720 2109 798 2139 illud
824 2111 834 2128 '·
855 2120 861 2139 :
886 2109 1044 2148 Numquid

273 2164 358 2195 nosti
379 2163 524 2194 ordinem
544 2162 615 2194 coeli
631 2164 646 2193 ,⁹
663 2162 790 2193 Glossa:
811 2161 938 2193 «Nosse
957 2163 1043 2193 ordi-

273 2226 348 2247 nem
363 2216 432 2246 coeli
451 2218 498 2245 est
513 2225 725 2255 supernarum
740 2215 996 2255 dispositionum,
1014 2216 1044 2246 id

273 2272 329 2307 est,
347 2269 663 2309 praedestinationum
677 2268 815 2298 occultas
826 2268 1046 2308 dispositiones

275 2323 392 2354 videre.
411 2333 424 2350 n
445 2321 529 2361 Ergo
546 2322 577 2351 in
593 2321 922 2361 praedestinationibus
937 2324 967 2352 et
981 2322 1046 2352 dis-

276 2376 485 2417 positionibus
514 2377 560 2405 est
584 2375 660 2404 ordo
689 2377 718 2405 et
752 2375 908 2405 distinctio
935 2386 941 2405 t
970 2384 1047 2414 ergo

276 2429 498 2468 unusquisque
512 2427 755 2467 praedestinatus
767 2427 861 2458 habet
871 2437 962 2458 suam
979 2437 1048 2467 pro-

277 2483 378 2522 priam
401 2480 707 2521 praedestinationem
727 2480 906 2511 distinctam
926 2490 945 2511 a
967 2490 1048 2521 prae-

278 2535 486 2565 destinatione
508 2533 642 2570 Christi,
668 2536 698 2563 et
723 2533 766 2563 sic
784 2534 822 2572 (a)
845 2534 906 2564 alia
926 2535 1048 2565 ratione

313 2616 320 2631 ¹
335 2616 374 2645 Cf.
391 2614 461 2638 Alex.
475 2613 582 2643 Alnus-is,
596 2621 621 2644 p.
633 2613 675 2643 Ill,
692 2619 763 2644 21.v1‚
775 2614 870 2638 memb.
886 2615 898 2637 5
912 2614 1048 2644 3Stephan.

281 2650 385 2679 Brules„
401 2650 431 2673 ΙΙΙ
447 2650 526 2678 Seni„
544 2649 601 2673 dist.
617 2654 689 2679 x1,q.
705 2654 732 2673 11.
743 2649 793 2666 —¹
809 2649 874 2672 Rom.
896 2655 955 2678 viu,
971 2650 1049 2673 30.—

763 181 1076 214 SENTENTIARUM
1099 182 1171 214 [ΑΒ.
1196 183 1248 214 ΙΙΙ.

1076 247 1319 286 praedestinatus
1331 251 1378 279 est
1393 249 1544 287 Christus,
1556 251 1588 280 et
1601 249 1665 279 alia
1677 249 1730 279 alii
1747 257 1843 288 :ergo

1076 309 1140 330 non
1162 302 1207 330 est
1229 301 1391 340 exemplar
1412 311 1479 332 suae
1503 301 1796 342 praedestinationis,
1813 303 1843 332 et

1076 353 1224 383 aliorum.

1118 406 1195 436 Item
1220 406 1287 445 ipsa
1316 407 1549 446 praedestinatio
1569 408 1649 438 nihil
1672 407 1757 438 aliud
1782 410 1844 445 est,

1078 467 1175 497 quam
1199 459 1359 498 praevisio,
1377 459 1443 489 sive
1458 460 1619 499 dispositio
1634 461 1793 500 pertinens
1807 461 1846 491 ad

1079 511 1241 550 exemplar
1257 520 1264 542 :
1281 511 1306 541 si
1321 521 1398 550 ergo
1413 512 1602 551 exemplaris
1614 522 1677 543 non
1688 516 1733 544 est
1744 523 1848 544 exem-

1079 565 1158 602 plar,
1183 574 1261 604 ergo
1283 565 1566 604 praedestinationis
1581 565 1659 596 nihil
1677 569 1722 596 est
1736 576 1847 597 exem-

1080 617 1148 656 plar
1164 628 1169 648 :
1188 626 1265 657 ergo
1280 618 1561 657 praedestinationis
1582 621 1698 650 nostrae
1718 629 1783 650 non
1803 622 1848 650 est

1082 671 1244 710 exemplar
1260 671 1491 710 praedestinatio
1507 671 1629 702 Christi.

1122 724 1200 754 Item
1215 734 1287 764 quae
1304 727 1378 755 sunt
1391 725 1486 755 simul
1502 734 1617 762 unum,
1634 734 1698 755 non
1711 727 1756 756 est
1771 726 1850 756 ratio

1081 777 1283 816 exemplandi
1298 777 1456 816 reliquum
1473 789 1478 808 :
1496 778 1549 808 sed
1567 787 1679 808 omnes
1695 777 1852 817 praedesti-

1082 830 1225 860 nationes
1249 831 1344 861 simul
1373 833 1404 861 et
1436 831 1475 861 ab
1509 834 1629 862 aeterno
1663 832 1792 862 fuerunt
1819 831 1851 861 in

1083 885 1188 913 mente
1212 883 1319 914 divina
1342 895 1347 914 :
1374 893 1451 923 ergo
1478 885 1710 924 praedestinatio
1738 884 1853 915 Christi

1084 936 1266 966 nullatenus
1301 937 1403 975 potuit
1437 947 1503 967 esse
1535 938 1724 977 exemplaris
1752 938 1853 967 forma

1085 989 1399 1028 praedestinationum
1414 991 1560 1021 aliarum.

1126 1042 1215 1080 Item,
1230 1043 1255 1072 si
1271 1043 1503 1082 praedestinatio
1514 1044 1628 1074 Christi
1638 1046 1683 1074 est
1694 1044 1856 1083 exemplar

1087 1098 1202 1125 uostrae
1227 1096 1510 1135 praedestinationis
1526 1121 1534 1134 ,
1554 1099 1609 1127 aut
1632 1106 1709 1136 ergo
1733 1097 1855 1128 ratione

1088 1149 1269 1189 principalis
1282 1150 1461 1188 significati,
1480 1153 1534 1181 aut
1546 1151 1667 1182 ratione
1677 1152 1853 1182 connotati:

1087 1203 1113 1233 si
1127 1203 1247 1233 ratione
1258 1203 1440 1242 principalis
1452 1203 1633 1242 significati,
1651 1207 1679 1234 ct
1694 1214 1767 1235 cum
1778 1204 1856 1235 illud

1088 1256 1127 1285 sit
1144 1256 1222 1286 lleus
1232 1279 1239 1293 ‚
1258 1256 1324 1285 sive
1339 1256 1447 1287 divina
1461 1257 1611 1295 essentia,
1627 1258 1736 1289 divina
1749 1267 1854 1288 essen-

1088 1310 1131 1339 tia
1147 1309 1206 1339 erit
1230 1310 1418 1349 exemplata,
1435 1313 1465 1341 et
1478 1311 1520 1341 sic
1532 1311 1615 1342 idem
1627 1312 1686 1342 erit
1699 1312 1857 1351 exempla-

1090 1364 1157 1392 tum
1168 1386 1175 1400 ,
1197 1365 1227 1392 et
1241 1363 1404 1402 exemplar
1418 1363 1586 1403 suiipsius;
1603 1364 1629 1394 si
1644 1364 1768 1394 ratione
1784 1373 1857 1394 con-

1090 1415 1207 1451 notati,
1226 1417 1337 1445 contra
1355 1426 1360 1445 :
1379 1415 1549 1455 Exemplar
1573 1417 1720 1455 praecedit
1751 1426 1860 1447 exem-

1092 1468 1212 1507 platum
1226 1492 1233 1505 ,
1263 1470 1291 1498 et
1313 1478 1377 1498 non
1402 1469 1545 1508 seqnitur
1570 1469 1647 1500 illud
1664 1479 1671 1500 :
1690 1470 1740 1500 sed
1769 1470 1860 1500 multi

1093 1521 1274 1551 hahuerunt
1295 1522 1431 1560 gratiam
1453 1523 1580 1553 finalem
1591 1546 1598 1559 ,
1615 1532 1688 1563 quae
1705 1525 1751 1554 est
1767 1523 1862 1554 effec-

1092 1576 1144 1604 tus
1160 1574 1443 1614 praedestinationis
1458 1578 1628 1615 antequam
1642 1576 1782 1607 Christus
1793 1586 1861 1608 sus-

1093 1627 1211 1666 ciperet
1234 1628 1372 1666 gratiam
1394 1640 1400 1659 ι
1427 1638 1506 1668 ergo
1528 1638 1593 1660 non
1625 1629 1750 1660 videtur
1778 1631 1863 1670 quod

1095 1681 1329 1719 praedestinatio
1339 1681 1450 1712 Christi
1463 1683 1631 1722 cujuslibet
1643 1683 1771 1713 alterius
1782 1692 1865 1723 prae-

1094 1732 1310 1764 desti11ati0nis
1323 1734 1417 1765 fuerit
1431 1736 1620 1775 exemplaris
1636 1736 1747 1766 forma.

1368 1862 1592 1894 CONCLUSIO.

1097 1939 1304 1967 Proedestinatio
1321 1940 1419 1966 Christi
1434 1949 1486 1967 non
1502 1943 1538 1967 est
1551 1948 1630 1967 causa
1645 1941 1805 1976 eoecmplarz‘s
1824 1942 1868 1967 in-

1135 1986 1217 2011 terior
1229 1986 1325 2011 nostroe
1337 1985 1542 2019 justificationis
1553 2006 1559 2017 ,
1578 1986 1638 2011 licet
1653 1987 1690 2012 sit
1704 1993 1784 2012 causa
1799 1987 1870 2012 eaete-

1134 2030 1190 2055 rior
1206 2029 1367 2063 eoeemplart‘s
1387 2030 1518 2056 directiva
1537 2032 1654 2064 respectu
1669 2031 1755 2056 nostri
1769 2029 1799 2056 de
1818 2037 1872 2056 cre-

1135 2071 1226 2098 dendis
1238 2092 1244 2104 ,
1262 2072 1438 2106 expectandis
1454 2074 1479 2099 et
1493 2072 1647 2106 operandis.

1141 2153 1232 2192 Resp.
1250 2154 1287 2184 ad
1310 2163 1379 2193 arg.
1408 2154 1578 2184 Dicendum
1605 2154 1688 2193 quod
1714 2156 1761 2184 est
1784 2153 1870 2193 loqui

1101 2207 1139 2236 <le
1157 2207 1430 2245 praedestinatione
1447 2207 1570 2244 Christi,
1589 2209 1618 2237 et
1635 2208 1750 2236 natura
1764 2206 1871 2245 dupli-

1101 2260 1177 2290 citer
1195 2270 1201 2291 :
1218 2262 1273 2290 aut
1287 2262 1443 2299 quantum
1467 2260 1505 2290 ad
1526 2260 1696 2300 principale
1710 2260 1871 2299 significa-

1102 2316 1193 2350 tum,
1220 2315 1275 2344 aut
1298 2315 1454 2352 quantum
1480 2314 1518 2344 ad
1542 2315 1759 2343 connotatum.
1775 2312 1806 2343 Si
1822 2312 1872 2342 Io-

1102 2376 1241 2408 quamur
1266 2368 1423 2406 quantum
1451 2367 1489 2397 ad
1514 2366 1684 2406 principale
1707 2366 1873 2405 significa—

1103 2424 1170 2452 tum
1185 2445 1192 2459 ,
1217 2421 1302 2460 quod
1326 2421 1454 2460 quidem
1476 2422 1522 2451 est
1543 2420 1653 2451 divina
1667 2420 1812 2456 essentia,
1830 2419 1874 2450 sic

1103 2476 1191 2506 nulla
1211 2474 1445 2514 praedestinatio
1460 2473 1622 2512 exemplar
1639 2473 1731 2503 habet
1746 2473 1786 2503 ab
1801 2472 1874 2511 alia,

1104 2541 1176 2562 cum
1193 2538 1303 2561 omnes
1317 2538 1420 2559 unum
1435 2529 1509 2566 sint,
1524 2528 1642 2559 scilicet
1653 2528 1761 2559 divina
1771 2536 1874 2558 essen-

1105 2612 1114 2628 ³
1129 2613 1203 2641 Aug„
1219 2610 1247 2634 de
1262 2609 1407 2634 Proeclestin.
1426 2610 1544 2639 sanctor„
1560 2616 1582 2632 c.
1597 2615 1638 2634 xv.
1654 2615 1680 2632 n.
1696 2610 1734 2632 30.
1750 2621 1778 2625 ·—
1793 2607 1871 2638 “Job,

1105 2652 1214 2675 xxxviii,
1229 2647 1266 2670 33.
1278 2659 1307 2663 —
1319 2646 1348 2675 (ιι)
1365 2644 1434 2668 Edit.
1459 2644 1514 2667 Ven.
1528 2644 1583 2668 etsi.
