2017 2960
205 184 262 212 582

205 261 412 292 consequens.
439 251 593 289 Quoniam
613 257 690 287 ergo
706 255 761 286 per
775 252 974 283 consequen-

206 306 248 335 tia
271 306 303 335 iu
328 306 395 345 ipso
426 306 464 336 ad
496 303 639 344 opposita
666 300 845 338 sequuntur
877 306 975 336 oppo-

206 359 504 398 sitaeproprietatos,
522 365 576 396 per
600 362 679 393 quas
705 352 823 382 habent
844 359 977 388 cognos-

207 412 250 448 ci,
281 414 331 448 ut,
359 412 384 441 si
409 411 516 441 allium
542 407 719 445 disgregat,
745 404 878 442 nigrum
901 412 976 433 con-

207 468 342 505 gregat3
370 465 443 495 hinc
470 464 537 499 cst,
563 459 645 499 quod
668 467 752 488 unus
782 458 883 496 potest
911 465 977 486 esse

207 519 334 549 habitus
369 515 548 555 cognitivus
581 512 798 552 oppositorum
815 534 823 547 ,
861 518 977 549 quam—

208 573 258 603 vis
287 581 350 602 non
378 570 417 599 sit
443 567 572 599 habitus
595 574 680 596 unus
702 563 877 594 effectivus.
910 561 978 592 Alia

208 626 302 656 etiam
327 620 547 654 dissimilitudo
571 621 636 656 est,
662 618 736 657 quia
761 615 897 656 potentia
925 624 977 645 co-

208 679 330 719 gnitiva
355 675 512 707 consimili
532 675 603 703 actu
626 675 656 702 et
679 669 833 701 consimili
857 668 980 699 ratione

209 730 364 771 negotiari
380 731 481 769 potest
502 735 598 766 super
619 724 835 764 oppositorum
850 725 979 752 utrum—

208 794 288 825 que3
311 783 432 823 Judicat
454 781 538 812 enim
554 780 591 810 de
612 780 713 815 recto,
730 779 761 807 et
775 775 902 814 obliquo
926 784 980 814 per

210 838 364 869 rationem
380 835 479 875 ipsius
493 833 567 864 recti
587 843 592 862 :
611 831 662 861 sed
679 829 824 860 affectiva
839 837 904 858 non
918 827 978 865 sic3

209 891 274 921 imo
289 890 315 920 si
331 887 449 929 appetit
463 895 565 917 unum
576 883 806 924 oppositorum,
820 881 981 921 reliquum

210 943 346 984 respuit;
364 943 389 972 si
405 943 491 972 amat
510 948 612 970 unum
626 962 634 976 ,
659 937 819 976 reliquum
835 935 910 972 odit,
927 944 983 974 per

210 1008 243 1029 sc
262 995 430 1037 loquendo.
452 994 490 1025 Et
511 993 590 1024 ratio
608 993 708 1031 hujus
729 992 786 1028 est,
801 989 876 1029 quia
888 989 981 1019 affec-

212 1052 276 1082 tiva
291 1049 395 1089 magis
410 1048 480 1079 unit
496 1046 553 1087 ipsi
568 1044 741 1082 aflectihili,
757 1052 856 1083 quam
872 1042 983 1081 cogni-

212 1105 277 1136 tiva
302 1101 507 1142 cognoscibili
530 1111 537 1131 ·.
561 1099 645 1131 unde
670 1106 760 1129 amor
781 1096 985 1127 transformat

212 1160 373 1189 amantem
389 1156 422 1186 iu
441 1156 584 1186 amatum
602 1164 608 1183 ς
629 1155 657 1183 et
674 1152 838 1191 propterea
852 1158 917 1179 non
934 1157 985 1178 se-

213 1212 332 1251 quitur,
349 1208 433 1249 quod
454 1209 479 1237 si
495 1217 561 1237 una
579 1206 675 1246 possit
691 1213 757 1235 esse
773 1203 913 1242 cognitio
930 1211 986 1241 op-

215 1264 391 1304 positorum
405 1285 412 1299 ,
437 1260 612 1291 secuudum
629 1258 712 1297 quod
731 1257 885 1297 opposita,
903 1255 986 1295 quod

215 1319 342 1357 propter
368 1315 427 1345 hoc
451 1312 666 1353 oppositorum
689 1310 801 1341 habeat
816 1318 882 1339 esse
898 1309 988 1338 ass'cc-

216 1371 259 1401 tio
275 1378 351 1407 una,
367 1367 417 1399 vel
432 1367 527 1398 etiam
548 1375 614 1396 una
635 1364 738 1395 virtus
752 1361 926 1394 affectionis
941 1361 989 1391 di-

218 1424 345 1455 rectiva.

260 1479 289 1507 3.
312 1475 360 1507 Ad
382 1474 459 1505 illud
480 1473 563 1513 quod
588 1471 737 1511 objicitur
760 1478 817 1509 per
841 1468 942 1499 simile
957 1468 991 1498 in

219 1529 403 1565 moralibus,
424 1527 507 1567 quod
521 1526 658 1557 duarum
674 1523 911 1554 extremitatum
927 1530 992 1552 una

220 1586 265 1615 est
293 1582 461 1619 medietas,
487 1579 657 1610 dicendum
682 1577 768 1617 quod
796 1585 910 1607 verum
934 1576 991 1613 est,

220 1636 304 1677 quod
320 1644 383 1668 una
400 1636 446 1666 est
467 1633 617 1665 medietas
637 1630 792 1671 punctalis
807 1640 813 1660 :
831 1629 885 1660 sed
905 1628 995 1667 large

221 1691 348 1729 accepta
358 1688 524 1719 medietate
536 1695 598 1716 non
610 1685 704 1715 habet
719 1683 897 1720 veritatem,
914 1691 994 1722 quo-

222 1746 310 1776 niam
334 1744 416 1774 inter
440 1742 504 1773 duo
525 1747 667 1771 extrema
689 1738 829 1769 multum
849 1737 997 1768 distantia

224 1799 331 1839 plures
346 1797 478 1838 possunt
490 1803 557 1826 esse
573 1793 766 1829 medietates,
778 1792 821 1822 ita
830 1791 915 1831 quod
930 1800 995 1822 una

224 1851 457 1893 appropinquat
482 1849 539 1880 uni
559 1849 717 1885 extremo,
746 1847 777 1876 et
799 1845 897 1876 altera
922 1844 992 1882 ali'1;

225 1909 256 1937 et
280 1906 323 1935 sic
342 1905 443 1944 potest
463 1911 529 1933 esse
550 1901 583 1931 in
599 1900 712 1930 timore
726 1900 756 1929 et
770 1908 836 1938 spe,
853 1898 997 1937 respectu

227 1955 486 2000 praesumptionis
508 1957 538 1985 et
561 1951 797 1994 desperationis,
816 1951 891 1991 quia
905 1951 1001 1982 timor

228 2011 332 2051 magis
352 2008 554 2050 approximat
574 2006 613 2037 ad
636 2005 870 2036 extremitatem
893 2004 1001 2044 despe-

229 2064 360 2096 rationis
371 2087 380 2101 ,
405 2070 476 2102 spes
493 2062 600 2091 autem
613 2058 651 2089 ad
667 2058 900 2089 extremitatem
916 2066 1002 2097 prae-

230 2115 431 2157 sumptionis.
457 2113 556 2144 Aliter
577 2112 672 2143 etiam
693 2112 794 2151 potest
820 2110 900 2148 dici,
917 2110 1003 2150 quod

230 2170 314 2201 istud
339 2167 528 2207 intelligitur
543 2165 580 2196 de
594 2165 771 2202 medietate,
789 2172 863 2203 quae
878 2163 1003 2194 confici-

231 2227 284 2255 tur
298 2232 339 2254 ex
353 2224 488 2261 utroque
505 2220 663 2257 extremo,
679 2217 760 2248 sicut
774 2217 905 2256 largitas
922 2216 1005 2247 inter

233 2275 488 2317 prodigalitatem
502 2274 532 2303 et
547 2271 714 2302 avaritiam
729 2270 844 2300 dicitur
859 2278 925 2300 esse
941 2278 1005 2299 me-

234 2332 342 2363 dietas.
359 2329 436 2370 Spes
450 2330 557 2360 autem
569 2329 600 2357 et
614 2326 708 2356 timor
722 2333 787 2355 non
802 2326 875 2355 sunt
887 2324 1004 2364 hujus-

234 2382 320 2414 modi
335 2381 528 2416 medietates,
544 2378 624 2408 sicut
633 2386 673 2408 ex
687 2375 938 2416 praecedentibus
952 2384 1008 2415 pa-

235 2437 289 2467 tet.
314 2435 420 2465 Posset
448 2433 543 2463 etiam
568 2429 749 2470 responderi
774 2437 831 2468 per
856 2428 1008 2458 interem-

236 2488 393 2528 ptionem,
410 2485 485 2526 quia
499 2485 594 2515 timor
607 2485 638 2514 et
647 2491 716 2522 spes
730 2490 795 2511 non
808 2483 882 2512 sunt
896 2480 1011 2512 medie-

237 2542 314 2572 tates
328 2539 566 2571 extremitatum
584 2535 781 2572 earumdem,
799 2534 851 2565 sed
866 2534 1008 2565 diversa-

238 2603 322 2624 rum.
338 2593 414 2632 Spes
429 2592 514 2622 enim
536 2589 677 2621 medium
698 2589 783 2619 tenet
805 2587 887 2617 inter
900 2587 1010 2626 despe-

239 2647 395 2677 rationem
428 2648 458 2675 et
493 2642 804 2686 praesumptionem3
832 2640 885 2671 sed
914 2641 1009 2671 timor

762 176 1072 210 SENTENTIARUM
1094 176 1167 208 LlB.
1191 177 1243 208 Ill.

1030 243 1112 274 inter
1135 244 1344 276 temeritatem
1356 269 1364 283 ,
1381 247 1411 276 et
1425 246 1641 285 timiditatem,
1658 247 1724 278 sive
1740 256 1799 287 pu-

1030 296 1277 327 sillanimitatem
1295 307 1302 328 :
1319 300 1349 329 et
1363 298 1406 329 sic
1422 308 1486 330 non
1504 302 1626 339 oportet
1650 300 1735 339 quod
1762 300 1803 329 ti-

1031 359 1100 379 mor
1116 352 1145 380 et
1157 360 1227 389 spes
1238 351 1427 382 conveniant
1447 352 1480 382 in
1495 353 1660 383 medietate
1676 353 1803 383 virtutis

1030 402 1152 432 unitate
1166 402 1350 434 affectionis.

1071 458 1100 485 t.
1124 455 1170 485 Ad
1196 455 1274 486 illud
1298 458 1382 496 quod
1406 457 1554 497 objicitur
1578 466 1633 496 per
1653 457 1754 487 simile
1772 457 1803 487 in

1032 507 1103 545 fide,
1130 508 1299 539 dicendum
1324 511 1409 549 quod
1428 519 1492 541 non
1505 512 1552 540 est
1566 510 1678 547 simile,
1696 519 1753 549 pro
1768 519 1804 540 eo

1032 560 1116 599 quod
1141 560 1212 591 licet
1235 562 1311 592 sides
1334 563 1372 592 sit
1398 563 1557 593 malorum
1581 565 1611 592 et
1634 562 1804 598 honorum,

1034 616 1141 644 tamen
1165 617 1211 645 est
1231 615 1290 645 sub
1316 616 1410 646 unica
1433 616 1566 652 ratione,
1590 615 1733 646 videlicet
1747 615 1806 644 sub

1034 668 1155 697 ratione
1188 668 1265 699 veri.
1302 668 1455 700 l’raeterea
1484 669 1561 699 tides
1595 670 1640 698 est
1680 667 1808 697 habitus

1034 723 1175 760 spectans
1191 721 1228 752 ad
1246 722 1471 761 cognitionem,
1495 722 1550 762 qui
1570 731 1634 752 non
1660 721 1809 751 diversifi-

1034 776 1124 805 catur
1146 777 1272 815 propter
1303 776 1501 815 objectorum
1531 775 1806 811 contrarietatem3

1035 837 1106 867 spes
1127 830 1235 859 autem
1264 831 1295 859 et
1320 829 1414 859 timor
1429 830 1504 859 sunt
1516 828 1645 859 habitus
1661 827 1807 865 affectivi,

1035 881 1090 920 qui
1118 890 1180 911 nou
1208 882 1380 921 respiciunt
1403 881 1524 912 bonum
1549 883 1580 911 et
1606 881 1725 912 malum
1751 881 1809 911 sub

1038 943 1103 964 una
1125 935 1246 965 ratione
1267 945 1272 965 :
1290 935 1343 965 sed
1366 943 1436 974 spes
1464 934 1591 974 respicit
1607 934 1666 963 sub
1690 934 1811 964 ratione

1037 988 1268 1026 convenientis,
1294 988 1389 1018 timor
1415 988 1474 1018 sub
1497 987 1619 1018 ratione
1648 986 1813 1017 disconve-

1040 1041 1155 1072 nientis
1173 1052 1179 1072 :
1206 1042 1273 1072 ideo
1295 1050 1359 1072 non
1380 1043 1427 1071 est
1450 1041 1551 1071 simile
1578 1041 1669 1077 hinc,
1684 1042 1714 1070 et
1728 1039 1810 1070 inde.

1040 1094 1072 1126 Si
1088 1097 1123 1125 tu
1138 1095 1277 1134 olijiciaS,
1295 1095 1379 1134 quod
1396 1094 1619 1134 principiatum
1634 1093 1725 1124 debet
1739 1093 1815 1123 assi-

1042 1148 1144 1178 milari
1171 1157 1228 1179 suo
1255 1149 1431 1188 principioss,
1447 1148 1618 1179 dicendum
1638 1147 1722 1187 quod
1736 1146 1815 1177 illud

1040 1202 1087 1231 est
1099 1210 1212 1232 verum
1226 1201 1258 1231 in
1273 1201 1477 1239 generatione
1488 1201 1631 1231 univoca.
1652 1199 1741 1236 Quod
1757 1208 1815 1230 au-

1043 1256 1106 1284 tem
1121 1255 1236 1284 dicitur
1250 1255 1325 1284 tides
1336 1263 1490 1293 generare
1506 1263 1594 1293 spem
1610 1255 1639 1283 et
1655 1253 1814 1288 timorem,

1043 1307 1102 1337 hot¹
1111 1317 1175 1338 non
1182 1309 1227 1338 est
1233 1307 1407 1337 secundnm
1417 1307 1688 1342 univocationem,
1699 1305 1751 1335 sed
1760 1305 1817 1335 1100

1044 1363 1090 1391 est
1100 1369 1154 1400 per
1164 1360 1336 1400 quamdam
1346 1360 1592 1399 dispositionem,
1603 1368 1659 1398 per
1667 1367 1764 1398 quam
1775 1358 1819 1387 di-

1046 1414 1159 1452 cimus,
1170 1413 1253 1453 quod
1263 1413 1389 1443 habitus
1397 1413 1580 1451 cognitivus
1591 1414 1722 1451 generat
1730 1411 1819 1442 affec-

1047 1469 1129 1504 tum,
1146 1466 1222 1506 quia
1237 1466 1275 1496 ad
1290 1466 1396 1505 ipsum
1412 1467 1569 1505 praeparat
1584 1468 1614 1495 et
1628 1464 1777 1504 disponit.

1089 1521 1118 1550 5.
1145 1519 1190 1549 Ad
1215 1518 1291 1549 illud
1313 1518 1398 1558 quod
1421 1519 1570 1558 objicitur
1594 1527 1648 1558 per
1662 1517 1764 1547 simile
1788 1517 1820 1546 in

1049 1572 1254 1604 conversione
1278 1574 1307 1602 et
1333 1572 1512 1610 aversione,
1543 1570 1712 1602 dicendum
1738 1570 1821 1609 quod

1051 1625 1174 1656 aversio
1205 1626 1236 1656 et
1260 1625 1424 1655 conversio
1447 1633 1513 1655 uno
1536 1624 1630 1654 modo
1656 1623 1824 1654 nominant

1051 1681 1151 1717 actus,
1177 1678 1239 1709 alio
1261 1678 1355 1708 modo
1383 1677 1550 1708 nominant
1575 1675 1826 1707 circumstantias

1053 1733 1137 1763 circa
1165 1733 1282 1762 actum.
1318 1730 1500 1762 Secundum
1535 1730 1617 1769 quod
1658 1729 1827 1760 nominant

1054 1788 1173 1824 actum,
1191 1785 1234 1816 sic
1249 1783 1450 1815 suntdiversi
1466 1785 1589 1813 motus:
1604 1783 1665 1813 alia
1681 1783 1767 1813 enim
1782 1784 1827 1812 est

1055 1839 1178 1870 affectio
1201 1839 1420 1877 contemptus,
1449 1846 1512 1876 qua
1542 1836 1648 1866 anima
1674 1836 1827 1866 avertitur

1055 1892 1095 1922 ab
1105 1900 1181 1928 uno,
1195 1892 1225 1921 et
1236 1890 1358 1920 affectio
1371 1889 1537 1929 appetitrm,
1554 1897 1618 1928 qua
1632 1888 1828 1919 convertitur

1056 1946 1094 1977 ad
1110 1946 1282 1984 reliquum.
1300 1942 1483 1974 Secundum
1501 1944 1608 1972 autem
1623 1941 1707 1980 quod
1723 1941 1827 1971 nomi-

1057 2000 1135 2030 nant
1157 1997 1429 2034 circumstantias,
1459 1996 1526 2026 sive
1554 1994 1720 2025 relationes
1747 1995 1830 2025 circa

1058 2054 1176 2090 actum,
1192 2051 1235 2081 sic
1247 2052 1378 2090 possunt
1393 2058 1458 2079 esse
1478 2049 1562 2079 circa
1574 2057 1677 2078 unum
1690 2050 1720 2078 et
1735 2057 1830 2078 eum-

1059 2106 1130 2137 dem
1155 2106 1261 2135 actum
1274 2127 1281 2138 ,
1298 2105 1328 2133 et
1349 2102 1431 2132 circa
1454 2102 1537 2132 idem
1561 2102 1741 2140 peccatum,
1758 2101 1832 2140 quia

1060 2168 1161 2190 unum
1185 2159 1215 2188 et
1240 2157 1323 2187 idem
1349 2157 1449 2195 potest
1467 2154 1563 2184 simul
1578 2156 1608 2184 et
1623 2153 1718 2184 semel
1735 2153 1772 2183 ad
1789 2153 1832 2183 di-

1061 2221 1153 2244 versa
1168 2210 1343 2250 comparari
1357 2233 1364 2246 ,
1382 2210 1411 2239 et
1427 2207 1558 2238 diversis
1574 2207 1780 2237 relationibus
1793 2206 1833 2237 ad

1061 2266 1119 2296 ista
1139 2263 1248 2295 referri
1266 2273 1273 2294 2
1290 2264 1321 2292 et
1337 2262 1379 2292 sic
1400 2270 1465 2291 11011
1487 2262 1534 2291 est
1556 2260 1658 2290 simile
1678 2259 1716 2290 de
1735 2259 1831 2290 affec-

1062 2319 1147 2350 tione
1169 2316 1292 2348 timoris
1306 2317 1337 2345 et
1353 2314 1435 2354 spei,
1453 2313 1528 2353 quia
1544 2322 1607 2344 non
1622 2313 1722 2352 potest
1737 2311 1834 2342 simul

1063 2374 1094 2404 et
1116 2370 1214 2402 semel
1236 2378 1302 2400 una
1325 2367 1465 2408 potentia
1478 2389 1486 2404 ,
1504 2375 1562 2396 nec
1577 2374 1642 2396 uno
1657 2367 1728 2395 actu
1752 2365 1834 2394 circa

1064 2426 1188 2457 diversa
1210 2425 1241 2454 et
1265 2421 1422 2453 contraria
1445 2420 1527 2450 affici
1551 2430 1557 2449 ι
1582 2419 1748 2458 propterea
1769 2427 1833 2449 non

1064 2479 1209 2519 sequitur
1221 2501 1228 2515 ,
1244 2475 1329 2516 quod
1344 2474 1371 2505 si
1387 2472 1508 2505 aversio
1528 2474 1558 2502 et
1574 2471 1738 2501 conversio
1762 2479 1835 2510 pos-

1065 2534 1139 2564 sunt
1159 2540 1225 2562 esse
1250 2529 1331 2559 circa
1353 2536 1451 2558 unam
1468 2525 1623 2555 actionem
1637 2526 1667 2554 et
1686 2524 1832 2562 formam,

1066 2585 1150 2626 quod
1178 2582 1321 2614 similiter
1343 2581 1437 2611 timor
1461 2580 1491 2608 et
1511 2587 1582 2617 spes
1608 2578 1745 2608 habeant
1768 2585 1835 2607 esse

1065 2639 1148 2670 circa
1161 2646 1258 2667 unam
1274 2638 1304 2665 ct
1319 2633 1461 2663 eamdem
1477 2630 1687 2664 affectionem,
