2017 2960
577 195 671 227 lilsl‘.
697 192 748 226 ill.
776 191 889 224 l'All'l'.
915 189 941 221 Ι.

150 272 236 302 mnt-
266 267 332 300 noc
345 268 454 297 autem
469 274 534 296 non
550 267 612 302 est,
630 263 691 294 nisi
707 262 783 303 quia
808 260 928 291 suimus

150 323 183 354 in
205 321 306 354 Adam
328 319 506 351 secundum
529 318 717 349 seminalem
741 316 897 347 rationein
918 326 924 345 ι

150 385 229 416 ergo
243 375 269 405 si
284 374 383 413 Virgo
405 374 465 404 snit
480 373 656 403 secundnm
672 370 858 402 seminalem
881 378 928 398 ra-

151 429 280 466 tionem,
305 428 434 459 videtur
455 426 540 468 qued
565 425 724 458 contraxit
748 422 928 463 originale,

148 482 230 515 sicut
241 484 272 514 et
285 481 349 512 alii.

189 536 267 568 item
291 535 541 575 Augustinus¹2
569 544 584 562 «
606 532 707 564 Nemo
734 532 886 562 liberatur
911 541 931 562 a

149 599 252 622 massa
274 590 392 630 peceati
416 589 477 619 nisi
499 589 532 618 in
554 587 616 618 side
645 585 885 624 lledemptoris:
910 595 925 612 ι)

148 653 228 684 ergo
243 653 354 675 omnes
372 645 529 684 quotquot
548 641 743 681 eripiuntur,
756 649 812 680 per
828 638 930 669 Chris-

148 701 219 729 tum
241 698 424 738 eripiuntur
447 707 454 727 z
479 696 532 726 sed
558 704 622 725 non
645 694 799 724 liberatur
819 692 891 732 quis
913 701 932 722 a

148 752 287 790 peccato,
310 748 396 789 quod
425 756 489 778 non
518 747 613 777 habet
635 757 641 776 :
667 755 746 785 crgo
784 745 930 777 videtur,

148 802 234 844 quod
250 810 361 833 omncs
376 801 429 832 alii
453 810 472 832 a
488 800 611 832 Christo
634 798 851 831 contraxerint
868 798 932 830 ori-

149 856 258 897 ginale
272 857 447 897 peccatum.

191 911 270 942 ltem
284 909 346 941 Leo
359 909 444 950 Papa
459 909 491 939 in
501 916 643 941 sermone
661 907 855 939 Natiuitatis
871 905 930 937 Do-

151 965 257 997 mini¹
273 974 284 995 .·
303 976 317 993 «
335 963 487 995 Dominus
514 965 639 1000 noster,
662 961 779 1002 peccati
805 959 934 991 mortis-

163 1026 227 1057 que
249 1016 437 1053 destruetor,
453 1016 535 1046 sicut
555 1014 683 1045 nullum
708 1024 726 1043 a
748 1015 838 1043 reatu
860 1011 936 1042 libe-

153 1079 229 1101 rum
243 1070 370 1110 reperit,
383 1070 425 1100 ita
441 1068 612 1099 liberandis
631 1066 781 1098 omnibns
801 1065 899 1096 venit.
917 1076 931 1093 »

155 1124 241 1164 Ergo
253 1134 311 1155 nec
322 1125 447 1154 beatam
461 1121 628 1160 Virginem
643 1120 764 1151 invenit
777 1119 913 1150 liberam
927 1129 933 1148 ;

154 1187 234 1218 ergo
248 1177 406 1217 originale
422 1178 586 1216 peccatum
602 1174 770 1205 contraxit.

195 1231 273 1264 Item
290 1231 349 1262 hoc
372 1230 478 1270 ipsum
501 1228 626 1259 videtur
650 1227 772 1258 ratione
791 1237 797 1256 ;
820 1225 897 1266 quia
911 1225 936 1255 si

153 1286 248 1318 beata
261 1284 361 1324 Virgo
375 1283 478 1315 caruit
491 1282 644 1321 originali
662 1282 789 1321 peceato
799 1304 808 1318 ,
835 1279 938 1310 caruit

155 1340 269 1371 merito
284 1339 416 1370 mortis:
435 1346 514 1377 ergo
535 1336 583 1368 vel
605 1335 762 1375 injustitia
785 1336 866 1366 sacta
891 1336 937 1365 est

155 1394 185 1425 ei
200 1403 275 1425 cum
289 1395 415 1424 mortua
431 1391 500 1430 suit,
519 1390 568 1423 vel
585 1389 798 1430 dispensative
818 1397 875 1428 pro
892 1397 938 1418 sa-

155 1447 222 1479 lute
245 1447 373 1487 generis
396 1445 533 1477 hnmani
560 1446 687 1475 mortua
709 1445 765 1474 est.
792 1442 939 1474 Primum

156 1502 230 1534 facit
243 1501 283 1533 ad
298 1500 526 1533 contumeliam
548 1499 622 1536 Dei,
643 1498 719 1538 quia
743 1498 768 1527 si
785 1497 861 1528 illud
884 1506 938 1527 ve-

157 1563 232 1585 rum
247 1555 305 1591 est,
326 1552 407 1584 Deus
424 1562 488 1583 non
504 1553 550 1582 est
561 1552 669 1590 justus
686 1549 878 1586 retribut0r3
895 1557 941 1579 se—

158 1607 300 1640 cundum
323 1606 363 1637 ad
389 1604 616 1637 contumeliam
647 1602 778 1640 Christi,
809 1602 886 1642 quia
915 1601 941 1632 si

159 1661 236 1692 illud
252 1670 367 1693 verum
387 1663 452 1698 est,
470 1659 613 1690 Christus
628 1667 693 1688 nou
709 1659 756 1688 est
776 1656 937 1688 sufficiens

159 1714 340 1755 redemptor
365 1724 373 1744 ι
395 1722 475 1753 ergo
499 1714 676 1752 utrumque
696 1710 811 1741 falsum
833 1712 894 1747 est,
911 1710 942 1740 et

159 1767 354 1809 impossibile
371 1778 378 1798 :
396 1768 493 1799 restat
512 1775 591 1806 ergo
601 1789 610 1805 ‚
635 1765 720 1806 quod
739 1763 852 1795 habuit
866 1772 941 1804 pec-

160 1825 268 1855 catum
280 1821 448 1862 originale.

201 1876 281 1908 Item
313 1876 424 1907 nullus
450 1874 586 1916 pertinet
618 1873 659 1905 ad
686 1871 942 1912 redemptionem

161 1930 294 1969 Christi,
323 1930 385 1961 nisi
414 1929 472 1970 qui
503 1929 599 1960 habet
631 1927 758 1968 culpam
783 1937 789 1956 :
813 1925 840 1956 si
865 1933 944 1964 ergo

161 1985 255 2017 beata
275 1983 376 2024 Virgo
397 1983 502 2015 caruit
519 1981 689 2022 originali,
709 1980 836 2012 videtur
857 1978 944 2019 quod

162 2039 203 2071 ad
215 2038 467 2079 redemptionem
481 2036 598 2069 Christi
614 2045 680 2067 non
695 2035 852 2075 pertineat
867 2044 873 2063 z
889 2032 943 2064 sed

163 2102 284 2134 magna
303 2094 351 2124 est
373 2091 479 2132 gloria
499 2090 624 2122 Christo
647 2090 686 2121 (le
711 2088 842 2125 sanetis,
864 2096 945 2128 quos

163 2147 300 2180 redemit
317 2157 324 2178 :
341 2155 420 2186 ergo
441 2145 466 2176 si
488 2154 553 2177 non
574 2143 709 2176 redemit
730 2144 857 2174 beatam
879 2140 947 2172 Vir·

166 2201 289 2241 ginem‚
304 2200 503 2232 nobilissima
516 2199 621 2239 gloria
635 2198 782 2238 privatur
802 2207 808 2227 :
825 2196 853 2227 si
867 2204 947 2235 ergo

165 2256 228 2287 hoc
248 2257 295 2287 est
315 2255 485 2296 profanum
511 2256 543 2285 et
559 2253 697 2294 impium
718 2252 840 2289 dicere,
863 2250 948 2282 vide-

166 2313 231 2348 tur,
246 2312 306 2342 etc.

209 2364 300 2402 item,
325 2363 351 2394 si
374 2363 467 2394 beata
489 2361 590 2402 Virgo
602 2363 767 2402 peccatum
789 2359 947 2399 originale

167 2427 234 2451 non
257 2417 382 2455 habuit,
405 2419 437 2448 et
457 2416 540 2447 nulli
565 2418 613 2447 est
636 2415 744 2446 clausa
765 2415 867 2454 janua
889 2412 950 2444 nisi

169 2472 283 2503 merito
299 2470 465 2511 originalis
481 2469 612 2510 peceati,
628 2469 756 2500 videtur
769 2478 848 2507 ergo
863 2466 950 2508 quod

169 2524 198 2557 si
211 2528 339 2557 mortua
353 2525 463 2556 fuisset
478 2527 551 2556 ante
565 2523 740 2561 Christum,
757 2523 865 2554 statim
879 2531 952 2553 evo-

170 2578 266 2611 lasset
288 2579 328 2612 ad
349 2579 467 2612 coelum
490 2590 497 2611 :
519 2588 598 2618 ergo
618 2587 685 2609 non
711 2577 839 2609 videtur
860 2575 947 2617 quod

205 2660 214 2678 ¹
225 2663 300 2692 Aug..
317 2661 348 2686 de
363 2663 476 2694 Com-eph
488 2663 511 2686 el
533 2662 656 2690 G1·a1.,e.
671 2666 716 2691 vn,
731 2667 758 2684 n.
774 2662 810 2685 ti.
821 2673 852 2678 —
863 2661 871 2676 ¹
886 2660 934 2684 Leo
945 2678 952 2690 ,

173 2699 202 2723 de
216 2699 302 2725 Noun.
320 2699 389 2725 Dom.
401 2700 560 2731 -⁸Coloss.‚
575 2705 599 2730 ι,
612 2701 652 2724 20.
663 2711 693 2717 -
704 2700 714 2716 ὁ
726 2699 797 2729 Sap„
809 2704 856 2729 vn,
867 2699 906 2723 2¹0.
917 2710 946 2716 —

966 188 1055 221 ΛΒΤ.
1080 188 1102 219 l.
1127 187 1276 226 QUAEsT.
1303 187 1339 218 ll.
1725 186 1763 214 63

980 258 1082 297 janua
1106 256 1256 287 omnibus
1277 256 1387 295 aperta
1407 253 1502 284 suerit
1518 262 1574 292 per
1589 252 1763 289 Cliristum;

985 314 1016 342 vt
1041 311 1083 341 ita
1107 311 1219 340 salsum
1242 309 1316 340 dicit
1341 307 1524 349 Apostolus,
1544 316 1618 337 cum
1644 307 1762 336 dicit³2

987 365 1111 396 Placuit
1123 365 1154 396 ci
1165 372 1221 404 per
1232 365 1336 403 ipsum
1347 362 1551 394 reconciliari·
1563 360 1684 398 οιηηιίι,
1695 367 1765 400 quw

987 420 1023 450 [ιι
1036 419 1135 457 εωιὶε,
1149 418 1217 450 sire
1229 426 1301 458 (μαι)
1318 418 1352 449 in
1367 417 1462 448 terrt's
1477 418 1563 447 sunt.

1244 550 1507 584 CONCLUSIO.

988 636 1064 670 Quod
1090 636 1213 670 qloriosoe
1239 636 1364 669 Viryinis
1386 635 1568 670 sanctificatio
1598 635 1684 668 suerit
1708 635 1770 668 post

967 701 980 707 ..
1020 683 1126 717 pcccati
1149 681 1295 715 origli'nali's
1319 682 1544 711 contractionem,
1571 680 1676 714 pietali
1703 678 1768 712 fidei

1022 728 1110 761 muyt's
1128 729 1271 761 consonat,
1297 728 1320 753 ct
1334 728 1488 753 sanctorum
1504 725 1655 752 auctoritas
1681 723 1769 756 maqis

1025 772 1177 799 concordat.

1031 853 1122 895 llesp.
1136 854 1175 885 ad
1192 862 1263 893 arg.
1279 852 1326 884 Ad
1346 852 1571 893 praedictorum
1591 849 1772 888 intelligen-
1789 863 1856 890 epm.
1871 869 1884 883 ,,

970 909 1066 940 „tiam
1082 911 1128 939 est
1143 907 1333 944 notandum,
1351 906 1437 947 quod
1453 905 1584 946 quidam
1601 904 1704 935 dicere
1718 912 1773 934 vo-

990 963 1062 993 lunt
1089 963 1122 993 in
1149 962 1258 993 anima
1286 961 1435 1001 gloriosae
1463 959 1605 999 Virginis
1633 958 1771 998 gratiam

991 1016 1247 1048 sanctificationis
1262 1014 1455 1055 praevenisse
1472 1012 1630 1043 maculam
1654 1011 1772 1052 peccati

992 1070 1168 1111 originalis.
1180 1069 1347 1100 Rationem
1363 1070 1470 1099 antem
1484 1068 1584 1105 hujus
1595 1066 1771 1104 assignant,

992 1125 1068 1165 quia
1102 1125 1233 1155 decebat
1271 1123 1413 1153 animam
1452 1121 1601 1160 gloriosae
1633 1119 1776 1158 Virginis

993 1177 1182 1209 sanctificari
1217 1175 1480 1208 excellentissime
1514 1182 1612 1214 super
1651 1173 1774 1204 animas

993 1232 1132 1263 aliorum
1161 1231 1374 1268 Sanctorum,
1399 1238 1463 1259 non
1487 1228 1592 1259 solum
1616 1230 1776 1268 quantum

994 1286 1032 1317 ad
1050 1285 1279 1317 abundantiam
1294 1283 1477 1321 sanctitatis,
1494 1282 1549 1313 sed
1564 1281 1660 1312 etiam
1676 1290 1778 1322 quan-

996 1342 1065 1371 tum
1089 1340 1128 1371 ad
1151 1338 1413 1370 accelerationem
1442 1336 1597 1376 temporis
1621 1346 1626 1366 :
1650 1335 1721 1367 ideo
1743 1335 1776 1366 in

996 1394 1127 1426 instanti
1151 1402 1218 1424 suae
1241 1391 1409 1423 creationis
1432 1390 1493 1421 fuit
1514 1390 1574 1420 sibi
1596 1390 1701 1429 gratia
1723 1389 1776 1420 in-

995 1449 1076 1487 fusa,
1094 1451 1125 1479 et
1139 1448 1172 1479 in
1195 1446 1307 1478 eodem
1328 1444 1459 1476 instanti
1481 1444 1591 1475 anima
1611 1444 1717 1474 infusa
1732 1445 1778 1474 est

997 1503 1096 1534 carni.
1115 1502 1153 1533 Et
1168 1500 1260 1542 quia⁸
1275 1501 1419 1532 omnium
1440 1498 1607 1531 mobilium
1630 1497 1777 1530 mobilior

997 1560 1045 1589 est
1067 1557 1249 1596 sapientia,
1266 1557 1296 1585 et
1312 1557 1322 1573 ¹⁵
1341 1565 1355 1583 «
1378 1553 1478 1585 nescit
1498 1552 1588 1584 tarda
1613 1551 1780 1583 molimina

999 1609 1137 1650 Spiritus
1151 1609 1251 1639 sancti
1271 1608 1393 1648 gratia,
1410 1618 1424 1636 >³
1445 1609 1476 1638 et
1499 1606 1602 1638 multo
1619 1606 1780 1646 potentior

998 1667 1046 1696 est
1060 1664 1181 1704 gratia,
1198 1672 1296 1703 qnam
1312 1664 1428 1693 natura
1442 1672 1449 1699 3
1467 1660 1542 1691 hinc
1558 1663 1604 1691 est
1628 1659 1714 1700 quod
1738 1659 1780 1690 et*-

998 1719 1098 1750 sectus
1113 1717 1226 1757 gratiae
1242 1715 1418 1747 sanctitatis
1438 1714 1544 1755 magis
1561 1713 1731 1755 praevaluit
1746 1713 1780 1744 in

999 1781 1146 1809 carnem,
1178 1779 1277 1811 quam
1306 1769 1438 1801 effectus
1466 1769 1617 1800 foeditatis
1646 1768 1679 1798 in
1709 1768 1782 1799 ani—

999 1835 1088 1857 mam
1106 1833 1114 1855 :
1131 1827 1162 1856 et
1183 1824 1254 1855 ideo
1278 1823 1405 1864 culpam
1425 1832 1490 1854 non
1513 1822 1681 1854 contraxit.
1708 1821 1783 1853 Haec

1000 1883 1109 1911 autem
1135 1878 1250 1920 positio
1276 1878 1405 1909 videtur
1431 1886 1521 1918 posse
1542 1876 1648 1907 fulciri
1674 1876 1785 1907 multi-

1000 1931 1074 1973 plici
1090 1930 1321 1971 congruentia:
1339 1932 1410 1961 tum
1427 1931 1556 1970 propter
1571 1928 1686 1960 Christi
1701 1937 1785 1969 prae-

1000 1987 1134 2026 eipuum
1157 1985 1326 2021 honorem,
1350 1992 1447 2024 quem
1469 1982 1599 2014 decebat
1621 1982 1660 2013 de
1681 1984 1784 2013 matre

1003 2039 1177 2081 purissima
1197 2038 1278 2075 fieri3
1300 2040 1372 2069 tum
1394 2039 1525 2078 propter
1542 2035 1686 2076 Virginis
1707 2045 1787 2077 prae-

1002 2094 1184 2134 rogativam
1201 2091 1414 2132 singularem,
1425 2100 1498 2131 quae
1511 2090 1620 2122 debuit
1636 2090 1669 2121 in
1684 2090 1788 2130 digni-

1002 2148 1066 2177 tate
1081 2143 1342 2176 sanctificationis
1357 2145 1487 2174 caeteros
1502 2142 1635 2174 Sanctos
1649 2145 1680 2173 et
1692 2141 1786 2173 Sanc-

1001 2203 1052 2232 tas
1083 2199 1221 2240 praeire3
1258 2201 1329 2229 tum
1364 2197 1460 2228 etiam
1494 2198 1625 2237 propter
1665 2195 1786 2227 ordinis

1004 2254 1148 2285 decorem
1172 2264 1178 2284 :
1198 2255 1234 2285 ut
1248 2253 1330 2283 sieut
1344 2252 1404 2283 fuit
1424 2260 1559 2292 persona
1574 2250 1731 2282 immunis
1745 2249 1786 2281 ab

1004 2308 1165 2348 originali,
1183 2307 1262 2339 etin
1278 2315 1388 2344 carne,
1406 2308 1437 2337 et
1458 2305 1492 2336 in
1512 2305 1632 2343 anima,
1658 2304 1726 2335 sive
1751 2303 1785 2335 in

1005 2371 1102 2394 causa
1117 2364 1148 2394 et
1162 2362 1196 2392 in
1207 2361 1334 2399 effectu,
1345 2363 1376 2392 et
1391 2368 1527 2401 persona
1546 2361 1682 2399 utroque
1692 2357 1787 2389 modo

1006 2417 1127 2448 habens
1141 2414 1316 2456 originale,
1333 2414 1377 2445 sic
1399 2416 1479 2445 esset
1502 2422 1636 2454 persona
1661 2411 1786 2451 media,

1006 2480 1079 2511 quae
1105 2470 1245 2511 quodam
1277 2469 1372 2500 modo
1400 2468 1555 2505 haberet,
1585 2469 1616 2497 et
1647 2465 1788 2507 quodam

1007 2525 1102 2556 modo
1117 2533 1181 2555 non
1196 2524 1329 2555 haberet
1345 2532 1352 2554 :
1371 2524 1402 2553 et
1416 2522 1475 2552 ista
1496 2524 1542 2552 est
1565 2521 1656 2551 beata
1670 2519 1781 2560 Virgo,

1006 2587 1080 2619 quae
1094 2578 1265 2610 mediatrix
1279 2578 1327 2609 est
1340 2577 1422 2608 inter
1434 2585 1492 2607 nos
1506 2577 1537 2606 et
1553 2574 1726 2612 Christum,
1750 2573 1791 2605 si-

1011 2663 1019 2677 Ι
1030 2661 1129 2692 Ambra,
1139 2662 1163 2684 in
1175 2659 1284 2690 Luc‚lib.
1296 2660 1326 2689 ll,
1338 2666 1362 2682 n.
1377 2658 1469 2683 to.—⁶
1480 2657 1569 2689 Exul„
1581 2663 1636 2687 xxi,
1653 2658 1678 2681 10
1689 2664 1696 2687 ;
1709 2661 1788 2686 xxxv,

1013 2697 1154 2728 tzyflebr„
1171 2701 1208 2727 nt,
1225 2697 1247 2720 ¹».
