2017 2960
218 178 274 205 300

217 241 342 272 miseria
366 241 541 271 secuudum
563 240 706 270 eamdem
731 239 847 269 animae
870 237 985 277 portio-

217 304 288 325 nem
305 304 312 325 ε
327 294 380 325 sed
404 293 562 325 beatitudo
588 295 654 323 erat
677 292 709 322 iu
735 291 857 322 Christo
876 300 986 322 secun-

216 348 293 378 dum
318 347 493 387 portionem
515 345 631 376 anima}
654 345 850 384 superiorem
875 356 881 375 :
906 353 984 384 ergo

216 401 408 440 impossibile.
442 400 501 430 fuit
535 399 710 429 secuudum
744 399 829 429 illam
865 400 984 438 partem

215 454 316 484 inesse
332 453 453 483 ‹thrism
468 453 606 491 aliquem
619 452 770 483 dolorem.

256 509 284 537 5.
311 507 385 537 lteui
408 506 545 545 potentia
567 505 619 535 illa
640 505 774 545 simplex
796 507 886 536 erat:
907 513 984 543 ergo

215 560 252 590 ad
270 560 350 598 quod
369 568 400 589 se
415 559 633 597 convertebat,
650 559 824 589 secundum
840 558 984 589 eamdem

217 615 336 651 partem
353 612 488 643 totaliter
504 611 672 642 ferebatur.
691 611 722 641 Si
738 620 815 650 ergo
828 612 984 651 quantum

214 666 250 695 ad
274 666 470 705 superiorem
490 667 611 704 partem
626 665 758 695 rationis
779 673 904 704 semper
919 666 985 696 crat

215 728 388 749 conversus
403 719 441 749 ad
458 719 577 757 Deum,
595 729 613 749 a
632 728 694 758 quo
719 718 885 748 hauriebat
899 727 985 756 gau-

214 772 314 810 dium,
332 772 456 802 videtur
473 772 557 811 quod
571 772 747 802 secundum
762 771 848 802 illam
864 771 985 811 portio-

214 834 289 855 nem
306 825 428 855 nullum
445 825 597 855 semiobat
613 824 801 856 cruciatum.

253 881 283 908 o.
303 878 395 915 lieni}
409 878 552 917 superior
567 878 808 918 portiorationis
820 877 986 916 distingui-

213 933 267 960 tur
282 930 320 960 ab
336 931 476 961 inferiori
494 930 528 960 in
543 930 618 968 hoc,
637 931 722 970 quod
737 931 804 971 ipsa
824 931 934 970 aspicit
947 931 985 961 ad

212 984 378 1022 superiora
390 1008 397 1022 ,
421 984 489 1014 baec
510 984 549 1014 ad
567 984 716 1015 iuferiora
734 995 739 1015 ι
758 984 783 1014 si
799 993 877 1024 ergo
892 984 985 1014 Chri-

214 1039 280 1067 stus
292 1037 413 1066 nullam
427 1037 592 1067 materiam
607 1037 722 1068 doloris
735 1037 845 1068 habuit
860 1047 878 1068 a
893 1046 986 1077 supe-

211 1090 299 1127 riori,
317 1091 370 1120 sed
386 1091 489 1121 solum
506 1091 544 1120 ab
563 1091 684 1129 infimo,
704 1091 830 1122 videtur
840 1092 924 1132 quod
936 1101 986 1122 su-

212 1144 316 1183 perior
338 1145 441 1183 portio
458 1145 589 1176 rahonis
603 1144 693 1175 nullo
708 1145 802 1176 modo
825 1147 986 1186 pateretur

212 1197 244 1226 in
260 1196 337 1236 ipso

479 1277 703 1310 CONCLUSIO.

213 1351 332 1378 aj‘hristns
350 1358 445 1385 possus
459 1353 495 1377 est
511 1352 591 1377 etium
607 1351 748 1378 semmulum
769 1354 917 1386 portionem
940 1361 985 1379 su-

247 1396 377 1430 periorem
395 1397 522 1427 rationis,
539 1397 567 1421 z'n
579 1399 709 1430 quantum
723 1398 812 1430 portio
826 1397 877 1423 illa
894 1399 923 1423 ut
938 1405 986 1424 na-

250 1442 309 1465 tura
329 1439 520 1466 consideratur.

254 1518 344 1558 Resp.
362 1519 400 1549 ad
416 1528 486 1559 arg.
511 1519 684 1551 Dicendum
705 1521 789 1561 quod
810 1521 986 1553 secundum

215 1581 418 1603 wmmunein
434 1574 621 1604 sententiam
632 1574 873 1613 magistrorum,
885 1575 987 1615 passio

216 1626 330 1656 tlhristi
344 1635 407 1657 non
419 1627 522 1658 solum
543 1628 626 1658 stetit
641 1628 674 1658 in
691 1628 892 1659 sensualitate
905 1653 913 1667 ,
929 1638 987 1660 nec

217 1681 340 1710 tantum
369 1681 513 1719 pervenit
539 1681 578 1711 ad
603 1681 758 1712 rationem
782 1681 985 1720 inferiorem,

213 1733 266 1762 sed
282 1734 421 1764 extendit
439 1743 472 1764 se
485 1743 587 1774 nsque
602 1735 640 1765 ad
655 1735 853 1774 superiorem
867 1735 987 1775 portio-

213 1791 298 1811 nem.
321 1782 408 1813 Sicut
431 1783 517 1813 enim
539 1784 645 1813 anima
666 1785 773 1814 nostra
791 1793 832 1814 ex
851 1785 987 1823 conjun-

212 1834 313 1865 eiioue
333 1835 383 1865 sui
402 1836 442 1866 ad
463 1845 578 1875 corpus
597 1836 750 1867 infectum
764 1838 829 1867 tota
842 1846 987 1868 corrum-

214 1887 314 1925 pitur,
341 1890 371 1918 et
397 1890 462 1919 tota
486 1889 628 1920 inficitur
657 1890 833 1920 secundum
856 1899 985 1922 omnem

213 1940 261 1968 sui
288 1940 374 1977 vim,
392 1946 421 1971 ct
436 1942 611 1972 secundum
630 1951 759 1973 omnem
775 1945 909 1981 partem,
925 1944 984 1973 sei-

213 1993 284 2022 licet
301 1995 365 2023 tam
382 1995 575 2033 superiorein
586 2020 593 2032 ,
609 2005 707 2035 quam
723 1996 924 2034 inferiorem3
942 1996 986 2027 sic

214 2046 320 2076 anima
340 2047 451 2077 Christi
462 2071 471 2086 ‚
488 2058 527 2078 ex
543 2049 766 2088 conjunctione
789 2049 839 2080 sui
858 2050 897 2081 ad
912 2059 986 2080 cor-

217 2109 274 2137 pus
298 2100 420 2138 patiens
444 2103 474 2131 et
493 2102 667 2140 afflictum,
685 2104 749 2133 tota
763 2103 941 2142 patiebatur
955 2105 986 2134 et

217 2154 429 2192 affligebatur,
443 2158 478 2185 ut
491 2165 546 2195 per
561 2156 646 2186 illam
661 2157 851 2196 passionem,
862 2160 892 2188 et
903 2158 987 2189 dolo-

217 2216 283 2238 rem
298 2207 405 2246 illum,
420 2211 484 2239 tota
498 2210 654 2249 peccatrix
677 2211 783 2242 anima
798 2214 983 2244 curaretur:

217 2262 245 2290 et
267 2260 312 2290 sic
329 2261 418 2291 dolor
433 2264 462 2292 et
479 2263 580 2301 passio
594 2263 655 2293 fuit
673 2264 794 2295 Christo
808 2265 985 2296 secundum

217 2321 399 2352 supremam
422 2315 554 2346 rationis
577 2319 715 2355 partem,
732 2318 881 2357 quamvis
895 2319 928 2349 in
948 2328 986 2350 ea.

216 2366 310 2397 fuerit
333 2367 488 2406 gaudium
511 2369 679 2401 fruitionis.
696 2370 781 2402 Licet
796 2373 903 2402 autem
925 2372 984 2404 hoc

217 2422 359 2451 teneatur
374 2423 526 2461 tanquam
540 2431 665 2460 verum,
683 2423 807 2455 difficile
821 2427 927 2456 tamen
939 2429 985 2457 est

214 2472 252 2502 ad
268 2473 522 2513 intelligendum,
541 2475 676 2515 qualiter
695 2477 728 2507 in
746 2478 852 2508 anima
870 2478 983 2510 Christi

214 2526 390 2557 secundum
406 2528 549 2559 eamdem
566 2530 750 2568 potentiam,
765 2533 795 2561 et
807 2533 983 2564 secundum

214 2577 361 2608 eumdem
380 2581 497 2610 statum
523 2581 696 2620 potentiae.
723 2582 817 2612 fuerit
842 2583 930 2614 dolor
954 2586 983 2614 rt

248 2638 252 2645 ⁸
265 2639 293 2662 (ἐς
303 2640 395 2664 usenfit
408 2642 432 2665 S.
449 2641 568 2673 Thomas,
584 2643 770 2668 considerando
785 2646 928 2674 portionem
943 2653 982 2670 su-

769 169 1078 203 SENTENTIARUM
1100 170 1171 202 ΗΒ.
1198 171 1248 202 111.

1038 236 1194 275 gaudium
1207 262 1215 276 ,
1233 247 1290 270 nec
1306 239 1394 271 dolor
1408 243 1635 282 superveniens
1656 244 1806 276 disconti-

1038 291 1186 321 nuaverit
1204 291 1379 330 gaudium,
1402 293 1467 325 imo
1490 295 1584 327 fuerit
1610 296 1725 336 simu13
1749 307 1807 329 nec

1038 343 1166 382 iterum,
1183 345 1267 384 quod
1284 347 1386 385 majus
1394 348 1451 385 est,
1464 348 1552 379 dolor
1562 349 1704 381 intensus
1714 351 1806 382 valde

1038 398 1152 428 fecerat
1175 398 1330 437 gaudium
1352 409 1418 430 esse
1433 400 1540 432 minus
1555 403 1740 442 perfectum.
1757 404 1804 435 Ad
1820 405 1886 432 Supp-
1908 407 1926 425 ¹·

1038 450 1108 481 haec
1122 453 1229 482 autem
1244 452 1450 492 intelligenda
1469 453 1530 484 tria
1545 457 1668 494 oportet
1688 466 1805 497 suppo-

1038 513 1124 542 nere,
1147 514 1220 545 quae
1234 507 1309 536 sunt
1326 515 1401 537 vera
1416 508 1445 537 et
1462 507 1646 547 probabilia,
1663 510 1805 542 videlicet

1039 558 1122 597 quod
1137 559 1293 597 gaudium
1310 560 1480 599 fruitionis,
1493 563 1523 591 et
1537 561 1626 592 dolor
1641 563 1805 602 passionis,

1038 620 1102 641 non
1128 614 1201 642 sunt
1228 613 1408 643 affectiones
1437 614 1613 653 eontrariae,
1643 616 1719 655 quia
1743 625 1808 647 non

1039 667 1113 695 sunt
1135 667 1279 705 respectu
1301 666 1461 705 ejusdem,
1476 676 1533 698 nec
1547 668 1678 698 omnino
1698 669 1808 700 eodem

1039 718 1133 748 modo
1149 718 1256 749 insunt
1270 719 1372 750 eidem
1386 729 1393 758 3
1412 720 1465 750 sed
1483 730 1586 751 unum
1601 721 1681 752 inest
1694 731 1749 762 per
1764 731 1808 760 se,

1039 771 1174 801 alterum
1195 781 1252 812 per
1276 772 1437 804 accidens:
1457 773 1531 813 quia
1552 774 1708 813 gaudium
1730 775 1811 805 inest

1038 826 1167 864 propter
1203 826 1461 865 conjunctionem
1498 827 1671 865 gratuitam
1709 828 1808 868 ipsius

1039 886 1112 908 cum
1137 878 1270 915 deitate,
1297 878 1350 909 sed
1375 879 1464 909 dolor
1488 882 1616 919 propter
1631 880 1809 912 naturalem

1039 932 1297 971 conjunctionem
1320 932 1420 972 ipsius
1443 941 1518 963 cum
1541 942 1635 963 carne
1657 944 1663 962 ε
1682 935 1712 963 et
1735 933 1810 973 quia

1039 993 1103 1015 non
1129 987 1203 1015 sunt
1225 985 1406 1016 affectiones
1434 985 1611 1024 contrariae‚
1628 988 1760 1025 possunt
1777 986 1810 1016 in

1039 1038 1147 1068 anima
1169 1047 1235 1069 esse
1257 1039 1432 1069 secundum
1446 1039 1590 1070 eamdem
1604 1041 1737 1079 partem.
1755 1038 1811 1070 Se-

1039 1091 1143 1121 cunda
1159 1092 1332 1131 suppositio
1349 1094 1405 1130 est,
1422 1092 1507 1132 quod
1521 1101 1587 1122 non
1606 1093 1730 1122 tantun]
1745 1092 1810 1123 hu-

1036 1145 1176 1183 Jusmodi
1191 1145 1279 1175 dolor
1294 1147 1323 1176 et
1335 1145 1491 1184 gaudium
1514 1154 1579 1176 non
1594 1148 1669 1176 sunt
1685 1147 1811 1176 contra-

1039 1197 1097 1234 ria,
1120 1198 1173 1228 sed
1190 1207 1293 1228 unum
1318 1200 1363 1228 est
1387 1198 1548 1230 materiale
1569 1200 1713 1238 respectu
1734 1198 1812 1229 alte·

1039 1250 1125 1289 rius3
1142 1252 1173 1282 et
1189 1251 1259 1282 ideo
1279 1251 1375 1282 simul
1393 1251 1495 1284 eidem
1511 1253 1613 1282 inesse
1626 1252 1809 1292 potuerunt,

1040 1303 1120 1334 sicut
1140 1304 1173 1335 in
1189 1313 1266 1335 vero
1288 1305 1458 1344 poenitente
1477 1305 1641 1343 videmus,
1663 1304 1748 1344 quod
1767 1305 1811 1334 si-

1040 1357 1109 1387 mul
1124 1357 1218 1395 dolet,
1234 1360 1264 1389 et
1278 1358 1316 1389 de
1331 1358 1436 1389 dolore
1449 1359 1567 1398 gaudet
1584 1369 1591 1389 :
1608 1358 1651 1389 sic
1663 1360 1693 1388 et
1703 1358 1811 1389 anima

1041 1410 1154 1440 Christi
1177 1411 1352 1442 secundum
1374 1413 1524 1442 naturam
1540 1411 1663 1452 corpori
1682 1411 1813 1451 patienti

1041 1461 1309 1501 compatiebatur;
1330 1464 1438 1494 tamen
1470 1462 1507 1492 de
1531 1462 1585 1493 illa
1613 1462 1758 1503 passione
1782 1464 1813 1493 et

1042 1514 1258 1555 compassione
1293 1515 1471 1547 laelabatur.
1507 1515 1612 1546 Tertia
1640 1516 1812 1556 suppositio

1042 1569 1099 1606 est,
1116 1568 1201 1608 quod
1216 1568 1357 1600 Christus
1375 1568 1551 1600 simularat
1569 1569 1672 1600 viator
1687 1571 1717 1600 et
1731 1577 1814 1600 com-

1042 1621 1233 1661 prehensor,
1255 1622 1300 1653 ita
1320 1622 1404 1662 quod
1428 1621 1560 1653 viatoris
1585 1622 1724 1661 cognitio
1748 1631 1814 1653 non

1042 1674 1231 1714 impediebat
1268 1675 1542 1714 comprehensoris
1575 1674 1788 1714 cognitionem
1803 1698 1811 1713 ,

1041 1737 1101 1758 nec
1127 1728 1250 1759 affectio
1275 1728 1475 1759 affectionem
1503 1739 1510 1758 :
1531 1730 1562 1759 et
1582 1728 1660 1758 illud
1688 1728 1750 1758 fuit
1779 1728 1812 1758 in

1043 1781 1164 1812 Christo
1187 1781 1351 1820 singulare
1374 1783 1504 1821 propter
1531 1781 1672 1812 officium
1689 1781 1811 1812 media-

1041 1833 1136 1871 toris,
1160 1843 1224 1873 quo
1252 1834 1384 1865 debebat
1408 1833 1546 1874 experiri
1573 1835 1604 1864 et
1629 1834 1740 1865 divina
1754 1857 1764 1873 ,
1783 1837 1813 1865 et

1042 1887 1194 1919 humana.
1218 1887 1306 1919 Unde
1331 1889 1413 1919 sicut
1442 1887 1538 1918 simul
1567 1890 1598 1918 et
1625 1888 1723 1919 semel
1756 1898 1811 1928 po-

1042 1943 1121 1972 terat
1146 1942 1281 1981 perfecte
1304 1942 1446 1972 converti
1476 1941 1515 1972 ad
1538 1941 1656 1979 Deum,
1685 1943 1716 1972 et
1737 1950 1814 1972 con-

1042 1996 1121 2026 verti
1137 1998 1175 2026 ad
1197 2005 1272 2033 nos,
1293 1997 1336 2027 ita
1351 1996 1436 2036 quod
1456 2005 1520 2026 una
1533 1996 1661 2026 illarum
1676 2004 1812 2027 conver—

1041 2049 1169 2080 sionum
1193 2050 1323 2080 alteram
1350 2059 1414 2080 non
1446 2049 1644 2090 impediebat,
1673 2058 1732 2080 nee
1760 2058 1810 2080 re-

1041 2102 1210 2141 tardabat;
1239 2103 1283 2134 sic
1318 2103 1421 2143 potuit
1452 2103 1630 2134 secundum
1667 2103 1811 2134 eamdem

1041 2159 1163 2197 partem
1179 2157 1298 2188 animae
1323 2157 1419 2188 simul
1442 2159 1472 2189 et
1494 2157 1591 2188 semel
1613 2158 1753 2197 gaudere
1778 2158 1810 2188 in

1042 2210 1118 2248 Deo,
1135 2212 1167 2241 et
1184 2210 1321 2250 compati
1342 2210 1465 2250 corpori
1484 2219 1542 2241 suo
1560 2221 1567 2242 :
1583 2210 1627 2241 ita
1649 2210 1731 2250 quod
1752 2219 1810 2241 nec

1040 2264 1128 2295 dolor
1143 2273 1162 2294 a
1176 2263 1293 2302 gaudio
1302 2288 1311 2302 ,
1328 2273 1385 2295 nee
1397 2264 1554 2304 gaudium
1567 2272 1587 2295 a
1602 2263 1707 2294 dolore
1720 2265 1808 2303 pate-

1040 2319 1128 2348 retur
1142 2318 1281 2357 aliquam
1298 2317 1554 2353 diminutionem,
1571 2316 1638 2346 sive
1654 2315 1810 2347 remissio-

1040 2378 1114 2400 nem
1129 2370 1148 2401 ¹.
1168 2370 1410 2401 Concedendum
1434 2371 1481 2400 est
1494 2377 1572 2408 ergo
1588 2367 1747 2399 Christum
1759 2377 1807 2400 se-

1040 2423 1180 2454 cundum
1200 2423 1396 2462 superiorem
1411 2421 1589 2462 portionem
1605 2420 1736 2452 rationis
1753 2421 1810 2453 do-

1040 2476 1136 2506 luisse
1151 2476 1184 2506 iu
1199 2476 1362 2515 passione,
1379 2475 1412 2505 in
1432 2475 1588 2514 quantum
1605 2475 1713 2505 tamen
1729 2474 1810 2506 ratio

1039 2529 1092 2560 illa
1104 2528 1320 2560 consideratur
1334 2537 1389 2568 per
1398 2527 1529 2558 modum
1543 2529 1678 2558 naturae.
1690 2526 1809 2558 Eteon-

1039 2610 1166 2640 periorem
1179 2611 1206 2633 ut
1219 2611 1322 2639 natura,
1334 2616 1359 2640 p.
1376 2609 1419 2638 111,
1433 2615 1458 2639 q.
1470 2613 1542 2638 xmn,
1556 2609 1602 2632 art.
1618 2608 1642 2631 Ἰ.
1659 2608 1714 2636 Quo
1729 2607 1808 2631 modo

1040 2645 1115 2669 etiam
1126 2645 1233 2669 sustinet
1246 2645 1270 2670 S.
1289 2645 1396 2674 Bonav..
1407 2646 1434 2668 ut
1448 2645 1517 2676 patet
1528 2643 1570 2668 hic
1582 2643 1614 2667 ad
1628 2642 1806 2675 penultimum.

1825 1052 1884 1078 Supp
1909 1053 1929 1071 2.

1827 1525 1894 1552 Supp.
1913 1526 1934 1546 ³-
