2017 2960
630 176 727 206 DIST.
751 175 856 206 XXIX.
879 175 970 205 ΛΒΤ.
995 175 1017 205 I.
1042 175 1191 212 QUAEST.
1217 178 1266 208 IV.

148 243 235 274 dinat
253 244 292 274 ad
315 243 500 283 proximum
523 252 620 282 quam
643 242 680 273 ad
697 242 837 282 seipsum
849 266 857 279 ,
875 242 921 272 di-

149 297 286 327 cendum
307 296 391 336 quod
412 296 463 325 hic
478 305 543 326 non
560 295 674 326 dicitnr
688 295 772 334 qnod
788 295 924 325 charitas

151 360 207 390 per
224 350 312 390 prius
326 350 474 389 respiciat
489 350 632 381 ordinem
648 349 788 379 hominis
801 350 839 379 ad
856 358 925 388 pro-

150 403 293 439 ximum,
317 413 415 442 quam
441 403 478 433 ad
503 403 659 442 seipsum,
684 403 737 433 sed
762 403 838 442 quia
862 411 924 432 non

150 458 266 488 sufficit
287 459 371 498 quod
394 459 508 498 aliquis
529 467 620 488 amor
644 458 685 488 sit
706 458 841 488 charitas
855 482 862 496 ,
891 459 926 488 ut

150 512 246 542 homo
261 514 346 542 amet
369 511 508 551 seipsum
526 522 532 541 z
551 511 622 541 licet
643 511 730 541 enim
745 520 835 542 amor
849 511 926 541 cha-

151 564 252 594 rltatis
266 573 285 594 a
305 564 407 604 seipso
422 564 571 604 incipiat,
589 564 680 595 debet
701 566 806 594 tamen
829 564 862 593 in
877 563 925 594 al-

151 619 256 648 terum
273 618 430 657 protendi.

191 672 220 700 4.
238 670 286 701 Ad
301 670 378 701 illud
401 671 486 710 quod
502 671 652 710 objicitur
665 694 672 708 ‚
689 671 775 710 quod
791 670 926 701 charitas

150 726 197 754 est
212 733 303 754 amor
321 724 476 762 liberalis,
494 724 663 754 dicendum
679 724 763 763 quod
778 723 926 763 quamvis

151 776 320 807 liberalitas
334 778 491 816 quantum
514 777 552 806 ad
570 786 661 806 snam
682 777 926 816 completionem

151 829 297 869 respicIat
313 829 466 866 alterum,
483 831 589 859 tamen
603 832 761 868 quantum
776 829 815 860 ad
830 839 924 859 sunm

150 883 279 912 initium
299 882 388 922 prius
410 882 537 922 respicit
557 883 661 922 ipsum
684 883 739 922 qui
754 883 927 913 liberalita-

151 938 215 966 tem
230 936 401 975 impendit,
420 936 500 966 sicnt
513 938 544 966 et
557 936 790 975 misericordia,
810 937 847 967 de
863 946 927 976 qua

150 989 271 1020 dictum
296 991 343 1019 est
362 989 447 1029 quod
470 989 573 1029 primo
593 989 684 1020 debet
699 989 796 1020 homo
811 990 861 1020 sui
876 990 927 1029 ip-

150 1042 216 1073 sius
231 1042 385 1073 misereri.

192 1096 220 1124 5.
247 1094 295 1124 Ad
319 1094 396 1124 illud
421 1093 505 1133 quod
530 1094 701 1133 objicitur,
728 1095 813 1133 quod
837 1104 928 1125 amor

150 1147 312 1178 charitatis
327 1147 554 1187 superveniens
571 1146 651 1178 tollit
669 1148 859 1178 curvitatem
874 1158 928 1179 na-

150 1202 248 1237 turae,
265 1200 433 1231 dicendum
449 1199 534 1240 quod
549 1200 696 1239 quaedam
717 1202 764 1230 est
787 1200 928 1231 curvitas

150 1255 275 1283 natnrae
301 1261 374 1292 quae
395 1254 486 1282 sonat
506 1252 540 1282 in
560 1252 677 1283 vitium
695 1254 726 1282 et
745 1254 927 1293 corruptio-

149 1316 241 1344 nem,
259 1307 407 1347 quaedam
432 1315 505 1346 quae
529 1307 657 1346 respicit
681 1307 782 1347 ipsius
803 1310 927 1339 naturae

150 1360 356 1391 intrinsecam
379 1359 630 1390 inclinationem.
654 1359 761 1390 Prima
782 1363 845 1397 est,
864 1371 927 1400 qua

150 1413 222 1453 quis
234 1413 341 1452 diligit
351 1421 384 1443 se
395 1413 464 1451 plus
476 1422 573 1452 quam
584 1412 682 1444 Deum
694 1424 701 1451 3
719 1415 858 1444 secunda
869 1417 925 1452 est,

150 1476 214 1506 qua
236 1467 308 1506 quis
330 1466 435 1505 diligit
457 1475 490 1497 se
515 1466 586 1506 plus
607 1476 704 1506 quam
728 1467 925 1507 proximum.

151 1518 258 1555 Gratia
277 1521 385 1550 autem
399 1519 629 1558 superveniens
642 1520 782 1559 primam
798 1520 929 1560 corrigit

151 1575 181 1603 et
201 1572 301 1610 tollit;
321 1572 493 1603 secundam
513 1581 588 1603 vero
608 1572 733 1612 dirigit,
750 1574 871 1604 etcum
892 1583 929 1604 ea

151 1625 252 1656 currit
270 1635 276 1655 ε
294 1626 326 1656 et
344 1624 388 1655 sic
407 1625 488 1655 ratio
509 1625 562 1655 illa
576 1634 642 1656 non
658 1626 757 1663 valet,
774 1627 927 1666 quoniam

152 1688 217 1709 non
231 1680 278 1709 est
293 1678 395 1709 simile
406 1677 484 1709 hinc
499 1680 530 1708 et
543 1678 627 1709 inde.

193 1734 224 1762 6.
240 1731 287 1763 Ad
303 1731 382 1762 illud
398 1731 484 1770 quod
498 1731 658 1771 objicitur,
674 1732 760 1771 quod
776 1733 930 1764 debemus

153 1784 352 1816 voluntatem
372 1785 515 1815 nostram
536 1784 694 1815 voluntati
715 1785 835 1816 divinae
853 1795 929 1817 con-

152 1838 303 1876 formare,
319 1837 491 1868 dicendum
507 1837 593 1876 quod
608 1836 691 1868 Deus
701 1861 709 1876 ,
726 1847 801 1868 cum
816 1838 931 1869 dicitur

154 1890 291 1921 alterum
306 1890 404 1921 altero
419 1889 524 1929 magis
543 1889 676 1928 diligere
691 1914 699 1928 ,
719 1890 780 1922 hoc
799 1900 864 1922 non
886 1894 932 1922 est

155 1943 231 1982 quia
242 1943 403 1974 intensius
412 1942 526 1982 diligat
535 1951 641 1973 unum
649 1952 747 1983 quam
755 1944 929 1984 reliquum,

155 2005 228 2027 cum
243 1996 327 2027 circa
339 1995 439 2036 ipsius
451 2004 593 2026 amorem
604 2005 663 2027 nec
676 1997 767 2028 cadat
779 1997 929 2035 intensio,

155 2057 212 2079 nec
234 2049 399 2086 remissi0;
425 2048 479 2080 sed
506 2048 566 2079 hoc
589 2049 704 2080 dicitur
728 2050 804 2089 quia
827 2059 932 2081 unum

155 2102 282 2132 ordinat
296 2102 336 2132 ad
352 2103 458 2141 majus
472 2102 610 2140 bonum,
628 2111 726 2143 quam
744 2104 905 2143 reliquum
923 2115 928 2134 :

155 2156 185 2185 et
197 2155 258 2185 hoc
271 2155 353 2186 bene
368 2156 470 2194 potest
484 2155 630 2194 concedi,
645 2156 731 2195 quod
747 2156 818 2196 quis
829 2157 933 2196 magis

154 2207 266 2239 debeat
283 2208 418 2247 diligere
441 2209 626 2248 proximum
640 2233 648 2248 ,
668 2219 766 2249 quam
788 2220 821 2241 se
834 2234 841 2247 ,
858 2220 932 2241 cum

154 2261 322 2301 proximus
335 2261 442 2302 ipsum
464 2262 594 2293 excedat
614 2263 648 2293 in
669 2264 802 2302 merito;
823 2264 877 2295 sed
893 2274 933 2296 ex

154 2314 216 2345 hoc
228 2324 294 2345 non
307 2315 451 2355 sequitur
466 2316 552 2355 quod
566 2325 657 2347 amor
671 2317 809 2356 proximi
826 2318 935 2350 melio-

155 2368 199 2398 ris
214 2368 437 2409 praeponderet
452 2369 554 2399 amori
575 2369 637 2400 sui.
654 2369 736 2401 Ordo
758 2371 844 2401 enim
858 2371 934 2402 cha-

155 2421 257 2451 ritatis
272 2430 339 2452 non
363 2421 538 2452 attenditur
562 2431 658 2461 penes
675 2424 934 2462 magnitudinem

157 2473 232 2504 boni
242 2473 390 2513 optabilis
401 2498 409 2512 ,
422 2474 476 2505 sed
490 2483 588 2514 penes
601 2478 935 2515 praeponderationem

190 2570 197 2586 ¹
211 2571 253 2600 Cf.
269 2571 342 2594 Alex.
356 2570 465 2601 Mensis,
481 2571 563 2602 Com,
575 2572 650 2602 p.111,
664 2572 721 2596 coll.
742 2579 833 2604 wan,
846 2576 894 2598 art.
907 2576 934 2604 4;

158 2608 184 2630 S.
199 2605 326 2635 Thorium,
348 2606 416 2635 lI-ll,
437 2613 461 2636 q.
478 2612 550 2637 xxvx,
567 2609 614 2631 art.
635 2609 663 2637 95
689 2610 714 2631 et
728 2609 757 2632 Ill
779 2609 858 2639 Sem„
876 2610 935 2634 dist.

159 2647 233 2672 xxix,
247 2648 271 2672 q.
288 2647 306 2672 1,
321 2642 411 2671 art.'1;
425 2644 449 2665 et
463 2642 492 2665 de
511 2642 598 2674 Verit.‚
611 2651 635 2674 q.
653 2649 685 2673 11,
701 2645 749 2668 art.
765 2646 791 2674 95
806 2645 934 2674 menard„

298 2694 372 2717 ΤΟΜ.
396 2694 441 2717 lv.

1695 192 1750 218 057

981 243 1154 274 affectionis
1175 245 1344 283 diligentis.
1364 247 1401 277 Et
1421 248 1445 277 si
1469 251 1503 278 tu
1519 251 1647 289 omn-ias
1667 256 1752 293 qnod

980 296 1062 326 Deus
1086 297 1169 335 vult,
1195 299 1279 337 qnod
1307 300 1409 339 magis
1432 310 1577 333 amemus
1598 305 1751 337 honorem

981 359 1088 387 suum,
1105 360 1203 389 qnam
1217 354 1420 384 commodum
1436 357 1592 393 nosti-um,
1606 360 1636 387 et
1652 361 1755 399 magis

981 403 1196 441 app1·cliem11r
1212 406 1297 444 quod
1313 407 1416 446 magis
1429 410 1470 438 est
1486 411 1732 449 appretiandum
1745 438 1752 450 ,

981 455 1150 486 dicendum
1175 458 1260 496 quod
1285 468 1398 490 verum
1420 463 1465 491 est
1482 463 1566 501 qnod
1582 463 1636 494 Dei
1653 464 1756 495 honor

982 508 1053 547 plus
1072 509 1163 540 dehet
1185 510 1218 540 in
1241 513 1334 543 corde
1356 516 1465 545 nostro
1489 517 1752 556 prceponderare,

982 570 1078 599 quam
1095 565 1239 593 nostrum
1260 567 1481 606 commodum;
1500 571 1606 601 tamen
1621 571 1757 602 charitas

983 624 1150 654 nunquam
1165 621 1289 657 separat
1311 620 1465 651 honorem
1481 622 1533 653 Dei
1551 632 1569 653 a
1591 625 1757 656 commodo

983 670 1091 699 nostro
1106 670 1262 709 spirituali
1280 683 1286 702 ε
1306 682 1363 703 nec
1378 675 1423 704 est
1438 675 1612 707 voluntatis
1627 678 1754 716 divinae,

984 723 1018 750 ut
1035 730 1092 751 nos
1104 725 1291 762 appetamus
1306 726 1441 766 aliquid,
1458 729 1540 767 qnod
1558 730 1597 759 sit
1612 730 1644 760 in
1659 731 1756 761 detri-

984 777 1130 806 mentum
1158 777 1268 808 salutis
1292 782 1427 819 nostrae,
1453 785 1581 822 propter
1603 784 1757 815 honorem

984 838 1078 858 suum
1095 839 1102 859 :
1120 831 1300 862 sicutenim
1319 835 1484 865 essentiale
1501 839 1546 866 est
1561 840 1686 869 naturae
1705 848 1759 879 ap-

984 885 1089 920 petere
1110 893 1188 921 esse,
1210 886 1253 915 sic
1276 888 1438 918 essentiale
1459 892 1505 919 est
1527 891 1639 928 gratiae
1660 902 1758 932 appe—

984 937 1049 966 tere
1068 936 1131 967 Deo
1160 938 1300 977 placere,
1325 942 1355 971 et
1380 941 1439 971 Deo
1466 943 1629 975 adhaerere
1655 956 1660 975 :
1688 946 1758 977 ideo

984 988 1066 1019 Dens
1082 1000 1250 1031 nunqnam
1266 993 1343 1024 illud
1362 1004 1380 1024 a
1396 995 1486 1025 nobis
1501 997 1623 1036 exigit,
1641 1001 1676 1029 ut
1690 1009 1759 1030 ma-

984 1042 1034 1080 gis
1049 1043 1183 1074 salutem
1200 1046 1336 1076 alienam
1349 1071 1356 1084 ,
1380 1057 1478 1087 quam
1499 1051 1661 1090 propriam
1686 1053 1758 1082 dili-

984 1105 1111 1134 gamus.
1135 1098 1170 1128 Et
1193 1099 1279 1137 quod
1301 1100 1378 1131 dicit
1392 1102 1562 1141 Apostolus
1575 1129 1584 1142 ,
1600 1106 1685 1144 quod
1702 1116 1759 1146 op-

985 1150 1068 1180 tabat
1081 1151 1250 1183 anathema
1267 1163 1285 1184 a
1299 1153 1423 1186 Christo
1437 1166 1503 1187 csse
1519 1167 1576 1197 pro
1591 1159 1741 1190 fratribus
1751 1184 1758 1197 ‚

985 1202 1060 1233 illud
1074 1204 1264 1244 intelligitur
1278 1208 1316 1237 ad
1332 1210 1458 1248 tempus
1469 1234 1476 1247 ‚
1496 1211 1547 1241 vel
1569 1212 1629 1242 sub
1652 1213 1761 1243 condi-

985 1255 1086 1294 tione,
1103 1257 1248 1289 videlicet
1262 1260 1287 1289 si
1303 1261 1438 1299 optabile
1452 1265 1542 1293 esset.

1235 1377 1439 1413 QUAESTlo
1462 1380 1519 1411 IV.

1022 1477 1066 1501 An
1083 1477 1168 1509 magis
1183 1476 1318 1509 dilz'qendz?
1331 1480 1387 1504 sz'tzt
1398 1482 1524 1513 parentes
1539 1489 1618 1515 quam
1632 1483 1688 1516 filz'z'
1704 1483 1719 1508 ¹,

1027 1564 1068 1594 De
1091 1565 1200 1595 ordine
1224 1566 1385 1597 charitatIs
1410 1577 1466 1607 per
1491 1571 1759 1609 comparationem

986 1618 1084 1658 patris
1098 1619 1136 1649 ad
1154 1619 1257 1649 filium
1272 1631 1279 1657 ;
1300 1622 1330 1650 et
1345 1621 1502 1660 quaeritur
1520 1624 1630 1654 utrum
1656 1626 1761 1665 magis

987 1672 1049 1702 sint
1062 1672 1216 1711 diligendi
1230 1676 1392 1713 parentes,
1404 1684 1502 1714 quam
1516 1676 1584 1715 filii,
1599 1686 1640 1707 an
1652 1687 1670 1709 e
1683 1688 1762 1710 con—

987 1736 1090 1757 verso.
1100 1727 1138 1757 Et
1148 1727 1232 1766 quod
1246 1728 1350 1767 primo
1364 1728 1427 1759 sint
1437 1730 1592 1769 diligendi
1603 1735 1761 1772 parentes,

987 1780 1114 1810 videtur
1129 1780 1232 1820 primo
1246 1790 1302 1820 per
1316 1782 1504 1814 mandatum
1519 1783 1646 1815 Domini
1662 1797 1668 1816 :
1683 1796 1763 1826 prae-

987 1833 1063 1873 cipit
1083 1834 1169 1864 enim
1193 1834 1350 1866 honorare
1374 1839 1521 1875 parentes
1546 1838 1578 1868 in
1602 1837 1711 1870 Exodo
1725 1840 1736 1857 ¹
1753 1851 1759 1871 ε

988 1887 1117 1919 Honora
1129 1891 1251 1927 patrem
1267 1892 1374 1926 tuum,
1391 1891 1449 1920 etc.
1465 1889 1498 1920 Si
1518 1900 1596 1931 ergo
1611 1893 1762 1924 mandata

988 1940 1043 1970 Dei
1062 1941 1177 1971 tradita
1198 1943 1272 1972 sunt
1295 1942 1472 1973 secundum
1494 1944 1639 1976 ordinem
1655 1945 1762 1976 chari-

988 1994 1078 2031 tatiS,
1102 1994 1228 2025 videtur
1244 1995 1329 2034 quod
1352 2004 1443 2027 amor
1464 1996 1626 2028 charitatis
1643 1999 1762 2039 princi-

988 2047 1091 2087 palius
1105 2047 1144 2079 ad
1160 2050 1323 2087 parentes,
1336 2058 1433 2088 quam
1448 2050 1488 2081 ad
1503 2050 1584 2082 filios
1598 2051 1694 2083 habet
1708 2061 1762 2083 or-

988 2101 1101 2131 dinari.

1030 2154 1107 2184 Item
1128 2155 1313 2187 auctoritate
1328 2155 1507 2196 Ambrosii,
1533 2166 1606 2197 quae
1626 2157 1764 2190 habetur

990 2208 1024 2238 in
1038 2208 1141 2238 littera
1154 2219 1160 2238 :
1174 2208 1249 2239 dicit
1263 2209 1348 2240 enim
1363 2210 1447 2250 quod
1465 2210 1569 2250 primo
1583 2211 1763 2251 diligendus

989 2263 1035 2291 est
1050 2261 1146 2300 Deus,
1162 2263 1301 2293 secundo
1315 2265 1475 2303 parentes,
1494 2264 1586 2295 tertio
1599 2264 1668 2295 filii.

1030 2315 1109 2346 Item
1121 2315 1181 2347 hoc
1195 2316 1301 2356 ipsum
1312 2317 1439 2348 videtur
1450 2318 1574 2349 ratione
1588 2329 1595 2348 :
1610 2318 1762 2358 quoniam

990 2369 1166 2399 secundum
1189 2369 1294 2408 legem
1316 2369 1477 2401 charitatis
1499 2371 1583 2410 grati
1610 2371 1764 2402 debemus

990 2430 1056 2452 esse
1073 2422 1111 2452 de
1126 2422 1286 2453 beneficiis
1308 2425 1443 2464 acceptis
1460 2435 1467 2455 ε
1484 2425 1538 2456 sed
1552 2425 1645 2464 plura
1662 2425 1762 2456 hene-

990 2475 1061 2505 ficia
1076 2475 1256 2514 accepimus
1270 2486 1289 2508 a
1302 2477 1504 2517 parentibus,
1521 2487 1619 2518 quam
1634 2487 1653 2509 a
1667 2479 1741 2509 filiis
1756 2490 1762 2509 ε

990 2537 1068 2563 ergo
1083 2529 1187 2568 magis
1200 2529 1353 2561 debemus
1369 2530 1414 2561 eis
1429 2539 1495 2561 esse
1509 2531 1594 2570 grati
1611 2541 1618 2562 :
1639 2532 1695 2562 sed
1708 2533 1763 2572 qui

992 2609 1113 2639 111812111„
1127 2609 1184 2633 dist.
1194 2616 1267 2637 xxix,
1279 2617 1302 2640 q,
1313 2616 1347 2634 vu
1359 2618 1364 2638 ;
1377 2611 1519 2641 Stephanus
1529 2612 1766 2642 ssrnlef.‚1ns‘.›,-,=t.‚

991 2645 1040 2669 dist
1066 2651 1137 2675 xxix,
1156 2653 1180 2676 q.
1195 2651 1217 2668 iv
1238 2647 1290 2662 —2
1304 2646 1395 2676 ezod„
1410 2653 1453 2677 xx,
1472 2649 1507 2670 12.

1629 2695 1667 2723 42

1779 1599 1884 1620 Fundam.
