2017 2960
231 165 287 194 554

229 239 340 261 omnes
354 231 509 271 explicite.
526 230 613 261 Unde
628 230 836 261 concedendae
858 232 933 261 sunt
949 238 1002 261 ra-

229 284 342 320 tiones,
359 293 431 324 quat
446 288 518 314 sunt
534 285 571 315 ad
590 286 707 323 partem
725 283 827 314 istam.

274 341 298 368 t.
319 339 365 369 Ad
382 338 456 369 illud
476 347 550 367 vcro
568 337 651 376 quod
673 337 776 377 primo
799 337 946 377 objicitur
969 337 1002 367 in

229 392 433 424 contrarium,
447 390 528 429 qnod
538 399 634 429 super
643 390 762 430 lapides
772 390 901 421 debebat
909 389 1002 419 scribi

231 447 280 476 lex
295 445 409 481 luci-lc,
428 444 597 474 dicendum
613 445 696 484 quod
718 444 793 474 illud
814 444 1001 475 mandatnm

229 507 292 528 non
307 501 371 527 crat
389 497 497 527 (latum
513 497 609 535 1111015,
628 497 680 527 sed
691 497 762 535 illis,
779 498 833 537 qui
849 497 1003 528 debebant

229 560 282 581 eos
297 551 399 587 legem
416 549 537 580 docere.
557 550 642 581 {inde
664 559 703 580 ex
729 551 788 581 hoc
813 560 877 581 non
901 552 1003 590 potest

229 603 384 640 conc-ludi,
401 602 484 642 quod
502 603 659 643 simplices
683 605 851 634 teneantur
876 603 1002 634 credere

227 665 338 687 onmes
352 656 500 686 articulos
513 656 584 687 {idei
597 681 605 694 ,
623 656 675 687 sed
692 657 777 696 quod
792 657 834 687 illi
849 682 855 695 ,
874 657 929 697 qui
944 657 1003 687 ha-

229 709 303 739 bent
331 718 441 739 curam
464 709 645 739 animarum
670 710 829 749 ipsorum,
854 712 1003 740 tenentur

228 763 364 801 credere,
379 766 409 793 et
419 763 497 793 scire
513 763 618 801 tidem,
635 766 665 793 et
680 763 780 804 ipsam
801 764 1003 794 manifestare

228 816 332 847 lucide
347 819 376 847 et
391 819 509 856 aperte.

268 873 296 899 2.
315 869 361 900 Ad
378 869 455 900 illud
471 879 546 900 vero
557 869 641 909 quod
655 869 812 909 objicitur,
831 869 914 908 quod
930 878 1003 900 sex-

228 923 327 953 tarius
344 923 416 953 fidei
432 923 574 953 consistit
591 923 622 952 in
634 923 728 962 plena
743 922 938 953 consessione
954 922 1002 962 ip-

228 977 304 1013 sius,
320 975 489 1007 dicendum
503 976 585 1016 quod
598 976 756 1007 sextarius
770 976 819 1005 ille
830 999 839 1013 ,
866 975 920 1014 qui
936 974 1001 1014 sig-

227 1035 279 1062 nat
295 1032 520 1063 consessionem
538 1031 628 1069 fidei,
647 1031 772 1071 impleri
792 1031 885 1062 habet
901 1030 1003 1070 pleni-

228 1086 338 1116 tudine
363 1085 560 1116 sufficientiae
575 1109 582 1123 ,
606 1087 637 1115 et
663 1084 858 1124 plenitudine
889 1084 999 1124 copiae.

228 1139 316 1170 Tunc
350 1139 499 1178 impletur
539 1138 734 1178 plenitudine
776 1137 976 1168 sufficientiae
991 1161 1000 1176 ,

228 1192 354 1232 quando
365 1192 436 1232 quis
450 1201 561 1223 omnes
575 1192 725 1222 articulos
737 1191 846 1228 credit,
861 1191 903 1221 ita
917 1190 1003 1230 quod

227 1246 353 1276 nullum
369 1245 513 1276 discredit
530 1256 535 1275 z
555 1245 676 1284 aliquos
693 1246 798 1275 tamen
821 1243 918 1274 credit
942 1243 1001 1273 im-

227 1299 341 1338 plicite,
358 1300 388 1329 et
403 1299 527 1338 aliquos
541 1298 705 1337 explicite,
726 1297 769 1328 ita
782 1296 867 1336 quod
884 1296 917 1326 111
933 1305 1003 1326 cre-

229 1353 359 1383 dulitate
373 1362 444 1388 sua,
458 1352 524 1382 sive
540 1352 572 1382 in
588 1352 652 1382 istis
666 1375 671 1387 ,
689 1360 768 1390 quos
784 1350 881 1380 credit
902 1349 1005 1389 impli—

228 1405 297 1443 cite,
315 1406 382 1435 sive
404 1406 435 1435 in
452 1405 516 1443 his,
531 1414 611 1444 quos
626 1404 723 1435 credit
738 1403 885 1443 explicite
899 1427 906 1440 ,
924 1401 1005 1432 nihil

227 1459 323 1495 addit,
343 1468 399 1489 nec
415 1458 532 1488 minuit
548 1458 586 1488 de
608 1457 657 1487 his
670 1481 677 1494 ,
694 1465 765 1496 quae
781 1456 879 1486 credit
898 1457 1005 1486 sancta

229 1511 377 1549 Ecclesia,
394 1514 423 1541 et
446 1511 519 1540 dicit.
535 1512 641 1540 sancta
656 1510 819 1549 Scriptura
840 1520 846 1538 ε
872 1510 901 1539 et
918 1508 1006 1538 hunc

227 1565 401 1595 sextarium
441 1564 485 1594 sic
524 1564 691 1603 impletum
737 1563 851 1593 debent
894 1570 1005 1592 omnes

228 1618 352 1648 offerre.
373 1617 462 1648 Tunc
487 1619 595 1647 autem
625 1618 671 1646 est
690 1615 854 1656 plenitudo
884 1614 982 1654 copiae
996 1638 1003 1651 ‚

228 1671 356 1711 quando
374 1670 445 1710 quis
463 1669 606 1700 distincte
627 1671 657 1700 et
677 1669 823 1709 explicite
848 1668 956 1706 novit,
976 1670 1006 1698 et

228 1725 325 1755 credit
347 1733 384 1755 ea
402 1733 474 1764 qua1.
496 1725 637 1763 spectant
652 1723 690 1753 ad
707 1722 855 1753 articulos
870 1722 959 1760 fidei,
975 1724 1006 1752 et

228 1788 263 1810 ea
277 1788 349 1819 quae
363 1778 401 1808 ad
417 1778 500 1817 ipsos
516 1778 756 1816 consequuntur
770 1787 776 1806 z
792 1778 823 1806 et
835 1775 904 1806 haec
921 1783 1005 1805 men-

228 1843 303 1863 sura
318 1842 380 1863 non
397 1835 443 1862 est
457 1831 620 1867 omnium,
637 1831 691 1861 sed
708 1830 812 1868 magiS
827 1829 1002 1869 capacium.

269 1889 286 1916 3
307 1888 337 1915 et
362 1889 384 1915 l.
411 1885 457 1915 Ad
483 1884 560 1914 illud
583 1884 669 1923 quod
691 1883 842 1922 objicitur
869 1882 960 1913 tertio
975 1884 1005 1912 et

230 1941 360 1979 quarto,
376 1938 461 1978 quod
483 1937 564 1967 sicut
586 1945 618 1966 sc
640 1937 735 1966 habet
754 1935 932 1966 obedientia
953 1945 1003 1966 re-

229 1994 335 2032 spectu
352 1993 595 2031 praeccptoruni,
609 1992 639 2021 et
654 1990 790 2020 charitas
804 1992 946 2030 respectu
961 1989 1006 2020 di-

229 2045 451 2084 ligendorum,
477 2044 520 2074 sic
539 2046 567 2074 ct
581 2043 657 2073 fides
674 2045 818 2082 respectu
833 2043 1005 2074 credendo—

229 2110 315 2138 rum,
333 2099 515 2140 responderi
531 2101 631 2139 potest
645 2098 822 2138 dupliciter.
840 2098 945 2129 Primo
958 2098 1005 2129 di-

230 2154 368 2185 cendum
384 2153 468 2193 quod
484 2162 545 2183 nou
564 2155 609 2182 cst
624 2152 738 2189 simile,
757 2152 830 2191 quia
844 2160 917 2181 cum
929 2151 1005 2181 fides

231 2208 381 2238 consistat
409 2207 442 2236 111
463 2206 660 2244 cognitione,
685 2208 716 2235 et
743 2204 881 2244 cognitio
906 2206 1006 2244 potest

231 2262 312 2291 scire
335 2259 455 2299 aliquid
479 2259 511 2289 in
532 2258 724 2294 universali,
744 2258 788 2288 ita
802 2260 907 2288 tamen
921 2257 1006 2297 quod

231 2323 297 2345 non
322 2313 399 2343 sciat
423 2313 454 2342 in
478 2312 660 2352 particulari
675 2336 682 2349 ,
708 2314 739 2342 ct
766 2311 811 2341 ita
838 2311 917 2342 scire
942 2319 1006 2341 uno

232 2368 336 2405 modo,
352 2369 382 2397 et
396 2367 543 2406 ignorare¹
558 2365 619 2395 alio
635 2365 747 2403 modo,
764 2366 864 2404 potest
886 2367 916 2395 et
938 2364 1007 2404 ipsa

233 2418 309 2448 fides
323 2417 441 2457 aliquid
458 2417 583 2447 credere
598 2416 761 2455 implicite,
779 2416 925 2455 quamvis
941 2425 1005 2446 non

233 2471 338 2502 credat
352 2470 497 2511 explicite
513 2480 519 2500 z
535 2477 600 2500 non
614 2469 659 2499 sic
683 2471 790 2499 autem
816 2470 862 2499 est
879 2469 917 2499 de
936 2470 1007 2500 obe-

233 2526 360 2564 dientia,
376 2534 449 2565 quae
463 2524 603 2555 consistit
618 2523 650 2553 in
665 2523 888 2554 mandatorum
897 2533 1008 2555 execu-

233 2580 318 2611 tione
335 2590 342 2610 :
357 2588 423 2610 non
444 2578 529 2610 enim
548 2579 650 2618 potest
673 2578 860 2608 mandatum
884 2577 1008 2618 impleri

235 2633 268 2664 in
285 2632 475 2670 universali,
486 2631 564 2672 quin
580 2630 750 2671 impleatur
763 2630 797 2661 in
811 2631 1005 2671 particulari.

780 162 1090 196 SENTENTIARUM
1112 163 1186 196 LlB.
1212 164 1265 196 111.

1057 229 1207 262 Similiter
1231 240 1269 263 ea
1291 241 1364 272 quae
1387 234 1522 267 charitas
1544 236 1669 276 diligit,
1693 237 1736 269 ita
1755 242 1830 270 sunt

1058 284 1238 323 manifesta,
1256 286 1339 325 quod
1363 295 1427 317 non
1450 291 1581 327 possunt
1602 289 1708 320 latere.
1732 290 1830 323 Aliter

1057 336 1157 374 potest
1171 335 1266 366 etiam
1277 338 1470 376 responderi,
1486 340 1570 378 quod
1581 341 1720 380 quodam
1736 341 1830 373 modo

1057 387 1097 418 sit
1112 388 1213 419 simile
1229 400 1235 419 x
1252 389 1328 429 quia
1342 390 1516 421 obedientia
1533 401 1597 423 non
1614 396 1740 424 tenetur
1759 403 1828 426 om-

1058 441 1111 471 nia
1126 442 1273 473 mandata
1287 443 1402 482 exequi
1425 443 1458 473 in
1474 453 1585 483 opere,
1603 446 1663 475 nisi
1683 455 1740 486 pro
1762 446 1830 477 loco

1057 495 1088 524 et
1102 496 1257 534 tempore3
1276 495 1328 525 scd
1344 496 1458 526 sufficit
1470 497 1553 536 quod
1569 501 1751 538 promptum
1761 500 1830 530 red-

1057 546 1110 577 dat
1124 550 1155 577 et
1168 547 1385 579 voluntarium
1401 549 1437 579 ad
1453 550 1675 589 exequendum
1702 552 1809 583 omnia
1820 575 1828 590 ‚

1057 608 1131 630 cum
1154 600 1247 631 fuerit
1265 601 1352 631 locus
1382 603 1412 632 et
1438 604 1572 642 tempus.
1599 602 1751 634 Similiter
1773 613 1830 635 nec

1057 652 1193 683 charitas
1220 653 1394 693 specialiter
1417 654 1521 693 diligit
1544 664 1829 697 unumquemque,

1058 707 1110 736 sed
1126 716 1237 738 omnes
1252 708 1463 739 communiter
1487 709 1687 749 amplectitur
1705 720 1712 740 2
1738 710 1831 741 illum

1058 762 1163 791 autem
1193 761 1369 800 specialiter
1392 761 1513 801 diligit,
1536 771 1632 801 quem
1656 762 1832 802 specialiter

1057 814 1230 852 cognoscit.
1247 814 1318 845 Ideo
1334 823 1373 845 ex
1389 815 1449 846 hoc
1462 824 1526 846 non
1542 817 1643 855 potest
1662 816 1830 855 concludi,

1058 866 1143 905 quod
1159 866 1274 906 aliquis
1288 877 1343 907 per
1357 868 1452 899 fidem
1467 870 1612 899 teneatur
1626 877 1737 900 omnes
1752 869 1832 900 arti—

1058 919 1146 949 culos
1160 920 1305 960 explicite
1315 921 1460 959 credere,
1476 921 1529 952 sed
1546 921 1712 961 implicite,
1728 922 1832 962 expli-

1058 972 1117 1002 cite
1132 975 1250 1012 autem,
1267 983 1341 1004 cum
1356 983 1388 1004 se
1411 974 1504 1005 oss'ert
1525 975 1763 1015 opportunitas,
1779 977 1831 1006 ut-

1058 1027 1142 1065 pote,
1152 1027 1279 1065 quando
1287 1027 1401 1068 aliquis
1410 1027 1564 1058 articulus
1574 1027 1620 1058 illi
1630 1027 1832 1067 praedicatur,

1058 1080 1089 1108 et
1101 1078 1276 1118 explicatur
1290 1080 1329 1110 ab
1344 1089 1381 1111 eo
1396 1081 1448 1111 cui
1463 1080 1554 1111 dehet
1568 1080 1704 1112 credere.

1099 1134 1128 1162 5.
1146 1132 1193 1163 Ad
1208 1132 1285 1163 illud
1300 1134 1384 1173 quod
1399 1134 1580 1174 opponitur,
1599 1134 1683 1173 quod
1702 1142 1766 1165 non
1781 1133 1830 1165 vi-

1058 1187 1144 1216 tatur
1160 1186 1281 1217 malum
1298 1187 1358 1218 nisi
1371 1188 1548 1227 cognitum,
1565 1187 1733 1218 dicendum
1748 1187 1833 1227 quod

1060 1248 1172 1270 verum
1188 1242 1248 1277 est;
1263 1240 1316 1271 sed
1331 1241 1497 1279 cognitum
1512 1242 1613 1280 potest
1628 1249 1695 1270 esse
1710 1239 1833 1280 aliquid

1059 1293 1236 1332 dupliciter,
1247 1293 1297 1325 vel
1311 1294 1345 1324 111
1358 1303 1402 1332 se,
1416 1294 1466 1325 vel
1475 1294 1507 1324 111
1515 1294 1578 1325 alio
1593 1304 1600 1324 :
1615 1295 1645 1324 et
1655 1293 1832 1324 secundum

1060 1346 1146 1377 hunc
1158 1347 1317 1386 duplicem
1334 1347 1465 1378 modum
1480 1349 1581 1387 potest
1596 1347 1710 1386 aliquis
1730 1347 1831 1378 vitare

1061 1400 1193 1438 malum,
1211 1401 1260 1431 vel
1276 1410 1331 1441 per
1346 1401 1491 1431 notitiam
1506 1400 1667 1440 propriam
1678 1424 1686 1437 ,
1702 1399 1753 1431 vel
1777 1409 1834 1440 per

1060 1453 1207 1484 notitiam
1221 1454 1368 1485 alienam.
1386 1453 1439 1484 Ille
1454 1455 1560 1485 autem
1572 1477 1579 1491 ,
1605 1446 1661 1493 dui
1676 1453 1771 1484 habet
1793 1453 1834 1484 fi-

1061 1507 1133 1538 dem
1149 1507 1333 1547 implicitam
1348 1508 1386 1539 de
1400 1507 1506 1547 aliquo
1519 1506 1652 1538 articulo
1663 1530 1671 1545 ,
1686 1506 1835 1547 quamvis

1061 1569 1200 1591 errorem
1217 1562 1325 1592 contra
1340 1561 1438 1591 istum
1460 1560 1631 1592 articulum
1652 1569 1718 1590 non
1738 1560 1836 1600 possit

1061 1614 1192 1645 omnino
1217 1614 1317 1645 vitare
1341 1623 1397 1654 per
1415 1614 1560 1644 notitiam
1582 1613 1760 1653 propriam,
1778 1622 1836 1653 po-

1062 1671 1120 1699 test
1135 1671 1241 1699 tamen
1256 1669 1356 1700 vitare
1375 1678 1431 1709 per
1445 1668 1592 1699 notitiam
1606 1667 1741 1698 alienam
1758 1677 1765 1698 :
1782 1667 1834 1698 in·

1061 1722 1174 1752 nititur
1188 1722 1274 1752 enim
1289 1722 1349 1759 his,
1362 1722 1417 1762 qui
1430 1722 1563 1752 credunt
1574 1720 1723 1752 articulos
1736 1720 1836 1760 expli-

1062 1775 1131 1806 cite.
1150 1776 1237 1807 Unde
1251 1776 1367 1816 aliquis
1379 1775 1514 1815 simplex
1528 1775 1636 1813 homo,
1647 1774 1699 1805 vel
1715 1773 1833 1812 vetula,

1061 1838 1135 1860 cum
1157 1829 1245 1860 audit
1268 1829 1387 1869 aliquid
1409 1837 1531 1861 novum
1562 1827 1747 1868 praedieari,
1768 1835 1835 1858 non

1061 1881 1153 1913 dehet
1167 1883 1273 1913 statim
1286 1883 1448 1918 assentire,
1466 1890 1633 1921 quousque
1646 1880 1772 1912 noverit
1792 1880 1833 1910 il-

1060 1937 1114 1967 lud
1135 1935 1358 1968 universaliter
1379 1936 1418 1966 ab
1444 1934 1581 1966 Ecclesia
1610 1934 1719 1965 teneri.
1745 1933 1834 1965 Unde

1061 1992 1176 2031 praeter
1201 1990 1380 2021 remedium
1408 1989 1526 2020 divinae
1557 1987 1771 2028 inspirationis
1804 1989 1835 2018 et

1061 2043 1222 2081 orationis,
1236 2043 1275 2074 ad
1294 2043 1379 2083 quod
1396 2051 1521 2082 semper
1533 2041 1760 2073 recurrendum
1774 2042 1832 2078 est,

1061 2097 1180 2129 habent
1194 2096 1350 2136 simplices
1356 2096 1691 2127 remediumhumanae
1701 2095 1834 2125 instrue-

1061 2151 1166 2189 tionis,
1183 2150 1220 2181 ad
1236 2150 1319 2190 quod
1336 2151 1467 2190 possunt
1486 2149 1659 2188 confugere
1670 2172 1678 2186 ,
1695 2150 1731 2178 ut
1745 2156 1832 2178 erro-

1062 2213 1111 2235 res
1126 2205 1251 2235 valeant
1265 2203 1430 2234 declinare.
1444 2202 1575 2242 Semper
1589 2202 1675 2232 enim
1690 2201 1771 2232 Deus
1780 2200 1834 2232 ha-

1062 2258 1141 2296 huit,
1158 2260 1188 2288 et
1212 2258 1342 2289 habebit
1361 2257 1482 2297 aliquos
1499 2258 1603 2297 justos
1627 2258 1658 2287 et
1678 2256 1830 2292 famosos,

1062 2312 1117 2352 qui
1141 2311 1307 2342 veritatem
1329 2311 1401 2341 fidei
1426 2319 1490 2341 non
1519 2309 1621 2341 solum
1645 2309 1678 2339 in
1699 2317 1731 2338 se
1746 2331 1754 2346 ,
1780 2306 1834 2338 sed

1062 2365 1157 2396 etiam
1171 2365 1202 2395 in
1217 2364 1410 2404 simplicibus
1424 2363 1656 2400 conservarent,
1668 2361 1745 2392 dum
1760 2359 1834 2391 sim-

1064 2418 1158 2459 plices
1172 2418 1352 2448 innituntur
1366 2418 1421 2456 015,
1438 2419 1468 2447 et
1483 2415 1624 2446 credunt.

1103 2474 1133 2502 6.
1151 2470 1199 2501 Ad
1210 2470 1287 2501 illud
1303 2470 1386 2510 quod
1401 2468 1572 2510 opponitur
1595 2467 1725 2506 ultimo,
1750 2465 1836 2506 quod

1064 2532 1174 2556 omnes
1197 2523 1321 2554 articuli
1342 2523 1461 2554 habent
1481 2530 1513 2552 se
1536 2521 1701 2561 aequaliter
1723 2520 1763 2551 ad
1785 2527 1836 2550 as-

1064 2585 1194 2608 sensum
1206 2578 1236 2607 et
1252 2576 1414 2613 auditum,
1431 2574 1599 2605 dicendum
1614 2573 1700 2614 quod
1714 2573 1772 2604 etsi
1785 2572 1835 2604 in-

1066 2631 1248 2663 differenter
1261 2638 1295 2661 se
1308 2629 1425 2662 habent
1436 2637 1547 2661 omnes
1556 2627 1682 2661 articuli
1693 2627 1733 2659 ad
1742 2625 1838 2659 fidem
