2017 2960
130 1423 164 1444 Ad
183 1431 235 1452 opp.

246 183 304 212 308

246 257 296 279 res
312 257 319 278 :
337 257 414 287 ergo
430 257 502 279 cum
517 249 548 279 in
564 248 666 279 Verbo
681 250 800 279 reterns)
816 257 881 278 nou
896 248 1020 278 differat

245 301 418 332 similitudo
433 302 477 332 rei
492 302 531 332 ab
547 302 625 341 ipso,
643 311 717 331 nam
732 302 836 341 ipsum
854 304 899 332 est
913 310 1020 332 exem-

245 354 314 393 plar
329 357 357 385 ct
372 355 450 384 ratio
465 355 674 392 cognoscendi
689 378 695 390 ,
714 355 840 385 videtur
856 355 940 394 quod
967 364 1018 385 ea-

246 407 318 437 dem
343 407 524 445 cognitione
538 431 545 444 ,
565 416 628 446 qua
651 407 722 446 quis
745 407 833 438 novit
855 407 995 437 Verbum
1009 431 1016 444 ‚

246 462 414 498 cognoscat
443 462 472 490 ct
499 469 548 489 res
578 460 611 489 in
639 459 741 491 Verbo
766 470 773 490 :
804 469 882 499 crgo
913 460 1020 490 anima

246 512 357 542 Christi
371 521 426 551 per
441 512 589 542 eumdem
602 513 746 543 habitum
762 513 954 552 cognitionis
971 522 1019 543 co-

245 563 366 602 gnoscit
381 562 532 599 Verbum,
548 566 578 594 et
592 563 652 594 alia
670 564 704 594 in
720 564 801 603 ipso.

286 616 373 654 Item,
391 616 415 646 si
431 617 539 647 anima
555 617 667 647 Christi
682 620 888 656 cognosceret
901 626 969 648 rem
986 617 1019 647 in

244 667 346 699 Verbo
361 678 416 708 per
436 669 535 700 alium
551 670 697 701 habitum
711 673 742 700 ct
756 670 851 700 aliam
868 670 1018 701 similitu-

245 722 364 760 dinem,
382 732 478 762 quam
493 727 661 762 cognoscat
677 724 783 763 ipsum
795 723 946 761 Verbum,
964 726 1019 754 aut

245 775 297 805 illa
319 775 490 806 similitudo
511 779 594 807 esset
618 786 692 813 una,
723 780 778 807 aut
805 777 935 807 multae:
954 786 1019 807 una

245 836 309 857 uon
325 830 424 867 potest
439 837 504 858 csse
515 852 523 866 ,
541 829 617 867 quia
631 838 835 869 unaquaeque
852 838 902 859 res
916 831 1020 859 creata

246 879 339 910 habet
354 880 594 911 similitudinem
609 882 666 911 sihi
678 882 839 921 propriam
854 882 887 912 in
901 890 1019 920 genere

247 934 411 963 creaturae.
429 933 460 963 Si
478 934 588 972 multa,
603 944 681 974 ergo
697 944 770 965 cum
785 932 849 965 non
862 935 901 965 sit
921 937 1020 965 status

247 985 280 1014 in
295 985 415 1023 multis,
432 987 484 1017 sed
500 987 533 1017 in
547 997 627 1025 uno,
650 988 791 1027 cognitio
809 988 945 1019 aliarum
968 997 1018 1018 re-

247 1046 320 1068 rum
335 1048 352 1068 a
366 1038 468 1069 Verbo
483 1039 515 1069 in
531 1040 598 1080 ipso
613 1041 716 1072 Verbo
731 1051 796 1072 non
813 1043 966 1081 spectaret
980 1041 1019 1071 ad

247 1090 462 1129 cognitionem
488 1092 623 1131 gloriae,
649 1094 681 1124 in
705 1104 769 1134 qua
795 1097 841 1125 est
864 1096 962 1125 status
991 1096 1021 1125 et

247 1144 336 1183 quies
353 1155 359 1174 z
376 1154 454 1184 ergo
474 1146 499 1175 si
521 1146 581 1177 hoc
607 1149 653 1177 est
666 1148 905 1186 inconveniens,
924 1150 1020 1178 restat

247 1197 331 1236 quod
345 1198 456 1228 eodem
471 1199 582 1230 habitu
597 1200 801 1238 cognitionis,
818 1210 883 1240 quo
898 1209 1020 1239 cogno-

247 1250 346 1280 scitur
360 1251 463 1290 ipsum
476 1252 617 1283 Verbum
630 1277 638 1290 ,
664 1255 896 1291 cognoscantur
910 1255 940 1283 et
961 1253 1022 1283 alia

247 1302 280 1332 in
305 1302 418 1342 Verbo,
434 1307 498 1334 tam
522 1306 561 1335 ab
585 1305 691 1336 anima
715 1306 848 1343 Christi,
865 1314 963 1345 quam
982 1305 1021 1335 ab

248 1356 309 1386 alia
324 1357 431 1387 anima
445 1357 547 1388 beata.

291 1410 351 1440 Sed
375 1413 483 1441 contra
500 1423 505 1441 :
525 1415 553 1441 1.
570 1411 658 1443 Sicut
678 1413 810 1443 materia
825 1422 856 1442 se
873 1413 966 1443 habet
983 1413 1021 1443 ad

250 1463 397 1500 formam,
412 1464 456 1494 ita
466 1464 642 1496 intellectus
657 1466 812 1505 possibilis
825 1475 857 1496 se
874 1466 966 1496 habet
983 1466 1022 1496 ad

250 1525 299 1547 res
314 1526 393 1556 quas
406 1518 570 1556 cognoscit
587 1529 592 1549 :
612 1519 665 1549 sed
681 1519 873 1559 impossihile
885 1519 1021 1558 estquod

251 1579 416 1601 summum
440 1580 496 1602 ens
518 1572 569 1602 det
594 1581 660 1603 esse
684 1572 743 1612 ipsi
772 1572 930 1610 materiae,
961 1573 1022 1602 nisi

250 1623 463 1663 imprimendo
487 1625 627 1664 aliquam
650 1626 786 1656 sormam
810 1628 948 1657 creatam
963 1626 1023 1666 ipsi

252 1679 412 1717 materiae,
439 1680 596 1711 diversam
619 1690 638 1711 a
656 1690 706 1718 se;
732 1690 812 1720 ergo
832 1681 1023 1720 impossibile

252 1733 299 1761 est
320 1732 404 1771 quod
418 1741 583 1763 summum
600 1732 709 1763 lumen
724 1733 815 1763 faciat
829 1733 1023 1764 intellectum

252 1785 434 1824 possibilem
450 1786 567 1825 aliquid
584 1789 656 1817 actu
671 1786 848 1825 intelligere
861 1811 868 1824 ‚
886 1786 946 1816 nisi
962 1787 1025 1816 im-

253 1837 370 1877 primat
392 1838 421 1868 ei
448 1839 584 1878 speciem
609 1841 639 1869 et
660 1839 898 1870 similitudinem
926 1840 1025 1879 ipsius

254 1891 299 1921 rei
314 1891 453 1929 cognitae
471 1902 477 1921 z
497 1901 575 1930 ergo
593 1892 733 1931 cognitio
755 1892 890 1923 aliarum
916 1903 1024 1924 rerum

256 1953 275 1973 a
289 1943 391 1973 Verbo
413 1944 446 1974 in
464 1945 531 1984 ipso
555 1944 658 1976 Verbo
687 1946 806 1985 aliquid
827 1946 897 1985 plus
914 1947 1024 1986 exigit,

257 2005 353 2035 quam
379 1998 592 2036 cognitionem
613 1998 712 2038 ipsius
736 1998 846 2036 Verbi;
863 2001 894 2029 et
908 2002 954 2030 est
972 2009 1029 2039 per

258 2049 353 2079 aliam
373 2051 528 2081 rationem
547 2052 779 2091 cognoscendi,
798 2062 896 2092 quam
916 2053 955 2083 sit
974 2063 1028 2084 co-

258 2103 360 2141 gnitio
375 2103 483 2142 ipsius.

299 2159 328 2185 9..
359 2155 448 2194 Item,
474 2157 512 2187 ad
538 2158 597 2188 hoc
617 2159 701 2197 quod
715 2159 890 2190 intellectus
912 2160 1029 2199 aliquid

257 2209 434 2248 intelligat,
462 2220 586 2241 necesse
609 2215 655 2241 est
676 2212 781 2251 ipsum
797 2212 964 2242 assimilari
982 2213 1028 2243 rei

256 2262 412 2300 cognitae:
430 2271 510 2299 ergo
533 2272 606 2293 cum
623 2265 783 2302 cognoscit
806 2265 867 2294 alia
882 2274 898 2295 a
914 2265 1026 2303 Verbo,

257 2323 384 2345 necesse
400 2317 445 2345 est
460 2315 565 2354 ipsum
580 2317 747 2347 assimilari
768 2326 832 2347 non
848 2318 950 2348 solum
969 2318 1029 2357 ipsi

257 2367 369 2404 Verbo,
395 2368 448 2398 scd
463 2368 558 2398 etiam
573 2369 643 2399 aliis
665 2378 683 2399 a
702 2369 824 2400 Verbo:
839 2371 892 2401 sed
919 2371 988 2401 aliis
1010 2380 1029 2401 a

258 2430 276 2450 a
291 2420 394 2451 Verbo
408 2430 471 2451 non
492 2424 591 2460 potest
614 2422 791 2461 assimilari,
808 2424 866 2453 nisi
889 2433 944 2463 per
958 2433 1029 2454 sus-

257 2474 434 2513 ceptionem
452 2475 696 2505 similitudinum
722 2476 878 2506 aliarum:
896 2485 974 2515 ergo
989 2476 1028 2506 ad

258 2526 318 2556 hoc
339 2527 423 2566 quod
448 2527 624 2558 intellectus
645 2528 759 2567 aliquis
783 2531 906 2560 creatus
925 2553 932 2565 ,
962 2529 1028 2559 sive

259 2578 382 2617 Christi,
395 2580 461 2609 >ive
473 2581 565 2618 alius,
581 2583 748 2619 cognoscat
759 2582 834 2611 alias
851 2582 940 2612 resin
952 2582 1030 2613 Ver—

259 2633 311 2670 bo,
328 2642 391 2663 non
411 2634 525 2664 sufficit
544 2643 733 2673 cognoscere
748 2635 852 2674 ipsum
873 2635 1025 2666 Verbum.

817 179 1125 213 SENTENTIARUM
1145 179 1220 211 LIB.
1243 179 1296 212 Ill.

1116 250 1143 277 3.
1167 246 1266 285 Item,
1289 247 1314 276 si
1341 248 1511 288 aspicerem
1537 250 1574 281 ad
1600 251 1740 291 aliquam
1765 262 1844 292 rem,

1075 300 1328 337 aggeneraretur
1347 299 1379 329 in
1402 309 1452 330 me
1473 301 1644 332 similitudo
1675 303 1760 333 illius
1788 304 1844 335 rei.

1077 351 1237 389 Similiter,
1255 351 1282 381 si
1297 352 1469 391 aspicerem
1482 354 1520 384 ad
1532 355 1709 394 speculum,
1721 366 1785 387 non
1799 366 1845 388 so-

1075 405 1143 435 lum
1160 408 1412 444 aggeneraretur
1421 406 1453 436 in
1464 415 1514 436 me
1525 407 1699 440 similitudo
1714 409 1844 449 speculi,

1075 458 1129 488 sed
1153 458 1249 488 etiam
1273 458 1445 489 similitudo
1465 459 1521 489 rei.
1546 459 1630 499 Ergo
1655 461 1680 491 si
1707 461 1846 493 Verbum

1076 513 1232 542 aeternum
1257 512 1396 542 continet
1421 511 1454 542 in
1480 521 1512 542 se
1534 513 1619 543 ideas
1641 523 1749 545 rerum
1775 525 1845 546 om-

1076 562 1178 600 nium,
1195 563 1235 594 ita
1252 563 1491 602 generabuntur
1506 563 1727 595 similitudines
1737 575 1845 597 rerum

1075 615 1107 645 in
1131 615 1238 645 anima
1262 616 1432 655 aspiciente
1456 616 1572 656 ipsum,
1601 618 1683 648 sicut
1696 618 1721 648 si
1739 619 1845 650 anima

1075 670 1278 699 contueretur
1292 669 1375 708 ipsas
1390 679 1439 700 res
1456 681 1462 699 z
1480 679 1559 709 ergo
1570 671 1696 701 videtur
1704 672 1788 711 quod
1796 681 1847 703 res

1076 721 1109 751 in
1124 722 1226 752 Verbo
1248 731 1312 753 non
1336 725 1462 753 tantum
1482 723 1684 762 cognoscitur
1698 725 1737 762 ab
1753 724 1847 756 Intel-

1075 776 1157 806 lectu
1181 779 1284 806 creato
1300 786 1355 816 per
1370 778 1475 817 ipsum
1495 777 1635 808 Verbum
1647 803 1654 816 ,
1679 778 1732 809 sed
1751 779 1846 810 etiam

1076 838 1131 869 per
1155 830 1377 861 similitudines
1396 831 1585 871 impressas:
1613 841 1692 871 ergo
1714 841 1770 872 per
1793 842 1847 864 co-

1077 883 1254 921 gnitionem
1269 884 1363 914 aliam
1379 886 1408 914 et
1421 884 1526 914 aliam.

1115 938 1145 966 4.
1165 936 1243 966 Item
1269 936 1425 975 contIngit
1443 946 1633 975 cognoscere
1652 938 1754 977 ipsum
1771 938 1848 969 Ver-

1076 989 1155 1019 bum
1186 991 1221 1019 ut
1249 989 1352 1020 lucem
1364 1013 1371 1026 ,
1403 992 1434 1020 et
1458 990 1616 1029 contingit
1656 1000 1849 1030 cognoscere

1077 1042 1183 1082 ipsum
1212 1045 1248 1072 ut
1262 1043 1446 1082 exemplar:
1464 1046 1540 1074 tunc
1554 1046 1661 1074 autem
1685 1045 1850 1084 cognosci-

1075 1097 1128 1126 tur
1141 1094 1283 1126 Verbum
1298 1098 1334 1126 ut
1348 1096 1405 1126 lux
1418 1120 1426 1134 ,
1441 1096 1568 1135 quando
1592 1098 1794 1135 cognoscitur
1816 1098 1849 1128 in

1076 1158 1127 1186 se3
1152 1150 1228 1179 tunc
1251 1151 1359 1179 autem
1384 1149 1588 1187 cognoscitur
1609 1152 1645 1180 ut
1673 1151 1847 1190 exemplar,

1076 1201 1204 1241 quando
1228 1202 1263 1232 in
1282 1202 1350 1241 ipso
1370 1204 1608 1240 cognoscuntur
1623 1203 1696 1233 alia.
1712 1202 1772 1234 Sed
1787 1203 1849 1233 im-

1077 1254 1224 1294 possibile
1238 1256 1283 1285 est
1303 1264 1495 1293 cognoscere
1510 1256 1614 1295 ipsum
1633 1255 1775 1286 Verbum
1796 1257 1849 1287 ln-

1077 1316 1157 1345 cem,
1170 1308 1248 1347 quin
1263 1307 1448 1338 infundatur
1461 1308 1552 1338 nobis
1566 1308 1686 1346 lumen,
1704 1309 1788 1348 quod
1802 1309 1850 1339 fa-

1077 1361 1118 1391 cit
1128 1370 1185 1391 nos
1196 1362 1373 1392 conformes
1385 1361 1443 1401 ipsi
1458 1361 1521 1392 luci
1538 1372 1544 1392 :
1565 1371 1644 1400 ergo
1657 1361 1849 1401 impossibile

1077 1415 1123 1444 est
1137 1414 1243 1453 ipsum
1258 1423 1450 1452 cognoscere
1464 1416 1501 1444 ut
1515 1414 1690 1453 exemplar,
1707 1414 1786 1454 quin
1798 1414 1849 1444 in-

1078 1466 1230 1497 fundatur
1251 1467 1342 1497 nobis
1362 1467 1513 1506 cognitio,
1531 1476 1603 1506 quae
1616 1467 1687 1497 facit
1699 1476 1756 1497 nos
1772 1476 1849 1497 con-

1078 1521 1194 1551 formes
1207 1520 1284 1559 ipsis
1296 1520 1423 1551 aeternis
1439 1520 1515 1551 ideis
1525 1522 1555 1550 et
1566 1520 1757 1550 rationibus:
1772 1529 1850 1560 ergo

1079 1582 1136 1604 nec
1150 1573 1257 1604 anima
1271 1572 1383 1603 Christi
1404 1573 1464 1603 alio
1481 1573 1573 1603 modo
1584 1597 1592 1611 ,
1609 1582 1707 1612 quam
1721 1573 1780 1603 isto
1795 1581 1847 1603 co-

1079 1626 1202 1665 gnovit.
1227 1626 1259 1656 Si
1281 1626 1366 1656 dicas
1392 1626 1477 1664 quod
1502 1626 1586 1655 idem
1608 1627 1655 1656 est
1680 1634 1737 1665 per
1765 1625 1850 1665 quod

1079 1679 1269 1709 assimilatur
1294 1679 1352 1718 ipsi
1374 1678 1477 1709 Verbo
1499 1680 1534 1709 ut
1557 1678 1638 1716 luci,
1655 1681 1686 1708 et
1699 1678 1801 1709 Verbo
1816 1681 1852 1709 ut

1080 1732 1270 1772 exeniplari3
1285 1734 1394 1763 contra
1411 1742 1417 1763 :
1435 1732 1582 1771 possibile
1603 1734 1649 1762 est
1661 1741 1851 1771 cognoscere

1080 1783 1185 1822 ipsum
1201 1782 1341 1813 Verbum
1356 1807 1363 1819 ,
1381 1782 1437 1813 etsi
1451 1792 1515 1813 non
1530 1785 1778 1822 cognosceretur
1801 1792 1851 1814 res

1081 1837 1173 1875 cujus
1184 1835 1337 1872 Verbum,
1353 1838 1399 1866 est
1413 1836 1595 1875 exemplam
1619 1845 1698 1875 ergo
1712 1836 1850 1874 videtur,

1081 1890 1164 1929 quod
1185 1890 1246 1920 alia
1262 1890 1301 1920 sit
1318 1890 1412 1928 ratio,
1433 1898 1488 1929 per
1511 1898 1608 1928 quam
1629 1889 1699 1929 quis
1725 1889 1852 1920 confor-

1082 1945 1187 1973 matur
1211 1943 1270 1983 ipsi
1292 1942 1395 1973 Verbo
1417 1944 1452 1973 ut
1474 1942 1559 1981 luci,
1579 1944 1610 1973 et
1624 1942 1683 1982 ipsi
1698 1941 1801 1973 Verbo
1817 1943 1853 1973 ut

1082 1996 1267 2036 exemplari.

1124 2052 1153 2080 5.
1171 2050 1249 2080 Item
1264 2050 1475 2089 intelligimus
1488 2049 1573 2089 quod
1584 2049 1698 2088 aIIquis
1706 2049 1739 2079 in
1750 2048 1853 2080 Verbo

1083 2105 1254 2142 cognoscat
1266 2112 1333 2133 rem
1350 2103 1487 2142 aliquam
1503 2101 1639 2132 videndo
1654 2102 1759 2141 ipsum
1775 2101 1853 2132 Ver-

1083 2157 1173 2193 bum,
1183 2158 1288 2196 etpost
1301 2156 1422 2187 desinat
1433 2155 1549 2192 videre,
1557 2155 1639 2185 sicut
1649 2155 1706 2184 fuit
1715 2154 1749 2184 in
1759 2155 1853 2193 raptu

1084 2209 1173 2240 Pauli
1192 2221 1198 2240 ε
1215 2209 1363 2249 possibile
1386 2210 1433 2238 est
1454 2208 1565 2245 talem,
1582 2209 1748 2247 postquam
1763 2206 1854 2237 desiit

1083 2263 1190 2293 videre
1205 2262 1306 2302 ipsam
1329 2261 1424 2291 Verbi
1443 2260 1609 2291 essentIam
1623 2284 1630 2298 ,
1652 2260 1768 2290 habere
1785 2268 1852 2289 me-

1083 2315 1219 2346 moriam
1243 2316 1312 2354 ejus
1333 2314 1418 2353 quod
1433 2313 1511 2344 vidit
1529 2313 1561 2343 in
1573 2312 1675 2342 Verbo
1692 2322 1698 2341 :
1714 2312 1773 2342 hoc
1792 2321 1853 2343 au·-

1083 2372 1147 2400 tem
1166 2378 1231 2399 non
1248 2370 1339 2406 esset,
1355 2367 1415 2397 nisi
1435 2376 1485 2397 res
1509 2366 1544 2396 in
1557 2365 1659 2397 Verbo
1681 2374 1851 2405 cognosce—

1083 2424 1195 2453 rentur
1205 2422 1266 2452 alia
1276 2420 1468 2460 cognitione,
1479 2428 1575 2458 quam
1585 2419 1689 2458 ipsum
1700 2418 1851 2450 Verbum:

1083 2484 1162 2514 ergo
1175 2475 1280 2505 anima
1296 2473 1421 2511 Christi,
1437 2474 1467 2503 et
1481 2472 1585 2502 omnis
1604 2472 1666 2503 alia
1683 2473 1789 2503 anima
1800 2497 1808 2511 ,
1823 2474 1850 2504 si

1084 2530 1253 2567 cognoscat
1265 2535 1315 2557 res
1328 2527 1360 2555 in
1373 2525 1485 2562 Verbo,
1502 2525 1562 2555 hoc
1572 2534 1635 2555 non
1646 2527 1692 2555 est
1702 2535 1758 2565 per
1767 2535 1853 2557 eam-

1084 2582 1156 2611 dem
1163 2580 1390 2619 cognitionem,
1398 2578 1448 2607 scd
1459 2587 1514 2617 per
1522 2578 1738 2616 coguitionem
1746 2579 1851 2618 aliam,

1085 2636 1116 2665 et
1130 2633 1234 2664 aliam.
