2017 2960
42 1849 146 1871 Fundam.

644 164 741 196 DIST.
765 163 854 195 XXV.
880 162 969 195 ΛΒΤ.
988 162 1026 195 11.
1051 164 1201 202 QUAEST.
1228 165 1282 197 111.

147 230 314 269 mortuus,
339 230 370 261 et
392 229 478 269 quod
498 231 675 262 resurrexit
695 230 790 262 tertia
809 230 859 262 die
878 241 885 260 ε
902 232 933 261 et

157 281 219 313 hoc
234 281 358 313 excedit
373 282 519 314 naturale
530 283 700 323 judicium,
715 292 774 314 nec
785 283 824 314 ad
833 283 932 323 huJus

158 335 373 375 cognitionem
387 337 556 376 pervenire
573 339 674 377 potest
693 337 789 368 homo
805 345 862 377 per
876 345 929 374 ea,

159 397 232 428 quae
244 397 340 419 sensu
355 390 518 428 cognovit,
534 390 588 421 sed
603 400 659 431 per
673 400 721 429 ea,
738 399 811 430 quae
826 389 932 421 Domi-

158 452 221 475 nus
244 443 423 484 inspiravit.
448 444 535 477 Unde
558 446 706 487 quamvis
727 446 804 477 fides
825 447 933 476 nostra

158 496 199 528 sit
218 498 475 537 praeteritorum,
503 500 608 540 potius
627 501 735 530 tamen
758 499 819 530 dici
842 498 934 529 debet

158 551 267 583 divina
279 552 471 584 illuminatio
477 577 487 593 ,
504 563 602 594 quam
619 554 743 586 dicatur
756 554 934 595 praeterito-

158 613 231 635 rum
245 607 480 638 rememoratio.

198 660 228 688 4.
244 658 293 689 Ad
306 659 385 690 illud
399 660 485 700 quod
498 660 658 700 objicitur,
672 660 758 701 quod
773 659 934 691 illumina-

157 711 201 742 tio
233 712 482 752 praeeedentium
517 714 622 753 magis
656 714 932 752 communicatur,

157 773 255 804 quam
287 765 481 797 illuminatio
511 767 714 807 sequentium
726 791 735 806 ‚
762 767 933 798 dicendum

157 818 241 857 quod
256 818 317 849 hoc
330 819 458 859 accidit,
474 819 557 851 sicut
576 819 708 851 lucerna
722 820 824 860 posita
838 829 934 861 super

156 870 383 902 candelabrum
420 872 524 912 magis
557 873 718 904 illuminat
733 896 742 912 ‚
773 883 871 914 quam
907 873 933 904 si

158 923 270 955 muitae
293 928 490 965 ponerentur
515 926 575 958 sub
603 926 710 958 modio
736 937 742 957 :
767 936 824 967 per
846 927 934 965 hunc

159 977 291 1008 modum
313 978 465 1018 patientia
484 978 542 1010 Job
565 981 596 1010 et
613 978 721 1010 Tobiae
742 979 849 1019 plures
864 989 933 1011 mo-

159 1033 223 1069 vet,
240 1033 270 1062 et
285 1031 397 1071 dirigit
411 1032 451 1063 ad
470 1032 655 1069 veritatem,
671 1041 770 1073 quan]
786 1033 936 1072 patientia

160 1084 337 1116 multorum
353 1085 502 1123 aliorum,
517 1095 656 1125 (1110111111
672 1086 775 1117 virtus
790 1087 861 1126 plus
874 1086 936 1117 cla—

159 1137 226 1168 ruit
246 1138 331 1177 apud
352 1138 464 1169 Deum.
486 1138 523 1169 Et
544 1139 720 1170 secundum
746 1139 842 1170 istum
864 1148 933 1170 mo-

159 1189 236 1221 dum
251 1190 443 1222 illuminatio
462 1193 590 1230 patrum
606 1191 853 1231 praecedentium
871 1201 935 1223 ma-

160 1243 211 1282 gis
233 1245 508 1283 communicatur,
534 1253 632 1284 quam
666 1244 857 1275 illuminatio
884 1254 932 1276 se-

159 1297 328 1336 quentium
345 1308 351 1328 ι
368 1298 444 1338 quia
458 1300 626 1338 sequentes
641 1306 659 1327 a
674 1297 835 1337 prioribus
855 1298 933 1329 acci-

159 1350 252 1389 piunt
266 1351 451 1391 exemplum
467 1351 546 1382 bene
569 1351 699 1382 vivendi
718 1353 749 1381 et
771 1351 934 1389 credendi,

159 1411 223 1434 non
239 1412 256 1433 e
275 1412 450 1442 converso3
468 1404 550 1435 sicut
565 1403 739 1444 discipulus
761 1403 936 1434 doctrinam

158 1456 272 1496 accipit
286 1466 305 1487 a
327 1457 498 1496 magistro,
516 1457 571 1497 (1111
587 1457 612 1487 51
633 1457 737 1487 bonus
753 1459 819 1495 est,
838 1459 938 1497 potest

158 1508 262 1540 dicere
284 1519 358 1540 cum
374 1510 493 1541 David¹
513 1519 520 1540 ε
539 1510 644 1549 Super
665 1517 772 1542 omnes
795 1509 938 1542 docentes

159 1569 207 1593 me
222 1562 385 1601 intellexi,
402 1564 460 1594 etc.

421 1672 599 1711 QUAESTIO
619 1672 672 1704 111.

189 1750 237 1778 An
251 1750 314 1785 sides
327 1751 440 1777 creverit
454 1749 543 1784 quoad
557 1757 674 1777 assensus
688 1749 875 1776 certitudinem
890 1749 910 1777 ².

204 1831 319 1864 Utrum
334 1832 411 1863 fides
425 1831 560 1862 creverit
573 1831 730 1870 quantum
745 1830 783 1862 ad
794 1839 939 1862 assensus

163 1885 407 1923 certitudinem;
423 1887 454 1915 et
475 1883 561 1924 quod
579 1883 638 1922 sic,
662 1884 801 1915 videtur.
818 1884 939 1915 Certius

162 1939 333 1970 assentitur
351 1938 391 1976 ei,
408 1937 494 1978 quod
508 1936 625 1968 clarius
639 1937 843 1976 cognoscitur
862 1948 868 1968 :
885 1936 938 1968 sed

161 1993 239 2024 fides
253 1992 430 2023 secundum
446 1990 660 2023 diversitatem
674 1992 857 2030 temporum
870 2000 940 2031 pro-

160 2046 234 2077 fecit
248 2046 282 2076 in
298 2045 450 2076 charitate
471 2042 683 2083 cognoscendi
700 2051 708 2074 :
724 2052 802 2083 ergo
822 2044 856 2090 in
870 2053 939 2075 cer-

160 2099 298 2130 titudine
313 2096 516 2129 assentiendi.

202 2151 281 2183 Item
291 2154 380 2182 tanto
390 2150 506 2182 certius
520 2149 690 2180 assentitur
699 2149 745 2180 rei
753 2151 807 2188 (a),
819 2151 939 2189 quanto

161 2205 276 2237 certior
299 2206 345 2236 est
368 2205 402 2235 111
423 2213 456 2235 50
476 2215 482 2233 :
508 2203 562 2235 sed
583 2203 800 2234 necessarium
823 2204 939 2236 certius

161 2261 207 2291 est
220 2267 319 2300 quam
335 2258 523 2297 contingens
542 2268 549 2288 2
566 2265 644 2296 ergo
659 2256 738 2287 fides
752 2265 826 2296 quae
840 2260 887 2288 est
900 2258 938 2289 de

160 2312 351 2349 necessario,
366 2311 480 2342 certior
494 2313 538 2341 est
551 2319 649 2350 quam
662 2310 741 2341 fides
753 2319 826 2350 (111εο
841 2314 886 2342 est
900 2311 938 2342 de

162 2365 358 2406 contingenti
377 2375 384 2396 :
402 2364 457 2396 sed
480 2364 558 2396 fides
577 2373 641 2404 qua
658 2364 816 2396 credimus
832 2365 938 2396 Chris-

162 2421 232 2451 tum
251 2428 319 2450 esse
341 2426 488 2459 passum,
512 2419 559 2449 est
580 2417 618 2449 de
641 2418 835 2456 necessari03
860 2418 938 2450 fides

161 2482 227 2514 qua
253 2472 453 2503 crediderunt
475 2471 636 2503 Christum
659 2479 725 2502 esse
746 2480 935 2511 passurum,

160 2526 222 2559 ruit
244 2526 283 2558 de
306 2525 504 2565 contingenti
525 2536 532 2556 :
552 2534 630 2565 ergo
652 2525 766 2556 certior
789 2526 837 2556 est
859 2525 938 2557 fides

160 2581 230 2620 post
242 2578 418 2610 adventum
433 2578 562 2618 Christi,
578 2587 677 2619 quam
690 2580 776 2610 ante.

202 2633 281 2665 Item
292 2634 381 2664 tanto
394 2632 510 2664 certius
523 2634 569 2664 est
583 2631 715 2673 aliquid,
731 2632 852 2672 quanto
867 2632 936 2672 plu-

1708 177 1765 205 559

988 230 1078 263 ribus
1091 232 1223 264 testibus
1237 233 1446 265 confirmatur
1467 246 1474 266 ;
1500 236 1554 267 sed
1568 237 1645 270 fides
1659 239 1767 272 Eccle-

988 285 1043 316 siae
1058 286 1202 326 pluribus
1226 288 1358 320 testibus
1379 290 1568 324 confirmata
1589 295 1652 332 est,
1669 304 1766 334 qnam

988 338 1083 370 fuerit
1098 339 1284 381 Synagogae
1297 365 1306 379 .,
1322 342 1388 373 sive
1403 346 1560 383 quantum
1575 346 1615 377 ad
1630 347 1764 379 mirabi-

989 390 1049 430 lia,
1067 392 1134 423 sive
1151 396 1308 433 quantum
1331 396 1371 426 ad
1392 398 1562 438 martyria,
1580 400 1647 431 sive
1661 410 1767 441 quan-

989 444 1059 475 tum
1073 445 1112 476 ad
1127 447 1355 487 prophetarum
1371 451 1511 483 oracula.

1030 496 1120 536 Item,
1137 502 1258 539 quanto
1273 501 1350 533 fides
1369 504 1494 534 firmius
1509 505 1663 544 adhaeret,
1680 509 1767 540 tanto

989 551 1104 581 certior
1129 555 1176 583 est
1194 564 1200 584 :
1219 554 1272 584 sed
1298 559 1418 594 quanto
1436 558 1514 589 fides
1535 561 1581 590 est
1605 561 1764 600 devotior,

988 603 1077 633 tanto
1100 602 1226 634 firmins
1248 605 1415 638 adhaeret:
1439 609 1493 639 sed
1517 612 1694 643 secundum
1719 612 1767 643 di·-

989 656 1172 688 versitatem
1196 660 1378 699 temporum
1401 663 1501 693 crevit
1522 664 1595 695 fidei
1617 665 1764 698 devotio:

989 717 1068 749 ergo
1084 711 1184 742 crevit
1203 711 1304 751 ipsius
1324 713 1398 744 fidei
1421 715 1588 747 certitudo.
1605 717 1693 755 Quod
1710 729 1767 750 au-

989 764 1054 793 tem
1071 764 1248 795 secundum
1262 765 1479 798 diversitatem
1498 770 1680 809 temporum
1697 772 1768 803 fidei

990 815 1115 847 devotio
1131 818 1276 856 creverit,
1293 820 1499 851 manifestum
1514 824 1570 861 est,
1586 823 1661 863 quia
1677 823 1769 856 devo—

989 869 1108 900 tionem
1124 871 1222 911 ipsius
1231 872 1377 904 Ecclesiae
1390 874 1568 906 admiratur
1579 876 1764 917 Synagoga,

990 925 1026 953 ut
1041 925 1125 963 patet
1140 924 1172 954 iu
1191 925 1335 957 Canlz'cis
1349 928 1439 966 quasi
1455 937 1510 968 per
1524 932 1638 967 totum,
1649 939 1766 962 secun-

990 975 1067 1006 dum
1084 977 1168 1016 quod
1191 977 1308 1010 Glossae
1327 984 1493 1020 exponunt
1517 993 1522 1012 :
1542 985 1573 1013 et
1587 982 1647 1014 hoc
1662 984 1768 1024 ipsum

991 1037 1138 1069 expresse
1153 1030 1252 1062 videri
1274 1035 1374 1072 potest
1389 1033 1423 1064 in
1444 1034 1548 1066 choris
1569 1039 1766 1077 martyrum,

991 1082 1157 1122 virginum
1170 1108 1177 1121 ‚
1214 1086 1244 1115 et
1272 1085 1486 1117 confessorum
1499 1111 1506 1125 ‚
1540 1089 1596 1129 qui
1632 1091 1768 1131 amplius

991 1135 1155 1167 abundant
1168 1139 1238 1176 post
1254 1137 1367 1169 Christi
1383 1139 1559 1172 adventum
1571 1152 1667 1182 quam
1682 1147 1766 1176 ante.

1032 1188 1091 1219 Sed
1110 1192 1218 1221 contra
1236 1202 1242 1220 :
1264 1193 1290 1221 l.
1308 1191 1384 1222 Tota
1406 1194 1561 1225 certitudo
1580 1195 1680 1235 ipsius
1696 1197 1768 1228 fidei

991 1241 1106 1280 pendet
1127 1251 1167 1273 ex
1186 1242 1295 1274 divina
1310 1245 1441 1276 veritate
1464 1246 1600 1279 dictante
1617 1259 1624 1280 :
1642 1249 1695 1280 sed
1710 1250 1770 1290 ipsi

991 1293 1109 1325 divinae
1126 1295 1248 1326 veritati
1267 1296 1396 1329 dictanti
1414 1299 1501 1330 nulia
1518 1301 1649 1332 omnino
1669 1305 1769 1343 potest

992 1355 1167 1379 accrescere
1181 1349 1334 1381 certitudo
1353 1361 1361 1382 :
1378 1361 1455 1392 ergo
1480 1354 1548 1393 pari
1569 1356 1691 1387 ratione
1712 1367 1771 1389 nec

991 1399 1051 1440 ipsi
1069 1401 1142 1433 fidei
1157 1404 1350 1436 assentienti.

1034 1454 1111 1486 Item
1133 1457 1273 1495 cognitio
1297 1458 1370 1488 fidei
1395 1462 1441 1490 est
1462 1461 1634 1493 conformis
1653 1463 1770 1496 divinae

993 1509 1210 1548 praescientiae,
1228 1520 1245 1540 a
1261 1520 1325 1550 qua
1341 1512 1453 1552 recipit
1476 1513 1744 1548 iiluminationem
1762 1529 1769 1550 :

994 1561 1047 1592 sed
1063 1561 1171 1592 divina
1186 1564 1386 1602 praescientia
1401 1575 1492 1606 aeque
1506 1571 1590 1599 certa
1605 1572 1649 1600 est
1665 1571 1702 1601 de
1718 1572 1771 1603 fu-

993 1614 1066 1643 turo
1086 1615 1260 1654 antequam
1276 1616 1396 1654 veniat⁷
1413 1618 1493 1648 sicut
1508 1622 1537 1649 et
1552 1619 1590 1650 de
1608 1618 1771 1660 praeterito

993 1669 1161 1706 postquam
1183 1669 1289 1699 evenit
1307 1678 1409 1709 :ergo
1435 1671 1560 1703 videtur
1583 1675 1668 1714 quod
1690 1676 1769 1706 fides

993 1723 1122 1760 patrum
1158 1723 1407 1762 praecedentium
1445 1726 1619 1758 adventum
1657 1729 1771 1761 Christi

992 1772 1129 1804 habebat
1143 1777 1264 1806 tantam
1279 1778 1518 1818 certitudinem,
1536 1783 1690 1821 quantam
1712 1783 1771 1815 ha-

993 1827 1047 1859 bet
1061 1828 1138 1859 fides
1153 1838 1280 1868 eorum,
1297 1831 1351 1871 qui
1368 1834 1443 1862 sunt
1457 1833 1627 1865 subsecuti.

1035 1882 1113 1913 [tem
1129 1892 1220 1923 reque
1242 1887 1326 1915 certa
1341 1887 1387 1916 est
1404 1886 1471 1926 ipsa
1486 1888 1564 1919 fides
1579 1889 1617 1920 de
1633 1898 1670 1920 eo
1685 1892 1770 1930 quod

993 1938 1166 1977 cognoscit,
1185 1938 1265 1969 sicut
1280 1942 1310 1970 et
1329 1940 1496 1980 prophetia
1513 1952 1519 1972 :
1536 1943 1589 1973 sed
1604 1945 1770 1985 prophetia

993 1992 1040 2021 est
1054 1990 1164 2022 divina
1177 1991 1341 2032 inspiratio
1359 2002 1467 2024 rerum
1483 1998 1635 2027 eventum
1651 1998 1770 2030 immo-

993 2042 1049 2072 bili
1065 2043 1194 2074 veritate
1210 2044 1424 2084 denuncians,
1442 2056 1516 2086 quae
1531 2049 1609 2080 adeo
1625 2053 1670 2080 est
1685 2054 1770 2083 certa

993 2097 1031 2127 de
1045 2096 1165 2136 futuro,
1182 2097 1263 2128 sicut
1280 2100 1310 2129 et
1324 2099 1362 2129 de
1377 2101 1557 2139 praeterito;
1574 2103 1658 2134 unde
1673 2107 1703 2134 et
1718 2105 1769 2135 fu-

993 2151 1065 2180 tura
1080 2150 1261 2190 frequenter
1275 2154 1450 2184 annunciat
1463 2164 1520 2194 per
1536 2155 1668 2187 modum
1686 2166 1769 2197 prae-

993 2203 1077 2234 teriti
1094 2215 1100 2235 t
1119 2214 1197 2244 ergo
1223 2205 1292 2246 pari
1314 2207 1434 2239 ratione
1460 2209 1603 2248 videtur,
1630 2211 1714 2250 quod
1738 2215 1770 2243 et

993 2257 1070 2288 fides
1085 2258 1118 2288 111
1134 2259 1280 2298 pluribus
1295 2261 1440 2300 patribus
1453 2263 1702 2301 praeeedentibus
1717 2264 1769 2295 ad-

992 2314 1125 2343 ventum
1141 2312 1254 2344 Christi
1269 2322 1361 2353 aeque
1376 2319 1460 2345 certa
1474 2316 1578 2353 suerit,
1595 2316 1675 2348 sicut
1690 2320 1720 2349 et
1734 2318 1767 2348 in

993 2366 1271 2405 consequentibus.

1033 2418 1127 2458 Item,
1147 2419 1228 2451 sicut
1248 2420 1282 2450 in
1296 2420 1358 2452 fide
1374 2423 1481 2453 nostra
1496 2423 1604 2454 nullus
1619 2423 1700 2455 cadit
1715 2434 1766 2456 er·-

992 2481 1057 2511 ror,
1080 2472 1168 2504 nulla
1189 2473 1355 2513 dubitatio,
1377 2475 1420 2506 sic
1436 2475 1542 2506 necin
1561 2477 1623 2508 fide
1646 2487 1766 2517 11111100-

992 2525 1136 2558 dentium
1158 2529 1288 2567 patrum
1317 2538 1324 2558 :
1353 2528 1379 2558 si
1405 2537 1484 2568 ergo
1521 2530 1624 2562 albius
1650 2532 1767 2566 dicitur

1025 2607 1031 2623 ¹
1044 2606 1113 2630 Psal.
1125 2609 1264 2639 cxv111‚99.
1275 2621 1306 2626 -—
1315 2610 1325 2624 ¹
1335 2609 1374 2639 Cf.
1386 2609 1458 2633 Alex.
1472 2610 1578 2642 Mensis,
1593 2612 1674 2642 Βοιώ,
1685 2621 1710 2645 p.
1725 2615 1767 2647 ΙΙΙ,

990 2641 1048 2667 coll.
1064 2647 1107 2672 xx«,
1123 2644 1172 2667 art.
1187 2645 1211 2668 ι.
1225 2657 1251 2660 -
1263 2645 1294 2674 (α)
1311 2644 1353 2669 ΑΙ.
1371 2645 1404 2669 ei.

1782 1208 1815 1228 Ad
1825 1214 1875 1235 opp.
