2017 2960
78 2105 164 2126 undam.

700 153 797 185 DlST.
821 153 927 185 XXVI.
950 151 1041 184 ART.
1068 153 1090 184 1.
1114 153 1268 191 QUAEST.
1292 156 1315 186 Ι.

193 222 239 250 est
258 221 350 251 extra
369 221 488 251 statum
508 220 649 251 merendi
665 223 695 252 et
709 220 894 252 demerendi
913 231 920 250 ε
938 221 969 251 et

192 273 246 304 illa
260 272 458 303 confirmatio
475 281 541 304 non
556 275 690 304 evacuat
703 283 803 314 spem,
819 274 968 313 quamvis

192 327 290 366 ponat
303 327 393 356 extra
407 327 526 357 statum
541 326 752 357 vertibilitatis
762 327 863 366 ipsius
878 326 968 356 liberi

192 378 316 409 arbitrii
332 389 339 410 t
357 388 451 418 ergo,
468 382 527 410 etc.
542 379 592 411 Ad
617 379 695 411 illud
717 379 801 420 quod
818 379 968 419 objicitur

191 431 228 462 de
242 431 436 471 Behemoth,
455 432 626 464 dicendum
642 432 730 472 quod
745 441 815 472 spes
830 432 874 462 ihi
888 432 966 462 acci-

189 485 277 524 pitur
296 485 485 525 improprie,
510 488 541 516 et
561 494 619 526 pro
644 485 864 525 expectatione
884 485 964 516 dila-

190 538 284 570 tionis
301 538 415 579 Judicii
428 563 437 578 ‚
454 539 487 570 in
505 547 569 578 quo
590 538 714 576 acrius,
731 547 829 578 quam
852 538 964 576 modo,

188 592 370 632 puniendus
393 594 459 631 est,
475 593 507 623 et
527 601 585 632 pro
602 592 819 632 expectatione
840 591 963 623 dilatio-

187 645 239 676 nis
249 645 365 685 judicii
380 646 500 677 diutius
514 645 730 677 constituendi
745 655 842 686 super
856 655 960 685 pecca-

188 700 270 730 tores
288 709 295 730 :
311 707 452 739 quorum
472 700 610 738 utroque
631 698 837 730 frustrabitur
859 699 965 729 diabo-

185 751 237 782 lus
251 751 287 782 in
301 751 350 782 die
362 750 474 791 Judicii
485 774 493 788 ‚
508 752 539 782 et
553 751 661 790 cltius,
678 760 776 791 quam
792 751 902 790 vellet,
913 752 965 791 ju-

184 803 352 835 dicabitur.
368 803 407 835 Et
423 813 464 835 ex
477 803 528 834 his
543 806 653 844 patent
676 804 730 834 illa
748 803 845 835 dubia
856 828 865 842 ,
887 813 960 845 quae

184 864 281 896 supra
294 856 333 888 de
347 856 490 897 subjecto
505 857 573 897 spei
585 857 824 897 quaerebantur.

423 981 666 1017 ARTICULUS
690 984 716 1016 I.

222 1071 270 1102 Ad
284 1072 528 1111 intelligentiam
544 1073 644 1113 hujus
663 1074 761 1114 partis
785 1074 894 1105 incidit
908 1074 961 1106 hic

184 1124 318 1165 quaestio
333 1124 371 1156 de
386 1124 507 1157 virtute
527 1125 616 1165 spei;
639 1128 670 1157 et
693 1126 777 1158 circa
798 1126 897 1167 ipsius
910 1128 961 1158 in-

181 1177 385 1217 quisitIOnem
404 1178 573 1218 dupliciter
592 1179 830 1219 procedendum
846 1182 893 1211 est
910 1189 958 1211 se-

180 1230 260 1262 dum
273 1239 459 1271 processum
473 1231 573 1271 ipsius
585 1231 740 1271 Magistri.
753 1232 861 1263 Primo
873 1233 959 1264 enim

181 1283 338 1324 quaeritur
352 1284 391 1315 de
416 1284 486 1324 ipsa
507 1293 562 1324 spe
584 1284 762 1316 secundum
785 1285 960 1317 considera-

180 1336 299 1368 tionem
310 1337 487 1369 absolutam
500 1347 507 1376 3
529 1337 671 1369 secundo
689 1338 847 1378 quaeritur
860 1339 898 1370 de
911 1349 960 1370 ea-

180 1389 253 1420 dem
281 1390 458 1422 secundum
494 1391 782 1422 considerationem
814 1392 957 1425 relatam.

181 1442 270 1475 Circa
290 1443 433 1483 primum
453 1446 647 1484 quaeruntur
669 1444 810 1485 quinque
829 1454 836 1475 ε
853 1446 957 1485 primo

179 1497 336 1537 quaeritur
350 1499 463 1529 utrum
477 1507 547 1539 spes
561 1498 602 1529 sit
618 1499 723 1530 virtus
741 1499 898 1538 gratuita;
915 1508 959 1531 se-

181 1551 302 1590 cundo,
327 1553 439 1583 utrum
464 1561 535 1592 spes
558 1552 600 1583 sit
623 1553 750 1585 virtutis
773 1562 897 1592 genus,
917 1562 959 1584 an

181 1603 300 1643 species
311 1604 556 1644 specialissima;
570 1606 662 1637 tertio
677 1607 834 1646 quaeritur
848 1608 958 1638 utrum

181 1665 252 1697 spes
276 1657 317 1688 sit
339 1657 443 1690 virtus
468 1658 655 1696 cardinalis⁷
684 1669 724 1691 an
754 1660 956 1700 theologica3

181 1711 310 1749 quarto,
334 1711 447 1742 utrum
475 1710 647 1752 aliquando
669 1712 710 1743 sit
733 1713 836 1744 virtus
856 1714 957 1744 infor-

182 1763 257 1801 mis,
272 1772 313 1794 an
335 1772 460 1804 semper
483 1765 639 1804 formata;
660 1765 775 1806 quinto
798 1766 957 1806 quaeritur

181 1817 292 1847 utrum
303 1815 336 1846 in
346 1818 419 1848 actu
430 1826 488 1848 suo
499 1817 786 1856 sitcertitudinalis,
795 1828 838 1850 an
848 1819 955 1851 dubia.

454 1925 636 1963 QUAESTIO
658 1926 682 1957 1.

352 2007 400 2034 An
413 2013 471 2041 spes
482 2006 520 2034 sit
534 2008 621 2034 virtus
634 2009 759 2041 gratuita
776 2009 795 2034 ¹.

222 2085 336 2117 Utrum
348 2094 419 2125 spes
427 2086 466 2116 sit
480 2086 584 2117 virtus
591 2087 733 2126 gratuita
742 2099 750 2126 ;
763 2090 793 2119 et
803 2089 889 2128 quod
901 2089 957 2127 sic,

180 2139 307 2170 videtur
322 2140 332 2157 ⁸
347 2148 356 2170 :
372 2140 438 2179 Spe
451 2139 537 2171 salvi
549 2140 631 2179 sacci
644 2149 754 2173 sumus
774 2152 780 2172 :
797 2142 884 2182 quod
899 2152 957 2173 au-

180 2194 245 2223 tem
270 2201 327 2223 nos
350 2192 422 2223 facit
442 2193 610 2233 pervenire
633 2194 672 2226 ad
694 2195 830 2226 salutem
841 2218 851 2234 ,
881 2196 960 2227 illud

180 2246 341 2286 praecipue
357 2247 442 2277 tenet
465 2247 622 2278 rationem
637 2247 765 2280 virtutis
779 2249 931 2288 gratuitae
949 2260 956 2281 :

179 2299 207 2329 si
220 2308 301 2339 ergo
318 2308 389 2340 spes
403 2302 450 2331 est
464 2300 650 2340 huiusmodi
663 2324 671 2340 ‚
689 2311 767 2342 ergo
790 2304 838 2333 est
857 2303 960 2334 virtus

181 2352 334 2392 gratuita.

223 2405 302 2437 Item
325 2406 359 2437 in
379 2406 505 2438 Psalmo
520 2407 529 2425 ⁸
549 2418 556 2439 :
573 2408 810 2449 Beneplacitum
833 2413 879 2443 est
894 2411 960 2443 Do-

219 2486 380 2510 *Alexander
395 2486 503 2515 Alensis,
519 2488 601 2515 δοιώ,
617 2489 696 2519 p.111,
712 2490 771 2514 coll.
788 2496 857 2520 vat,
874 2493 921 2515 art.
940 2497 957 2521 1;

183 2524 209 2545 s.
223 2521 422 2551 Thomas-1141,
432 2529 458 2552 q.
468 2528 530 2553 μη,
540 2525 587 2546 art.
606 2526 612 2546 1
629 2531 635 2552 ς
647 2526 671 2547 et
684 2525 713 2548 111
727 2525 786 2549 Sent
800 2545 806 2556 ,
817 2527 875 2550 dist.
886 2532 959 2557 xxw,

183 2563 207 2587 q.
220 2562 251 2587 11,
262 2557 309 2580 art.
322 2558 343 2586 ¹3
354 2556 417 2580 etde
427 2557 592 2589 Ver2·t.,q.1v,
605 2560 651 2582 art.
666 2560 675 2583 1
687 2567 694 2590 ;
709 2560 836 2591 Riehard„
848 2562 877 2585 ΙΗ
892 2562 960 2590 Sent,

183 2591 241 2616 dist.
256 2597 327 2620 xxvi,
347 2593 396 2615 art.
408 2593 431 2622 3,
446 2599 471 2623 q.
487 2598 508 2622 1;
523 2594 598 2618 Joau.
620 2595 724 2625 Baech.,
748 2597 780 2620 ΙΙΙ
803 2597 881 2627 Seni„
902 2597 960 2621 dist.

183 2633 254 2657 xm,
272 2635 297 2658 q.
312 2635 329 2658 1,
347 2629 394 2651 art.
415 2630 439 2657 15
454 2628 541 2658 steph.
558 2629 650 2658 Brutes,
667 2631 697 2655 tlt
714 2632 792 2663 Seni„
808 2633 864 2657 ‹tis-1.
883 2637 959 2661 λχνι,

1745 164 1801 193 567

1026 220 1114 252 vzz‘no
1127 229 1223 261 super
1239 223 1381 255 timentes
1393 231 1480 262 eum,
1497 228 1524 256 et
1538 226 1574 256 τη
1590 228 1636 258 eis
1657 229 1714 266 φη·
1734 236 1804 268 spe-

1025 277 1101 305 rant
1113 282 1207 314 super
1221 276 1446 308 misericordia
1461 277 1549 316 ejus:
1565 279 1619 309 sed
1634 281 1718 319 quod
1732 282 1801 313 red-

1024 326 1070 357 dit
1084 330 1249 367 acceptum
1268 329 1346 367 Deo,
1364 331 1415 361 vel
1440 333 1488 361 est
1510 332 1613 362 virtus
1640 335 1800 374 gratuita,

1024 379 1074 409 vel
1090 379 1219 411 habitus
1243 382 1448 414 excellentior
1471 384 1557 424 ipsa,
1575 385 1655 416 sicut
1675 386 1803 418 habitus

1023 431 1097 462 doni
1111 456 1118 469 ‚
1145 433 1195 463 vel
1226 434 1428 466 beatitudinis
1453 447 1459 467 ε
1485 436 1511 467 si
1536 446 1614 476 ergo
1639 447 1711 478 spes
1737 449 1802 471 non

1024 489 1226 526 computatur
1237 489 1319 519 inter
1335 489 1462 521 habitus
1476 491 1636 523 donorum
1653 495 1684 524 et
1699 494 1799 525 beati—

1022 540 1184 579 tudinum,
1203 550 1328 573 necesse
1349 544 1396 573 est
1420 552 1491 574 eam
1515 546 1693 585 computari
1718 546 1802 578 inter

1021 592 1149 623 habitus
1164 594 1323 625 virtutum
1338 596 1566 635 gratuitarum.

1062 645 1140 677 Item
1155 646 1283 678 habitus
1297 648 1413 679 directe
1424 658 1609 689 repugnans
1626 652 1729 692 culpae
1743 653 1800 684 ha·

1020 698 1072 730 bet
1096 699 1131 729 in
1154 709 1188 730 se
1209 701 1368 732 rationem
1392 702 1522 733 virtutis
1541 705 1690 742 gratuitae
1715 715 1722 736 :
1747 706 1801 737 sed

1019 761 1091 792 spes
1105 753 1247 793 undique
1271 756 1431 794 repugnat
1447 756 1550 796 culpae
1564 780 1572 795 ‚
1589 757 1664 796 quia
1678 766 1800 797 repug-

1019 809 1075 837 nat
1088 807 1344 847 praesumptioni,
1355 811 1387 839 et
1396 809 1608 849 desperationi
1621 819 1628 840 :
1641 819 1730 850 ergo,
1740 813 1798 842 etc.

1060 861 1139 892 Item
1152 861 1233 892 sicut
1248 861 1375 893 difficile
1389 865 1437 894 est
1450 864 1576 895 credere
1589 864 1674 904 quod
1686 867 1733 896 est
1745 874 1799 896 su-

1018 922 1076 953 pra
1091 914 1260 953 rationem,
1276 914 1321 945 sic
1336 915 1462 947 difficile
1477 919 1523 947 est
1538 919 1704 957 expectare
1714 918 1798 957 quod

1018 968 1065 997 est
1086 975 1183 1007 supra
1208 976 1338 998 omnem
1364 969 1608 1001 aestimationem
1626 981 1632 1001 :
1660 970 1715 1001 sed
1744 979 1800 1010 per

1017 1028 1106 1059 spem
1119 1022 1303 1060 expectatur
1319 1021 1396 1052 illud
1410 1022 1533 1053 bonum
1543 1023 1628 1063 qnod
1639 1023 1648 1039 ⁶
1659 1031 1715 1055 nec
1730 1031 1800 1056 ocu-

1017 1073 1065 1104 lus
1079 1073 1178 1111 vidit,
1196 1081 1249 1105 nec
1266 1075 1358 1106 auris
1375 1074 1523 1112 αῑιαῑυῐτ,
1539 1083 1595 1107 nec
1616 1077 1652 1107 in
1674 1084 1726 1109 cor
1740 1077 1796 1109 1ιο-

1016 1127 1117 1158 minis
1137 1127 1284 1160 ascendit
1304 1138 1316 1158 .·
1330 1137 1408 1167 ergo
1429 1128 1510 1160 sicut
1533 1129 1610 1160 fides
1628 1131 1674 1161 est
1696 1130 1800 1162 virtus

1016 1189 1079 1219 qua
1103 1180 1279 1211 creduntur
1300 1180 1491 1220 invisibilia,
1507 1182 1549 1212 sic
1565 1182 1691 1214 videtur
1713 1184 1798 1223 quod

1015 1241 1085 1271 spes
1099 1234 1146 1262 est
1161 1232 1265 1263 virtus
1278 1242 1343 1273 qua
1364 1235 1573 1273 expectantur
1586 1235 1797 1267 inaestimabi-

1014 1284 1066 1321 lia,
1079 1285 1140 1315 hoc
1155 1286 1211 1323 est,
1226 1285 1312 1316 bona
1323 1286 1501 1326 spiritualia
1517 1289 1548 1317 et
1562 1289 1693 1320 aeterna.

1056 1338 1154 1377 Item,
1180 1339 1267 1379 quod
1293 1339 1435 1370 maxime
1460 1340 1568 1372 firmat
1591 1341 1748 1380 animam,
1766 1345 1797 1373 et

1013 1392 1184 1430 rectificat,
1208 1394 1238 1423 et
1253 1392 1404 1432 delectat,
1421 1394 1499 1425 illud
1524 1395 1687 1434 potissime
1701 1396 1797 1427 habet

1014 1445 1171 1476 rationem
1186 1446 1314 1477 virtutis
1329 1447 1495 1486 gratuitae;
1520 1448 1624 1479 virtus
1645 1448 1732 1479 enim
1751 1452 1796 1480 est

1014 1497 1143 1530 habitus
1158 1499 1307 1539 potentiae
1324 1500 1524 1539 regulativus
1541 1503 1572 1532 et
1595 1503 1794 1533 confirmati-

1014 1560 1085 1589 vus,
1100 1553 1156 1592 qui
1172 1552 1245 1583 facit
1260 1552 1363 1592 ipsam
1385 1553 1527 1584 animam
1548 1555 1689 1594 gaudere
1711 1556 1795 1587 circa

1013 1614 1051 1636 ea
1079 1614 1151 1645 quae
1179 1607 1262 1636 reeta
1285 1607 1361 1636 sunt
1376 1629 1384 1644 ,
1414 1607 1591 1638 secundum
1616 1608 1701 1647 quod
1724 1609 1794 1639 vult

1014 1659 1226 1699 Philosophus
1241 1659 1262 1690 ⁶.
1281 1659 1342 1691 Sed
1358 1669 1428 1700 spes
1443 1662 1489 1691 est
1501 1661 1708 1700 huJ'usmodi;
1725 1662 1793 1701 ipsa

1014 1713 1100 1744 enim
1115 1713 1282 1743 confirmat
1297 1714 1328 1743 et
1347 1713 1498 1752 delectat,
1516 1714 1691 1745 secundum
1707 1716 1792 1754 quod

1013 1766 1128 1797 dicitur
1143 1766 1153 1783 ⁵
1171 1776 1178 1797 z
1201 1767 1430 1799 Fortissimum
1451 1767 1602 1799 habemus
1621 1767 1792 1807 solatium,

1011 1827 1068 1859 per
1083 1819 1168 1860 quod
1190 1820 1394 1860 confugimus
1418 1820 1463 1852 ad
1484 1821 1682 1861 propositam
1703 1822 1793 1854 nobis

1013 1881 1112 1913 spem,
1127 1881 1224 1913 quam
1237 1874 1322 1906 sicut
1338 1873 1510 1906 anchoram
1520 1897 1530 1912 ‚
1550 1877 1610 1906 etc.
1624 1875 1662 1906 Et
1679 1875 1723 1907 ad
1737 1876 1794 1908 Ro-

1013 1933 1124 1958 manos
1139 1929 1150 1946 ⁷
1169 1936 1181 1956 .·
1199 1926 1259 1966 Spe
1275 1926 1465 1966 qaudentes.
1482 1927 1614 1958 Videtur
1628 1936 1706 1968 ergo
1721 1937 1793 1959 ma-

1013 1979 1136 2017 nifeste,
1152 1979 1238 2020 quod
1252 1989 1324 2020 spes
1338 1980 1377 2011 sit
1393 1980 1428 2011 in
1442 1989 1561 2020 genere
1575 1981 1703 2012 virtutis
1716 1990 1793 2020 gra—

1015 2032 1116 2064 tuitae.

1054 2084 1114 2116 Sed
1127 2087 1237 2116 contra
1252 2096 1259 2116 :
1274 2088 1302 2116 1.
1316 2085 1411 2117 Nulla
1423 2086 1527 2126 passio
1539 2088 1587 2117 est
1598 2087 1702 2117 virtus
1716 2096 1723 2118 :
1739 2088 1793 2119 sed

1014 2148 1086 2179 spes
1101 2141 1148 2169 est
1163 2148 1229 2170 una
1245 2139 1283 2170 de
1297 2140 1435 2179 quatuor
1450 2139 1662 2179 passionibus,
1678 2149 1790 2171 secun-

1014 2192 1092 2224 dum
1105 2192 1191 2232 quod
1213 2191 1288 2223 dicit
1311 2191 1459 2230 Boetius,
1489 2192 1527 2225 de
1549 2192 1768 2225 Consolatione
1782 2205 1794 2225 .·

1014 2255 1092 2286 ergo
1107 2254 1178 2286 spes
1194 2254 1259 2277 non
1273 2247 1320 2277 est
1334 2245 1448 2277 virtus.
1461 2245 1567 2277 Prima
1575 2246 1726 2286 probatur
1738 2255 1794 2286 per

1014 2300 1092 2332 illud
1105 2324 1113 2338 ‚
1138 2300 1225 2340 quod
1242 2299 1317 2331 dicit
1339 2300 1552 2340 Philosophus
1566 2300 1588 2339 ⁸,
1608 2300 1693 2340 quod
1717 2309 1792 2331 cum

1014 2354 1074 2385 tria
1094 2354 1157 2384 sint
1183 2353 1218 2384 in
1241 2353 1368 2392 anima,
1393 2354 1560 2393 potentiae,
1574 2353 1735 2394 passiones
1762 2357 1793 2386 et

1014 2407 1153 2446 habitm,
1169 2406 1273 2438 virtus
1286 2415 1352 2438 non
1366 2408 1413 2438 est
1428 2406 1461 2437 in
1477 2415 1595 2447 genere
1616 2406 1769 2446 passionis
1779 2431 1789 2446 ,

1015 2494 1040 2517 q.
1057 2493 1071 2509 1.
1084 2500 1109 2503 —-
1120 2487 1214 2515 ²R‹mz.,
1226 2493 1280 2516 vm,
1297 2490 1334 2509 κ’».
1348 2487 1396 2504 -3
1409 2486 1472 2510 Psal.
1483 2492 1570 2516 cxnvl,
1590 2489 1624 2509 lt.
1637 2499 1667 2503 —-
1681 2487 1690 2502 ὁ
1704 2487 1710 2509 Ι
1722 2487 1790 2518 Con,

1018 2528 1045 2552 ιι,
1061 2524 1084 2545 9.
1099 2522 1148 2539 -5
1166 2522 1250 2551 Arist„
1269 2522 1360 2549 Emis„
1376 2522 1420 2544 hh.
1439 2522 1466 2548 ΙΙ,
1493 2524 1561 2545 cont.
1586 2524 1598 2545 3
1618 2524 1641 2545 et
1657 2523 1684 2551 4;
1711 2522 1790 2552 mter„

1016 2557 1057 2581 lib.
1072 2557 1093 2587 l;
1108 2557 1198 2587 Ethic„
1213 2557 1256 2581 lib.
1271 2558 1325 2587 vn,
1342 2559 1408 2581 cont.
1427 2558 1462 2581 14.
1479 2569 1510 2574 ——
1524 2558 1533 2573 θ
1546 2556 1631 2583 Helua,
1649 2563 1683 2587 vx,
1702 2558 1737 2586 18,
1753 2559 1789 2581 19.

1016 2595 1064 2612 ——7
1076 2595 1154 2625 Rom„
1170 2601 1216 2625 xil,
1234 2596 1270 2618 12.
1287 2609 1311 2611 —
1323 2595 1333 2610 Ε
1352 2594 1437 2623 Arist,
1455 2594 1604 2623 h'tl11*c.‚lih.
1628 2595 1656 2624 ll,
1673 2597 1740 2618 cont.
1761 2596 1788 2622 ἰὴ

1017 2632 1059 2656 lib.
1081 2632 1123 2656 ΙΙΙ.

1811 2111 1844 2131 Ad
1858 2116 1909 2139 opp.
