2017 2960
632 151 818 184 DISTINCT.
842 153 904 185 XX.
930 155 1020 187 ΛΒΤ.
1047 156 1070 187 1.
1094 155 1243 194 QUAEST.
1270 157 1292 187 l.

161 231 217 263 per
232 221 462 262 reparationem
478 220 540 251 Deo
555 220 649 250 habet
664 219 837 260 conjungi,
854 220 936 252 vide-

160 278 213 307 tur
228 275 313 316 quod
328 283 494 314 nunquam
511 274 615 305 decuit
636 282 739 313 genus
754 274 935 306 humanum

160 328 310 369 reparari.

200 385 229 413 5.
247 382 336 419 Item,
354 382 434 413 sicut
449 382 546 413 homo
562 391 618 422 per
633 384 796 422 peccatum
818 382 937 413 meruit

160 437 295 467 mortem
318 435 440 474 carnis,
469 436 512 466 ita
539 436 634 466 etiam
659 435 776 466 meruit
800 438 936 467 mortem

159 489 361 529 sempiternas
387 489 600 520 damnationis
627 500 633 520 z
659 489 712 519 sed
743 498 808 520 non
832 489 938 521 decuit

159 543 260 574 Deum
275 543 319 573 sic
335 552 482 583 reparare
498 551 601 582 genus
615 543 808 580 humanum,
822 546 857 573 ut
872 552 937 573 non

159 599 339 627 moreretur
361 598 463 627 morte
485 596 587 626 carnis
609 605 616 626 ι
639 605 716 635 ergo
742 605 808 627 non
832 596 937 627 decuit

159 651 204 681 sic
218 659 377 690 reparare,
396 653 432 681 ut
452 659 517 681 non
532 652 712 681 moreretur
733 652 834 681 morte
850 660 936 681 sem-

159 704 291 744 piternae
309 703 530 734 damnationis.

199 760 229 788 6.
257 758 346 794 Item,
374 766 439 787 non
465 757 553 787 decet
578 756 677 787 Deum
700 757 802 787 facere
828 759 937 788 contra

159 813 396 853 dispositionem
419 821 487 842 suae
510 812 674 852 sapientiae
692 823 698 843 ε
716 812 769 843 scd
786 812 867 843 Deus
889 815 937 843 ta-

159 866 222 897 lem
247 866 361 897 fecerat
384 866 565 902 hominem,
592 870 644 903 ut,
669 866 695 896 si
718 867 811 897 vellet
835 869 936 904 stare,

159 921 274 958 staret3
302 922 332 950 et
356 920 382 950 si
404 919 497 950 vellet
519 919 645 957 cadere,
672 919 796 950 caderet
814 931 820 949 :
839 929 935 960 ergo,

159 973 240 1003 sicut
261 982 325 1003 non
348 973 435 1003 decet
460 972 560 1003 Deum
587 973 688 1003 facere
711 973 749 1004 de
769 975 886 1011 stante,
902 976 938 1005 ut

160 1027 264 1064 cadat3
276 1027 318 1057 ita
333 1036 396 1057 non
407 1026 494 1057 decet
504 1027 609 1066 ipsum
623 1027 725 1057 facere
740 1027 777 1058 de
794 1027 934 1066 cadente,

160 1082 196 1111 ut
210 1082 356 1120 resurgat
381 1091 386 1111 :
406 1089 484 1120 ergo
499 1090 564 1111 non
589 1080 674 1111 dccet
692 1090 766 1111 eum
791 1090 938 1121 reparare

160 1133 336 1164 humanam
353 1135 512 1164 naturam.

434 1248 661 1280 CONCLUSIO.

164 1337 315 1372 Conqmum
329 1339 386 1371 fuit
400 1338 545 1364 humanam
560 1339 688 1364 naturam
697 1345 713 1364 α
726 1338 777 1364 Deo
792 1339 920 1372 reparari
931 1347 938 1364 :

199 1384 264 1417 quin
281 1384 360 1409 immo
376 1383 450 1409 istud
469 1383 526 1415 fuit
541 1383 715 1409 necessarinm
731 1390 763 1409 eae
775 1385 856 1417 parte
872 1384 921 1410 Dei
931 1403 937 1415 ,

200 1431 354 1457 necessitate
374 1429 624 1463 immutabilitatis,
641 1437 693 1456 non
711 1431 866 1456 coactionis.

203 1509 293 1550 Resp.
313 1510 351 1541 ad
367 1519 436 1549 arg.
457 1509 626 1540 Dicendum
644 1510 729 1550 quod
744 1510 863 1550 absque
880 1510 938 1541 da-

161 1563 213 1594 bio
229 1572 410 1603 congruum
427 1564 515 1593 estet
536 1562 650 1593 decens
673 1563 811 1602 reparari
836 1573 940 1603 genus

161 1618 353 1648 humanum.
371 1617 575 1655 Congruum,
594 1617 743 1657 inquam,
767 1619 813 1647 est
834 1620 863 1648 et
885 1618 941 1648 de-

161 1680 234 1702 cens
249 1680 313 1701 non
328 1671 431 1701 solum
453 1680 492 1701 ex
516 1673 603 1710 parte
623 1671 694 1709 Dei,
711 1671 763 1701 sed
787 1671 884 1701 etiam
900 1681 940 1702 ex

161 1727 250 1766 parte
265 1725 404 1755 hominis
423 1735 429 1755 ς
449 1734 488 1755 ex
504 1726 592 1765 parte
609 1724 677 1761 Dei,
695 1724 771 1764 quia
786 1724 872 1755 decet
887 1724 939 1755 Dei

162 1779 356 1820 potentiam,
391 1778 579 1818 sapientiam
614 1780 646 1809 et
670 1778 937 1817 misericordiam,

161 1833 243 1864 sicut
257 1832 290 1862 in
314 1832 502 1872 opponendo
525 1834 738 1862 monstratum
754 1833 801 1862 est
824 1841 937 1872 supra;

162 1896 200 1917 ex
215 1889 304 1926 parte
318 1895 394 1917 vero
410 1885 549 1916 hominis
565 1886 774 1925 congruentia
789 1887 833 1916 est
849 1885 940 1916 simi-

162 1940 244 1978 liter,
262 1940 288 1970 si
310 1939 529 1970 consideretur
544 1939 683 1978 dignitas
703 1939 842 1970 hominis
863 1948 937 1970 con-

162 1993 236 2032 diti,
253 1995 284 2024 et
298 1993 412 2024 modus
433 1993 576 2031 labendi,
593 1995 624 2024 et
641 1995 739 2023 status
754 1992 844 2032 lapsi.
863 1992 940 2032 Dig-

162 2047 243 2078 nitas
257 2056 396 2086 namque
415 2046 556 2077 hominis
571 2046 687 2077 conditi
701 2048 789 2077 tanta
804 2048 888 2084 erat,
905 2048 940 2077 ut

162 2102 290 2142 propter
313 2101 420 2140 ipsum
442 2100 523 2130 sacta
547 2099 608 2130 sint
622 2099 784 2131 universa.
813 2099 843 2130 Si
861 2109 939 2139 ergo

161 2155 259 2186 homo
285 2156 405 2185 careret
430 2163 488 2184 suo
514 2154 587 2192 fine,
610 2155 678 2193 jam
704 2153 812 2184 omnia
838 2156 941 2185 essent

162 2217 221 2239 suo
247 2208 312 2238 fine
342 2206 536 2237 defraudata.
569 2206 680 2238 Modus
708 2216 784 2238 vero
814 2207 941 2238 labendi

162 2262 236 2300 suit,
255 2261 339 2302 quod
356 2261 500 2291 humana
515 2261 629 2291 natura
649 2260 785 2291 totaliter
810 2261 938 2299 cecidit,

164 2315 224 2346 alio
246 2317 406 2355 peccante,
432 2316 463 2345 et
488 2314 549 2345 alio
573 2317 789 2354 suggerente;
817 2317 848 2346 et
870 2315 940 2346 ideo

165 2369 277 2400 decens
298 2369 359 2400 fuit
381 2369 483 2409 ipsam
517 2378 573 2408 per
601 2368 700 2399 alium
725 2369 880 2407 relevari,
905 2371 941 2400 ut

165 2422 245 2453 sicut
258 2422 316 2452 filii
329 2423 541 2462 peccaverunt
555 2422 590 2452 in
613 2423 744 2462 parente
756 2447 764 2460 ,
782 2424 811 2453 et
826 2431 941 2463 parens

164 2475 305 2516 peccavit
318 2475 443 2506 diabolo
457 2477 664 2515 suggerente,
677 2475 721 2506 sic
735 2476 830 2508 etiam
844 2477 940 2508 homo

164 2530 366 2569 repararetur
381 2528 515 2559 Domino
531 2529 702 2560 relevante.
719 2528 827 2560 Status
844 2530 940 2561 etiam

164 2583 304 2615 hominis
324 2582 404 2623 lapsi
420 2583 613 2623 reparationi
635 2584 800 2624 congruit,
818 2585 893 2625 quia
908 2584 940 2615 in

197 2647 204 2664 Ι
222 2645 344 2675 Ausoba,
362 2645 412 2668 Cur
431 2644 650 2675 Dea5110m0‚1ib.
668 2647 696 2675 ll,
713 2653 737 2670 e.
752 2653 775 2670 v.

1710 163 1767 192 425

993 223 1046 254 1110
1061 225 1144 255 statu
1165 224 1261 255 simul
1284 224 1344 255 fuit
1367 225 1552 265 poenitentia
1573 235 1647 257 cum
1672 228 1766 260 mise-

993 277 1039 307 ria
1058 289 1064 308 2
1086 279 1116 308 et
1137 278 1322 318 poenitentia
1346 278 1486 318 quodam
1508 280 1602 311 modo
1626 281 1769 321 placabat

993 330 1136 361 divinam
1149 332 1327 371 justitiam3
1347 332 1473 363 miseria
1487 342 1564 365 vero
1578 336 1769 374 provocabat

994 384 1255 416 misericordiam.
1275 385 1311 416 Et
1334 386 1378 417 sic
1402 388 1497 426 patet,
1519 388 1604 428 quod
1622 398 1679 428 per
1703 399 1770 420 om-

993 446 1067 468 nem
1083 438 1215 469 modum
1232 448 1414 479 congruum
1429 441 1489 471 fuit
1504 442 1645 482 reparari
1666 452 1771 482 genus

994 490 1186 522 humanum.
1213 492 1415 532 Congruum,
1442 495 1591 534 inquam,
1618 506 1656 527 ex
1684 499 1770 537 parte

993 544 1133 584 opificis;
1157 550 1186 576 et
1208 555 1390 586 congruum
1408 557 1448 578 ex
1469 552 1557 588 parte
1579 550 1694 590 operis.
1711 551 1771 582 Sed

994 599 1180 638 congruitas
1193 608 1233 630 ex
1249 602 1336 639 parte
1352 602 1455 641 operis
1467 612 1547 642 pura
1561 605 1772 643 congruentia

995 651 1056 686 est,
1073 649 1117 680 ita
1136 650 1221 700 quod
1240 659 1304 681 non
1329 652 1417 691 ponit
1441 653 1678 693 necessitatem3
1696 664 1770 686 con-

955 731 957 734 4
995 702 1118 742 gruitas
1133 712 1209 734 vero
1224 712 1263 734 ex
1280 706 1367 744 parte
1389 705 1511 745 opificis
1527 707 1615 746 ponit
1634 709 1770 738 necessi-

995 758 1092 787 tatem
1110 767 1117 788 :
1134 757 1352 789 necessitatem
1364 783 1371 795 ,
1388 759 1537 799 inquam,
1554 769 1619 791 non
1634 760 1771 792 inevita-

994 810 1140 849 bilitatis,
1170 820 1242 851 qua’
1273 811 1427 843 dividitur
1454 813 1487 843 in
1520 813 1715 845 coactionem
1743 817 1773 846 et

996 864 1260 903 prohibitionem,
1282 865 1335 895 sed
1352 866 1569 897 necessitatem
1586 867 1772 898 immutabi-

995 917 1100 955 litatis,
1122 927 1196 958 quae
1220 919 1386 958 consurgit
1408 928 1449 950 ex
1474 919 1641 951 stabilitate
1664 923 1695 951 et
1714 921 1773 952 im-

996 972 1206 1003 mutabilitate
1228 972 1346 1003 divinae
1370 973 1583 1013 dispositionis
1600 985 1606 1005 ι
1627 974 1697 1006 haec
1718 985 1774 1006 au-

995 1027 1060 1055 tem
1076 1035 1140 1056 non
1155 1027 1253 1056 arctat
1267 1026 1409 1056 divinam
1425 1027 1599 1066 potentiam
1619 1028 1658 1059 ad
1673 1037 1773 1068 oppo-

996 1079 1110 1117 situm,
1127 1079 1179 1110 sed
1203 1088 1273 1110 eam
1289 1079 1477 1111 determinat
1493 1081 1531 1111 ad
1554 1081 1614 1112 tale
1633 1082 1775 1122 proposi*

996 1135 1076 1164 tum.
1109 1133 1195 1164 Unde
1223 1133 1413 1171 AnselmuS,
1438 1134 1473 1164 in
1496 1134 1577 1165 libro
1603 1135 1666 1166 Cur
1691 1136 1774 1167 Deus

995 1186 1086 1218 homo
1097 1189 1106 1206 ²
1125 1197 1131 1216 :
1150 1198 1163 1215 (ι
1179 1185 1257 1216 Cum
1271 1186 1408 1216 dicimus
1423 1186 1523 1217 Deum
1539 1187 1659 1227 aliquid
1673 1188 1775 1219 faeere

996 1240 1192 1277 necessitate,
1211 1239 1455 1278 intelligendum
1469 1241 1515 1270 est
1530 1239 1615 1279 quod
1630 1240 1691 1271 hoc
1703 1240 1776 1271 facit

996 1293 1180 1324 necessitate
1196 1293 1344 1324 servandi
1358 1293 1567 1332 honestatem,
1584 1303 1657 1333 quae
1670 1303 1775 1325 neces-

996 1347 1071 1378 sitas
1090 1356 1155 1378 non
1170 1349 1215 1377 est
1232 1346 1318 1377 aliud
1334 1356 1432 1387 quam
1456 1347 1697 1378 immutabilitas
1713 1347 1776 1378 ho-

996 1401 1135 1431 nestatis.
1152 1411 1166 1429 »
1187 1401 1233 1431 Ex
1248 1401 1308 1438 his,
1326 1410 1400 1441 quae
1416 1401 1497 1432 dicta
1512 1403 1596 1438 sunt,
1613 1403 1699 1441 patet
1712 1410 1776 1432 res-

996 1454 1109 1494 ponsio
1131 1454 1168 1485 ad
1186 1455 1378 1494 propositam
1399 1455 1622 1494 quaestionem.
1641 1454 1674 1485 Si
1689 1455 1775 1486 enirn

996 1510 1161 1548 quaeratur
1180 1511 1289 1539 utrum
1306 1518 1487 1548 congruum
1503 1509 1542 1539 sit
1561 1509 1702 1549 reparari
1718 1519 1776 1550 ge—

996 1572 1058 1593 nus
1079 1563 1273 1601 humanum,
1290 1563 1527 1594 concedendum
1551 1566 1597 1594 est
1622 1564 1774 1604 simplici-

996 1618 1062 1654 ter,
1094 1617 1179 1656 qaod
1214 1626 1327 1647 verum
1355 1618 1412 1648 est.
1442 1616 1474 1647 Si
1505 1626 1582 1647 vero
1613 1619 1777 1657 quaeratur

995 1671 1105 1700 utrum
1129 1670 1168 1700 sit
1187 1670 1419 1708 necessarium,
1438 1679 1505 1701 non
1529 1672 1574 1701 est
1594 1670 1777 1710 simpliciter

995 1724 1255 1764 respondendum
1271 1748 1278 1762 ‚
1321 1724 1374 1755 sed
1412 1723 1688 1763 distinguendum.
1723 1724 1777 1755 Est

996 1777 1083 1808 enim
1113 1777 1329 1808 necessarium
1358 1787 1398 1808 ex
1426 1779 1514 1817 parte
1545 1777 1621 1814 Dei;
1649 1777 1704 1808 sed
1736 1787 1777 1809 ex

996 1833 1084 1870 parte
1100 1831 1211 1869 nostri,
1228 1840 1305 1862 non.
1322 1830 1370 1861 Ex
1389 1833 1477 1870 parte
1494 1830 1548 1861 Dei
1562 1831 1776 1862 necessarium

996 1885 1126 1925 quidem
1161 1894 1226 1916 non
1257 1893 1462 1925 quacumque
1491 1884 1693 1922 necessitate,
1724 1885 1777 1916 sed

996 1939 1181 1970 necessitate
1195 1938 1478 1976 immutabilitatis,
1498 1947 1571 1978 quae
1592 1947 1658 1969 non
1679 1948 1777 1979 oppo-

995 1993 1083 2024 nitur
1109 1993 1245 2024 libertati
1273 1992 1464 2029 voluntatis‚
1490 2001 1527 2023 ac
1550 2002 1606 2033 per
1631 1993 1691 2023 hoc
1718 2002 1775 2024 nec

995 2047 1120 2087 gratiae,
1138 2056 1195 2078 nec
1210 2046 1402 2077 liberalitati.

1038 2104 1067 2132 1.
1085 2100 1121 2132 Et
1138 2110 1193 2141 per
1218 2101 1278 2131 hoc
1300 2102 1386 2141 patet
1401 2100 1563 2140 responsio
1578 2100 1617 2131 ad
1632 2101 1774 2141 primum

995 2156 1156 2195 obJ'ectum
1180 2166 1186 2186 :
1204 2163 1270 2186 non
1284 2153 1370 2185 enim
1387 2154 1548 2194 sequitur,
1567 2154 1593 2185 si
1617 2154 1700 2185 Deus
1724 2164 1775 2186 re-

996 2211 1087 2249 parat
1102 2208 1286 2240 necessitate
1300 2217 1368 2239 suae
1386 2208 1672 2246 immutabilitatis,
1690 2208 1775 2248 quod

995 2265 1122 2303 propter
1153 2263 1213 2294 hoc
1242 2271 1307 2293 non
1337 2263 1463 2302 reparet
1493 2261 1680 2293 liberalitate
1707 2269 1774 2292 suae

996 2317 1222 2357 benignitatis:
1236 2316 1306 2348 haec
1320 2316 1408 2347 enim
1423 2316 1519 2347 simul
1535 2317 1666 2356 possunt
1679 2317 1772 2346 stare.

1036 2371 1066 2401 2.
1089 2371 1136 2402 Ad
1159 2370 1237 2402 illud
1259 2370 1344 2411 quod
1368 2369 1552 2410 opponitur,
1576 2368 1661 2409 quod
1683 2378 1774 2399 crea-

996 2425 1069 2455 tura
1094 2424 1239 2464 angelica
1261 2423 1397 2454 nobilior
1419 2427 1481 2460 est,
1505 2424 1577 2460 etc„
1603 2420 1774 2452 dicendum

996 2478 1092 2517 quod,
1108 2477 1256 2518 quamvis
1271 2477 1408 2517 angelus
1422 2476 1556 2507 nobilior
1573 2475 1614 2505 sit
1627 2476 1775 2505 creatura

996 2541 1094 2572 quam
1108 2531 1225 2570 homo3
1243 2540 1308 2562 non
1322 2533 1430 2562 tamen
1444 2531 1491 2561 est
1515 2529 1592 2560 adeo
1616 2528 1656 2559 ad
1681 2537 1772 2568 repa-

997 2585 1151 2617 rationem
1171 2586 1304 2617 idoneus
1322 2585 1405 2615 sicut
1423 2583 1537 2621 homo,
1552 2584 1681 2623 propter
1701 2591 1775 2613 mo-

996 2640 1073 2671 dum
1089 2639 1227 2678 labendi,
1242 2641 1273 2670 et
1285 2640 1402 2670 statum
1416 2636 1556 2668 hominis
1567 2636 1657 2678 lapsi.
1670 2635 1772 2668 Homo
