2017 2960
800 181 990 214 DISTINCT.
1010 181 1132 213 XXVII.
1712 188 1770 217 593

166 250 254 295 quod
270 250 427 294 scriptum
443 250 539 282 estin
564 249 818 282 Deuteronomio
844 253 865 282 ¹.
889 250 1079 283 Secundum
1103 254 1149 282 est
1172 262 1178 281 ε
1207 250 1331 294 Diliqes
1350 250 1543 294 prozimum
1569 257 1662 284 taum
1685 254 1769 286 sicut

167 308 318 352 teipsum.
342 308 383 339 In
401 307 451 339 leis
475 307 599 340 duobus
619 307 791 340 mandatis
815 314 884 340 tota
909 308 964 341 lew
985 307 1118 352 pendet,
1147 314 1178 340 et
1187 308 1360 352 proplietoe
1381 309 1391 324 ’

1396 334 1401 341 .
1432 308 1526 341 Finis
1541 311 1703 354 praecepti
1724 318 1770 343 est

166 365 297 398 dilectio
313 367 346 404 ³,·
361 368 392 397 et
407 377 442 397 ea
459 370 505 398 est
521 365 664 408 gemina,
682 365 715 398 id
731 370 789 406 est,
806 365 865 398 Dei
881 370 911 398 ct
926 366 1082 410 proximi.

209 423 271 455 Hic
285 423 459 466 quaeritur,
476 424 503 456 si
518 434 558 456 ex
573 435 610 456 ea
624 424 693 468 ipsa
707 423 880 456 dilectione
895 424 1046 466 diligitur
1063 424 1159 466 Deus,
1177 435 1243 468 qua
1258 424 1408 467 diligitur
1432 425 1620 468 proximus,
1647 436 1689 458 an
1706 426 1769 458 alia
1785 423 1893 474 ᾗῑηῇῆζίζιᾞ

165 481 206 513 sit
221 481 351 513 dileetio
366 481 437 522 Dei,
454 485 485 514 et
504 482 567 514 alia
584 481 736 525 proximi.
754 482 876 514 Eadem
891 492 967 513 sane
981 481 1111 513 dilectio
1127 485 1174 513 cst
1189 492 1255 525 qua
1270 482 1421 525 diligitur
1437 482 1523 515 Deus
1538 487 1569 515 et
1584 484 1767 527 proximus,
1791 485 1890 535 [lljffijflfff

166 550 239 582 qnae
263 538 405 582 Spiritus
430 543 560 572 sanctus
585 543 649 580 cst,
680 543 716 571 ut
743 551 843 583 supra
870 542 879 558 ι’
909 539 1034 571 dictum
1066 543 1133 579 est,
1164 540 1243 583 quia
1270 542 1356 573 Deus
1381 541 1528 573 charitas
1557 547 1603 574 est
1626 544 1646 574 5.
1681 542 1771 574 Unde
1788 548 1896 574 proximus

166 597 374 639 Augustinus
388 601 414 629 ⁸:
437 610 452 627 «
463 597 605 630 Joannes
626 597 671 630 ait
686 597 713 630 ⁷:
732 599 808 631 Non
821 603 929 641 potest
943 598 1048 629 Deum
1064 595 1212 641 (Ziliqere‚
1231 609 1325 641 quem
1342 610 1408 631 non
1430 598 1530 637 videt,
1549 600 1605 643 qui
1613 600 1769 642 fratrem,

167 666 261 698 quem
285 655 386 696 videt,
412 667 478 688 mm
501 655 656 699 diliyit.»
685 655 748 687 Sed
773 655 799 687 si
816 666 891 688 eum
914 666 1012 698 quem
1035 655 1124 687 videt
1147 655 1293 688 humano
1323 657 1408 696 visu,
1430 657 1594 700 spirituali
1619 658 1774 691 charitate

165 712 328 755 diligeret,
346 713 471 746 videret
485 713 603 754 Deum,
621 713 678 756 qui
692 716 739 745 est
753 712 823 756 ipsa
835 712 988 753 charitas,
1005 713 1078 745 visu
1094 712 1263 755 interiori,
1280 725 1347 758 quo
1362 714 1466 747 videri
1482 719 1597 758 potest⁴
1615 716 1679 754 Qui
1695 728 1773 759 ergo

166 770 312 812 fratrem,
330 782 430 815 quem
447 770 547 811 videt,
565 782 632 802 non
647 770 773 813 diligit,
791 770 915 811 Deum,
942 770 1001 814 qui
1022 775 1068 803 est
1087 771 1236 812 dilectio,
1262 783 1329 815 qua
1352 776 1438 804 caret
1463 773 1522 817 qui
1548 773 1682 806 fratrem
1708 786 1773 807 non

164 828 285 871 diligit,
302 828 467 872 quomodo
482 832 586 872 potest
599 827 760 870 diligere?
776 828 824 860 Ex
843 840 910 860 una
926 829 1015 861 enim
1032 828 1211 873 eademque
1225 829 1382 862 charitate
1397 830 1503 863 Deum
1520 831 1775 876 proximumque

164 885 334 929 diligimus
352 898 359 918 :
377 885 432 918 sed
448 886 554 918 Deum
569 890 702 930 propter
718 886 836 927 Deum,
853 897 912 919 nos
928 898 1005 919 vero
1021 890 1053 919 et
1069 887 1258 931 proximum
1274 892 1407 932 propter
1421 888 1540 922 Deum.
1559 889 1594 921 Si
1610 901 1687 922 vero
1710 902 1775 923 una

163 944 343 988 eademque
359 944 499 976 charitas
513 948 560 976 est
576 944 633 976 Dei
649 948 679 976 et
696 944 850 988 proximi,
878 955 982 988 quare
1009 944 1130 977 dicitur
1153 945 1306 988 gemina?
1334 947 1468 990 Propter
1491 946 1557 979 duo
1580 947 1718 990 dilecta,
1744 948 1776 981 id

163 1006 221 1043 est,
242 1002 348 1034 Deum
364 1006 395 1035 et
409 1002 611 1046 proximum.
627 1002 695 1034 Etsi
710 1002 798 1034 enim
816 1014 880 1035 una
895 1002 936 1035 sit
956 1002 1114 1044 charitas,
1138 1003 1204 1035 duo
1227 1007 1336 1036 tamen
1357 1004 1487 1037 diversa
1511 1017 1548 1038 ea
1571 1005 1774 1049 diliguntur,

163 1060 287 1093 scilicet
299 1060 398 1101 Deus,
416 1065 446 1093 et
461 1060 574 1101 homo,
592 1060 642 1093 vel
658 1060 807 1103 angelus.
826 1060 890 1093 Pro
905 1072 972 1105 quo
990 1061 1087 1093 etiam
1102 1061 1168 1093 duo
1184 1065 1261 1094 sunt
1278 1061 1444 1103 mandata,
1462 1063 1541 1106 quia
1562 1074 1638 1096 cum
1663 1064 1777 1096 eadem

162 1117 302 1150 charitas
318 1122 458 1162 utroque
473 1118 734 1159 commendetur,
751 1118 882 1151 diversa
896 1122 1006 1151 tamen
1022 1119 1115 1162 diligi
1131 1119 1377 1163 praecipiuntur.
1396 1120 1490 1153 Unde
1512 1121 1720 1164 Augustinus
1736 1127 1746 1142 ⁸
1768 1134 1775 1155 :

164 1189 180 1207 «
206 1176 358 1208 Arbitror
381 1176 454 1209 ideo
479 1176 642 1220 Spiritum
666 1180 815 1208 sanctum
840 1176 891 1208 bis
914 1176 1043 1218 datum,
1071 1177 1170 1209 semel
1197 1177 1231 1209 in
1256 1181 1359 1219 terra,
1383 1182 1414 1210 et
1439 1179 1559 1211 iterum
1573 1179 1612 1212 de
1626 1180 1722 1221 coelo,
1742 1185 1778 1212 ut

161 1233 473 1266 commendarentur
503 1233 598 1265 nobis
626 1233 693 1265 duo
718 1238 878 1277 praecepta
910 1234 1094 1275 charitatis,
1133 1235 1253 1267 scilicet
1289 1235 1348 1267 Dei
1376 1240 1407 1268 et
1444 1237 1596 1280 proximi.
1630 1237 1703 1270 Una
1732 1242 1779 1270 est

160 1291 313 1333 charitas,
331 1296 362 1324 et
375 1291 442 1324 duo
466 1294 639 1335 praecepta,
667 1302 754 1323 unus
772 1290 928 1335 Spiritus,
953 1295 984 1324 et
1007 1291 1074 1324 duo
1099 1292 1193 1324 data:
1225 1292 1303 1337 quia
1326 1293 1391 1325 alia
1415 1293 1555 1326 charitas
1578 1306 1644 1327 non
1668 1295 1779 1338 diligit

161 1349 365 1394 proximum,
381 1349 444 1382 nisi
461 1349 519 1381 illa
533 1360 607 1393 quae
623 1349 731 1390 diligit
747 1349 865 1382 Deum.
884 1349 958 1388 Qua
973 1361 1051 1392 ergo
1067 1349 1225 1382 charitate
1240 1350 1430 1394 proximum
1445 1351 1616 1395 diligimus
1630 1378 1637 1394 ‚
1663 1353 1775 1386 eadem

162 1407 269 1439 Deum
297 1406 479 1450 diligimus
518 1406 581 1439 Sed
610 1407 688 1450 quia
717 1407 808 1439 aliud
837 1411 884 1439 est
921 1407 1025 1449 Deus,
1066 1407 1157 1440 aliud
1192 1408 1380 1451 proximus3
1422 1408 1481 1441 etsi
1515 1421 1582 1442 una
1620 1410 1778 1444 charitate

163 1464 363 1508 diliguntur,
380 1465 453 1497 ideo
468 1464 551 1497 forte
565 1464 630 1497 duo
647 1469 807 1508 praecepta
821 1465 978 1497 dicuntur
996 1477 1003 1497 :
1021 1470 1052 1497 et
1067 1465 1209 1498 alterum
1226 1466 1345 1510 majus,
1362 1471 1393 1499 et
1407 1467 1548 1500 alterum
1566 1468 1677 1501 minus
1697 1481 1703 1501 ε
1723 1470 1776 1502 vel

165 1527 296 1567 propter
311 1523 393 1556 duos
410 1528 517 1556 motus
532 1523 637 1567 quiin
654 1527 761 1555 mente
776 1527 956 1565 geruntur,
973 1523 1054 1556 dum
1080 1523 1167 1556 Deus
1189 1524 1342 1567 diligitur
1365 1530 1396 1557 et
1420 1526 1603 1569 proximus.
1626 1527 1779 1560 Movetur

164 1581 253 1614 enim
281 1592 372 1614 mens
391 1581 432 1613 ad
456 1580 664 1623 diligendum
684 1580 810 1622 Deum,
835 1585 987 1614 movetur
1016 1586 1047 1614 et
1070 1582 1110 1614 ad
1137 1582 1343 1625 diligendum
1366 1583 1551 1627 proximum
1579 1597 1586 1617 :
1613 1589 1644 1617 et
1673 1585 1777 1618 multo

166 1639 270 1682 magis
284 1650 361 1682 erga
376 1639 494 1680 Deum,
513 1650 613 1683 quam
629 1649 706 1681 erga
722 1638 923 1682 proximum.
941 1652 957 1670 ))

205 1697 451 1742 Consequenter
483 1696 619 1729 modum
649 1696 823 1740 utriusque
860 1697 1046 1730 dilectionis
1080 1698 1301 1732 advertamus.
1338 1713 1354 1730 «
1384 1700 1459 1733 Haec
1490 1701 1624 1744 regula,
1663 1706 1700 1734 ut
1732 1702 1777 1734 ait
1793 1707 1898 1745 qunmwtss

165 1756 375 1798 Augustinus
390 1762 413 1796 ⁹,
428 1754 613 1787 dilectionis
627 1753 789 1786 divinitus
805 1755 983 1788 constituta
997 1760 1056 1797 est,
1073 1761 1110 1788 ut
1124 1756 1231 1789 Deum
1246 1762 1379 1802 propter
1402 1770 1435 1791 se
1460 1770 1498 1791 ex
1519 1763 1585 1792 toto
1605 1760 1719 1801 corde,
1747 1765 1778 1792 et
1793 1739 1898 1768 dmgefflh

164 1813 354 1858 proximum
370 1813 488 1856 diligas
502 1812 586 1845 sicut
603 1816 631 1844 te
647 1812 769 1856 ipsum,
788 1825 804 1842 n
824 1813 857 1845 id
874 1817 940 1854 est,
957 1814 999 1846 ad
1020 1814 1108 1859 quod
1121 1841 1129 1857 ‚
1156 1819 1188 1847 et
1211 1819 1344 1860 propter
1367 1817 1455 1860 quod
1478 1817 1618 1861 teipsum
1641 1818 1778 1861 diligere

165 1872 274 1905 debes.
293 1872 330 1904 In
346 1872 432 1904 bono
448 1871 537 1904 enim
553 1874 585 1903 et
599 1874 731 1915 propter
746 1871 851 1904 Deum
867 1871 1009 1915 teipsum
1024 1872 1161 1916 diligere
1177 1872 1274 1906 debes
1291 1886 1297 1906 ε
1321 1873 1356 1906 in
1380 1874 1467 1907 bono
1493 1886 1570 1917 ergo
1589 1875 1780 1919 diligendus

167 1934 214 1962 est
226 1929 409 1974 proximus,
426 1940 494 1962 non
508 1928 542 1961 in
557 1928 644 1961 malo
662 1928 704 1970 (et
719 1933 850 1973 propter
865 1929 990 1971 Deum;
1008 1930 1199 1974 proximum
1216 1942 1294 1964 vero
1309 1943 1441 1965 omnem
1463 1933 1631 1966 hominem
1653 1939 1781 1978 oportet

167 1987 334 2032 intelligi),
365 1987 446 2031 quia
474 1998 571 2020 nemo
600 1990 648 2019 est
675 1998 750 2019 cum
779 1998 845 2031 quo
874 1987 915 2020 sit
943 1989 1147 2032 operandum
1178 1990 1275 2022 male.
1307 1990 1372 2029 Qui
1394 2001 1472 2034 ergo
1501 1996 1589 2024 amat
1615 1992 1777 2034 homines,

167 2046 219 2078 vel
239 2045 411 2090 quiajusti
426 2049 515 2086 sunt,
537 2045 642 2077 velut
660 2044 741 2088 justi
765 2044 830 2077 sint
843 2056 953 2078 amare
972 2045 1080 2087 debet,
1097 2046 1158 2079 hoc
1181 2051 1242 2087 est,
1271 2047 1305 2080 in
1331 2048 1412 2089 Deo,
1430 2049 1482 2081 vel
1502 2053 1634 2093 propter
1658 2050 1775 2083 Deum.

171 2116 187 2133 «
203 2103 256 2136 Sic
274 2103 363 2136 enim
380 2107 402 2124 ¹⁰
421 2107 452 2136 et
467 2103 611 2148 seipsum
631 2113 741 2136 amare
756 2103 863 2146 debet,
882 2103 1002 2136 scilicet
1017 2104 1051 2136 in
1068 2104 1146 2146 Deo,
1165 2105 1215 2138 vel
1238 2110 1370 2150 propter
1394 2106 1500 2139 Deum
1512 2133 1520 2149 ,
1547 2108 1579 2140 id
1606 2112 1674 2149 est,
1701 2109 1776 2153 quia

164 2160 274 2204 justus
289 2165 348 2203 est,
365 2161 417 2194 vel
433 2161 590 2205 utjustus
604 2160 656 2193 sit.
679 2160 744 2200 Qui
762 2161 851 2193 enim
867 2161 963 2194 aliter
977 2173 1010 2195 se
1024 2162 1145 2206 diligit,
1163 2163 1284 2208 injuste
1307 2175 1339 2197 se
1358 2164 1489 2208 diligit,
1507 2166 1586 2210 quia
1601 2166 1642 2198 ad
1665 2166 1726 2199 hoc
1747 2179 1778 2199 se

167 2219 287 2262 diligit,
305 2223 342 2252 ut
357 2219 398 2252 sit
412 2219 555 2263 injustus
574 2231 579 2251 :
599 2219 638 2252 ad
655 2219 717 2252 hoc
732 2230 822 2262 ergo,
846 2223 883 2251 ut
899 2219 941 2251 sit
957 2220 1066 2253 malus
1084 2232 1091 2252 :
1108 2232 1175 2253 non
1191 2232 1268 2264 ergo
1280 2221 1350 2265 jam
1374 2233 1407 2255 se
1429 2222 1548 2266 diligit.
1578 2224 1643 2264 Qui
1656 2221 1674 2239 ¹¹
1690 2224 1778 2256 enim

167 2276 279 2321 clz'lz'yz't
293 2277 519 2321 iniquitatem,
537 2276 609 2309 odit
624 2277 776 2309 animam
793 2287 899 2310 suam.
917 2276 1035 2310 Modus
1050 2289 1127 2321 ergo
1143 2278 1304 2322 diligendi
1320 2280 1558 2325 praecipiendus
1573 2285 1619 2314 est
1634 2282 1775 2323 homini,

168 2334 201 2367 id
215 2340 274 2376 est,
291 2335 457 2379 quomodo
472 2346 505 2368 se
521 2335 650 2378 diligat,
668 2339 704 2368 ut
718 2334 821 2379 prosit
835 2335 907 2368 sibi.
933 2334 1022 2374 Quin
1045 2342 1156 2369 autem
1178 2348 1210 2369 se
1230 2336 1359 2380 diligat,
1378 2343 1409 2370 et
1428 2339 1579 2383 prodesse
1604 2339 1667 2372 sibi
1682 2340 1775 2382 velit,

169 2392 320 2426 dubitare
335 2393 495 2426 dementis
509 2398 568 2425 est.
588 2392 703 2425 Modus
723 2397 833 2425 autem
856 2392 1057 2437 praecipitur,
1088 2405 1164 2426 cum
1185 2394 1231 2427 ait
1259 2408 1265 2427 ε
1293 2395 1387 2428 Sicut
1410 2396 1562 2440 teipsum,
1601 2401 1638 2429 ut
1659 2398 1777 2441 proxi-

171 2461 264 2483 mum
281 2450 398 2494 diligas
412 2451 452 2484 ad
468 2451 556 2495 quod
574 2451 726 2495 teipsum.
745 2450 780 2482 Si
804 2461 882 2493 ergo
907 2455 936 2483 te
961 2462 1028 2484 non
1053 2457 1185 2496 propter
1208 2457 1238 2485 te
1263 2453 1401 2497 diligere
1424 2454 1542 2495 debes,
1566 2454 1621 2487 sed
1646 2459 1778 2499 propter

203 2550 210 2565 ¹
229 2550 338 2577 Deum-i,
354 2555 386 2575 xi.
404 2551 427 2573 5.
440 2562 469 2567 --
482 2550 491 2565 ’Ξ
506 2549 607 2579 Matisa,
624 2554 689 2578 xm,
704 2550 742 2571 39.
753 2548 944 2578 -317'im.,1,
962 2549 1133 2573 15.—⁴Lil›.
1151 2551 1169 2579 l,
1187 2551 1244 2575 dist.
1258 2557 1322 2575 xv11.
1334 2565 1364 2568 -
1381 2551 1552 2582 ⁶1J0a11.,1v,
1569 2553 1590 2576 S.
1604 2566 1630 2569 —
1643 2553 1779 2583 ⁶Aug.‚de

174 2584 308 2612 T›·1'n.‚lib,
320 2584 388 2615 viu,
403 2592 426 2607 c.
442 2591 498 2614 vm,
510 2591 536 2608 n.
551 2586 589 2608 12.
603 2597 633 2601 -
643 2584 769 2611 71J0an.‚
786 2589 823 2613 Ιν,
833 2584 856 2612 7,
868 2585 891 2613 8,
901 2584 993 2607 :ML—⁸
1005 2584 1047 2607 Est
1058 2586 1124 2614 apud
1141 2586 1236 2609 nedum
1246 2586 1280 2609 ad
1291 2587 1348 2609 Rom
1361 2605 1368 2616 ,
1386 2593 1409 2616 v,
1421 2589 1445 2610 et
1460 2588 1484 2609 1⁴11
1499 2588 1580 2616 joam,
1593 2590 1677 2617 tract„
1689 2594 1777 2618 mxiv,

172 2623 197 2644 et
211 2620 237 2643 in
250 2626 327 2643 serm.
342 2620 371 2642 ‹le
383 2620 528 2643 Ascensione
543 2620 625 2649 Dom„
638 2619 801 2642 solemnitate
813 2618 957 2649 liujusdiei,
972 2626 1048 2642 sorni.
1066 2625 1129 2650 xvii,
1144 2621 1175 2644 ali
1198 2627 1288 2649 θεων,
1304 2629 1325 2644 e,
1341 2627 1396 2650 viii,
1411 2629 1437 2645 n,
1457 2622 1538 2645 9.—⁹
1554 2623 1629 2654 Aug„
1647 2623 1676 2646 tle
1694 2624 1778 2647 Doctr.

171 2656 270 2684 christ„
287 2655 330 2678 lib.
345 2656 363 2685 l,
379 2662 402 2679 e.
419 2660 487 2685 xxn,
500 2661 526 2678 n.
541 2657 580 2678 21.
593 2668 620 2672 —
634 2655 652 2670 ¹⁰
667 2654 714 2684 Idi,
729 2653 758 2676 cle
774 2653 875 2683 Trinz't„
897 2654 940 2678 lib.
958 2654 1023 2684 vlu,
1040 2660 1062 2677 c.
1078 2660 1113 2684 vr,
1129 2662 1155 2678 n.
1170 2659 1193 2679 υ.
1204 2669 1234 2673 -
1252 2656 1269 2672 ¹¹
1290 2656 1331 2679 fis.
1352 2662 1377 2686 x,
1400 2660 1422 2681 tt.

356 2709 425 2731 ron.
445 2709 489 2731 lv.
1622 2705 1660 2734 38
