2017 2960
629 138 818 171 DlsTlNCT‚
841 137 962 171 XXVII.
985 137 1077 170 ΛΒΤ.
1101 137 1140 169 11.
1163 136 1301 175 QUAEST
1324 137 1361 168 ΙΙ.

189 208 276 249 quod
290 208 351 240 hoc
364 210 422 246 est,
436 209 512 248 quia
527 208 562 238 in
576 207 638 239 fide
653 208 699 238 est
712 207 816 247 prima
830 206 963 237 elevatio

189 261 328 292 hominis
342 270 440 301 supra
455 270 487 291 se
508 272 514 291 z
534 261 603 291 ideo
620 260 746 291 videtur
761 260 931 299 impetrare
946 268 965 289 a

189 314 299 345 divina
326 314 445 345 virtute
461 337 468 350 ‚
494 315 530 344 ut
551 315 700 353 operetur
723 313 842 352 aliquid
867 321 964 352 supra

189 367 257 398 vim
273 368 396 397 naturae
412 376 419 397 :
436 367 489 397 sed
507 367 655 397 meritum
674 365 797 406 praemii
813 374 965 395 consum-

189 420 266 451 mati
287 429 352 450 non
375 420 501 459 respicit
515 419 728 459 principaliter
742 419 878 458 primam
904 418 965 448 ele-

188 474 350 504 vationem
365 497 372 511 ‚
410 474 465 504 sed
492 473 703 504 elevationem
737 481 898 502 summam
934 473 965 502 et

188 527 377 567 completam
395 529 450 558 :et
472 527 541 557 haec
565 526 694 566 quiden]
717 535 782 556 non
806 524 964 565 reperitur

188 580 222 611 in
239 582 310 611 actu
323 580 394 612 fidei
409 580 585 611 secundum
600 588 643 616 se,
661 579 714 610 sed
728 578 832 618 magis
843 578 877 608 in
891 579 961 608 actu

188 633 361 664 charitatis.

229 689 258 717 5.
284 686 332 717 Ad
359 686 436 716 illud
465 686 550 726 quod
578 685 737 725 objicitur,
767 684 851 724 quod
875 687 965 715 actus

188 740 261 771 fidei
289 742 336 770 est
374 739 504 779 maj0ris
537 738 729 769 difficultatis
743 762 753 776 ,
793 740 823 768 et
859 738 965 777 magis

188 794 298 823 contra
325 794 473 823 naturam
486 815 494 828 ,
526 801 623 831 quam
664 793 753 821 actus
787 791 961 829 charitatis,

188 845 358 876 dicendum
385 845 471 885 quod
500 844 558 875 etsi
583 846 670 875 actus
701 845 774 875 [idei
795 844 836 874 sit
860 844 964 883 magis

188 901 298 930 contra
334 901 482 929 naturam
517 898 731 938 judicantem,
761 907 827 929 non
856 900 964 928 tamen

188 953 293 992 magis
317 955 363 983 est
388 954 497 983 contra
518 952 569 983 vel
591 961 688 992 supra
713 953 862 982 naturam
886 961 963 982 exe-

188 1009 360 1047 quentem,
392 1007 456 1037 imo
477 1006 578 1037 multo
604 1006 721 1037 minus.
753 1006 852 1037 Multo
876 1006 963 1036 enim

188 1060 310 1091 facilius
322 1062 369 1091 est
382 1060 509 1091 credere
531 1069 667 1091 summae
690 1059 815 1091 veritati
836 1060 964 1099 propter

187 1123 220 1144 se
233 1116 263 1145 et
277 1123 374 1154 super
388 1114 511 1151 omnia,
528 1123 627 1154 qnam
650 1114 753 1154 ipsam
779 1116 908 1153 propter
931 1123 964 1143 se

187 1170 218 1199 et
241 1177 339 1206 super
361 1169 469 1199 omnia
495 1168 644 1207 diligere,
670 1170 699 1198 01
722 1168 750 1198 01
774 1167 831 1198 5011
854 1167 961 1198 adhae-

187 1231 268 1261 rere,
285 1224 316 1253 et
328 1222 437 1253 omnia
454 1224 583 1261 propter
605 1230 676 1252 eam
693 1223 909 1251 contemnere.
927 1221 964 1251 Et

187 1275 261 1316 quia
277 1275 337 1306 hoc
351 1277 398 1306 est
420 1275 600 1305 maximum
612 1298 619 1311 ,
644 1274 727 1314 quod
751 1274 848 1304 homo
867 1274 965 1313 possit

186 1329 249 1360 Deo
262 1328 465 1369 impendere,
489 1330 521 1359 et
542 1328 602 1359 hoc
627 1328 700 1358 facit
722 1327 791 1367 ipsa
814 1327 962 1366 charitas,

187 1383 257 1414 ideo
282 1383 386 1423 primo
410 1384 441 1412 et
470 1381 687 1422 principaliter
723 1381 871 1412 vendicat
904 1381 963 1412 sibi

188 1436 331 1467 merendi
346 1435 529 1467 efficaciam.

227 1492 257 1521 6.
275 1490 324 1520 Ad
341 1489 419 1520 illud
441 1489 527 1529 quod
549 1489 662 1520 ultimo
688 1488 853 1527 objicitur,
879 1488 964 1527 quod

188 1544 268 1574 510111
282 1553 314 1574 50
334 1543 430 1574 habet
451 1542 619 1583 prudentia
644 1543 789 1581 respectu
802 1541 964 1572 virtutum

187 1597 413 1635 cardinalium,
438 1596 482 1627 510
501 1597 577 1627 fides
600 1598 745 1636 respectu
768 1595 963 1634 theologica-

187 1661 259 1682 rum
270 1662 277 1690 ;
290 1651 460 1682 dicendum
470 1650 557 1690 quod
569 1659 634 1680 non
644 1651 690 1680 est
702 1649 832 1680 omnino
847 1648 962 1685 simile,

186 1714 244 1745 pro
259 1714 296 1736 eo
315 1704 401 1745 (111οᾶ
428 1704 564 1735 virtutes
583 1703 780 1742 theologicae,
804 1711 878 1732 cum
902 1702 964 1732 ha-

187 1759 283 1790 beant
307 1759 469 1798 objectum
496 1757 698 1793 increatum,
731 1758 818 1786 tanto
848 1757 965 1795 persec-

187 1812 283 1843 tiores
297 1813 386 1849 sunt,
398 1812 517 1851 quanto
530 1810 635 1849 magis
649 1809 762 1840 intime
784 1808 830 1838 illi
847 1808 965 1838 uniunt

188 1867 219 1896 et
233 1866 447 1905 conjungunt.
461 1863 499 1895 Et
509 1864 674 1903 propterea
687 1862 850 1902 spirituale
866 1861 965 1892 aediti-

188 1920 274 1951 cium
289 1919 404 1951 dicitur
417 1918 544 1949 fundari
559 1918 593 1948 in
606 1917 680 1955 fide,
697 1919 728 1948 et
742 1917 824 1956 erigi
842 1917 876 1947 111
896 1926 962 1957 spe,

188 1976 220 2004 et
240 1972 456 2004 consummari
477 1972 512 2002 in
533 1971 696 2008 charitate,
722 1970 800 2010 quia
827 1970 965 2001 charitas

189 2028 273 2059 inter
286 2027 422 2058 virtutes
437 2025 630 2064 theologicas
651 2026 697 2055 est
722 2023 863 2054 maxime
886 2023 964 2054 uni-

188 2081 265 2118 tiva,
283 2082 314 2111 et
327 2080 397 2111 ideo
410 2081 500 2110 actus
515 2080 585 2119 ejus
609 2078 749 2109 maxime
771 2077 845 2108 facit
863 2077 965 2108 homi-

190 2143 247 2165 nes
270 2133 449 2165 deiformes,
475 2132 514 2163 Et
532 2132 608 2163 hinc
636 2134 682 2163 est
710 2131 795 2171 quod
819 2132 963 2171 respectu

190 2187 304 2228 obJeeti
331 2186 463 2217 increati
487 2185 623 2216 nobilior
648 2186 694 2216 est
715 2184 829 2215 modus
851 2193 964 2224 appre-

190 2241 350 2273 hendendi
365 2249 421 2281 per
447 2239 579 2271 modum
604 2241 707 2270 tactus
729 2241 759 2269 et
786 2238 964 2278 amplexus,

191 2304 289 2336 quam
304 2303 359 2335 per
374 2294 506 2325 modum
521 2293 611 2325 visus
633 2294 663 2323 et
684 2292 820 2323 intuitus
835 2303 841 2322 z
857 2301 874 2323 e
889 2301 966 2323 con-

190 2352 241 2380 tra
254 2350 301 2380 est
315 2349 398 2379 circa
411 2346 587 2387 corporalia
610 2348 640 2377 et
661 2346 743 2377 circa
760 2345 936 2377 materialia
957 2356 963 2376 ε

193 2404 224 2434 01
237 2402 307 2434 ideo
321 2411 387 2432 non
401 2401 489 2441 cogit
504 2400 558 2431 illa
572 2400 664 2431 ratio.

226 2484 235 2500 ¹
249 2483 288 2513 Cf.
301 2482 372 2506 Alex.
386 2481 499 2511 Alensis,
522 2481 603 2511 Cant„
619 2487 645 2511 p.
669 2480 711 2510 111,
731 2479 787 2503 coll.
804 2486 854 2510 Lx,
875 2481 922 2504 art.
939 2482 965 2511 25

195 2518 318 2549 Stephan.
333 2517 437 2547 Brulef„
450 2517 481 2541 111
495 2517 575 2545 Sent„
588 2516 647 2540 dist.
659 2521 740 2545 xxvn,
754 2522 778 2546 q.
791 2521 827 2539 1v.
839 2528 868 2532 —
881 2516 891 2531 ²
900 2516 969 2548 Luc„

195 2560 238 2582 XV,
255 2555 293 2578 17.
306 2553 462 2583 —8Ambr.‚
478 2553 503 2576 in
518 2552 585 2582 Luc.,
600 2551 643 2575 lib.
659 2551 710 2575 Vll.
722 2563 751 2568 —
762 2550 771 2566 ⁸
786 2551 855 2574 Psal.
867 2557 913 2581 v11,
930 2553 966 2576 10.

195 2602 225 2606 —
236 2589 246 2606 ⁶
255 2588 324 2613 Psal.
340 2594 430 2618 cxvm,
444 2589 496 2612 112.
510 2601 539 2605 —
554 2588 564 2604 ⁶
575 2587 661 2615 Helm,
672 2593 709 2616 x1,
720 2587 791 2610 26.-
806 2586 931 2617 ⁷Pl11'l1'1›.‚
949 2593 967 2616 1,

197 2626 235 2649 23.
246 2623 388 2656 —0100r.‚
398 2629 456 2653 xm,
468 2623 670 2654 5.—³ssern.,‹le
679 2622 807 2654 dz'lz'qenclo
817 2622 876 2652 Deo,
890 2629 911 2648 e.
927 2628 965 2647 111,

1736 139 1794 168 615

1273 257 1475 297 QUAESTIO
1504 258 1546 288 ΙΙ.

1062 339 1108 365 Αη
1124 341 1209 366 motus
1224 339 1368 366 charitatis
1381 339 1466 373 possit
1480 345 1531 365 esse
1546 339 1723 365 mercenarius
1741 340 1759 364 ¹.

1061 418 1175 449 Utrum
1190 418 1336 457 possibile
1352 418 1392 448 sit
1406 420 1531 448 motum
1545 417 1706 448 charitatis
1728 426 1795 448 esse

1021 471 1271 508 mercenarium3
1298 473 1328 501 et
1347 471 1432 510 quod
1457 471 1515 509 sic,
1535 471 1669 501 videtur.
1693 470 1796 509 Super

1020 524 1123 554 1111111’1
1141 535 1147 554 :
1173 524 1292 559 Quanta⁸
1311 524 1500 555 ‘mercenarii
1517 525 1553 555 tn
1577 523 1670 554 domo
1691 524 1796 563 patris

1021 578 1084 608 mei
1109 577 1277 608 abundant
1300 576 1451 616 panibus,
1480 576 1555 607 dicit
1576 576 1762 606 Ambrosius
1785 577 1795 593 ³

1020 630 1104 670 quod
1128 630 1220 661 multi
1242 632 1316 661 511111
1335 630 1409 660 110111
1437 629 1637 667 mercenarii,
1664 629 1720 669 qui
1742 639 1796 669 spe

1021 686 1215 715 aeternorum
1244 684 1305 714 Deo
1329 684 1474 714 serviunt
1496 693 1503 713 :
1535 683 1589 713 sed
1615 692 1710 714 nemo
1735 683 1796 714 Deo

1021 738 1101 768 bene
1116 737 1225 775 servit,
1243 737 1304 767 nisi
1317 736 1373 776 qui
1388 736 1485 767 servit
1507 736 1537 766 ei
1553 745 1593 767 ex
1617 736 1769 767 charitate
1787 748 1793 767 z

1021 799 1101 829 ergo
1117 790 1263 830 possibile
1276 792 1323 821 est
1338 792 1462 821 motum
1478 790 1665 820 mercenarii
1677 799 1743 820 esse
1756 799 1796 820 ex

1021 844 1173 874 charitate
1186 846 1304 874 ortum.

1062 897 1140 927 Item
1164 897 1368 936 Augustinus
1381 920 1388 930 ‚
1415 906 1511 936 super
1534 896 1611 927 illud
1628 896 1744 926 Psalmi
1759 896 1768 912 ⁶
1788 907 1794 926 :

1023 950 1176 981 Scrutaris
1195 950 1293 981 corda
1310 954 1338 982 et
1354 959 1443 982 renes
1459 951 1542 982 Deus
1559 960 1568 981 :
1589 950 1695 981 «Finis
1710 958 1796 980 curae

1021 1005 1052 1034 et
1066 1004 1269 1042 cogitationis
1286 1006 1331 1034 est
1349 1004 1525 1042 delectatio,
1540 1004 1579 1034 ad
1595 1012 1692 1044 quam
1707 1003 1795 1042 quis-

1022 1070 1083 1101 que
1101 1061 1213 1091 nititur
1228 1060 1405 1100 pervenire.
1429 1073 1443 1089 n
1473 1061 1559 1099 Ergo
1581 1060 1702 1090 habens
1722 1058 1797 1090 cha-

1022 1114 1146 1144 ritatem
1169 1113 1305 1144 finaliter
1328 1113 1444 1153 quaerit
1463 1113 1611 1144 delectari
1634 1113 1714 1143 :sed
1741 1113 1797 1152 qui

1021 1169 1140 1208 quaerit
1147 1168 1386 1199 delectationem
1394 1176 1497 1206 suam,
1507 1168 1622 1207 quaerit
1630 1166 1797 1207 proprium

1021 1222 1239 1259 commodum,
1251 1224 1282 1252 et
1296 1222 1399 1252 omnis
1412 1221 1483 1251 talis
1498 1223 1544 1251 est
1558 1220 1775 1251 mercenarius
1788 1231 1794 1250 :

1021 1282 1101 1311 ergo
1126 1273 1252 1303 videtur
1273 1272 1358 1312 quod
1377 1272 1508 1302 affectus
1528 1271 1689 1302 charitatis
1712 1280 1796 1301 mer-

1022 1327 1167 1357 cenarius
1177 1327 1274 1367 possit
1286 1335 1365 1357 esse.

1063 1380 1141 1411 Item
1156 1380 1212 1420 qui
1227 1380 1297 1411 vult
1312 1379 1443 1419 implere
1459 1379 1608 1410 mandata
1622 1378 1676 1409 Dei
1700 1386 1798 1418 prop—

1022 1436 1069 1465 ter
1084 1433 1338 1471 retributionem,
1355 1432 1572 1462 mercenarius
1593 1433 1639 1462 est
1660 1443 1666 1462 :
1691 1431 1744 1462 sed
1760 1431 1797 1462 de

1022 1487 1092 1519 viro
1109 1489 1216 1517 sancto
1242 1486 1359 1517 dicitur
1384 1486 1417 1516 in
1440 1485 1564 1516 Psalmo
1581 1485 1590 1502 ⁵
1609 1496 1614 1516 :
1635 1484 1800 1517 Inclinavz'

1023 1549 1075 1573 cor
1091 1549 1194 1572 meum
1211 1540 1254 1572 acl
1276 1539 1445 1578 faciendas
1454 1538 1711 1578 ,justificationes
1725 1541 1798 1570 titas

1022 1598 1151 1635 propter
1163 1594 1412 1626 retributionem.
1430 1593 1468 1624 Et
1482 1592 1525 1624 att
1540 1592 1685 1624 Hebraeos
1695 1617 1702 1630 ‚
1719 1592 1798 1622 dici-

1022 1650 1074 1679 tur
1088 1648 1125 1678 de
1142 1648 1260 1688 Moyse,
1278 1647 1364 1688 quod
1379 1650 1388 1666 ⁵
1405 1646 1581 1686 aspiciebat
1596 1646 1633 1677 in
1658 1653 1800 1677 remune-

1023 1703 1179 1734 rationem
1194 1712 1204 1731 :
1228 1702 1254 1732 si
1269 1710 1347 1740 ergo
1368 1703 1433 1731 tan]
1455 1700 1532 1738 iste,
1559 1708 1655 1739 quam
1673 1699 1724 1729 ille
1750 1698 1800 1730 vir

1019 1757 1126 1796 justus
1141 1757 1218 1793 erat,
1247 1757 1277 1785 et
1295 1764 1335 1785 ex
1355 1753 1508 1784 charitate
1530 1752 1732 1789 movebatur,
1747 1752 1796 1783 vi-

1022 1809 1115 1840 detur
1140 1809 1226 1849 quod
1264 1810 1370 1839 motus
1409 1807 1570 1838 charitatis
1601 1806 1700 1846 possit
1732 1814 1799 1836 esse

1023 1863 1249 1894 mercenarius.

1064 1918 1141 1948 Item
1154 1917 1252 1947 homo
1268 1918 1396 1947 sanctus
1412 1915 1567 1946 desiderat
1580 1918 1589 1934 ⁷
1606 1914 1752 1952 dissolvi,
1769 1917 1800 1946 et

1022 1980 1086 2004 esse
1101 1980 1172 2003 cum
1191 1970 1327 2009 Christo,
1346 1972 1383 2001 ut
1397 1971 1523 2000 fruatur
1548 1978 1597 2006 eo,
1623 1968 1800 1999 secundum

1024 2026 1110 2066 quod
1133 2025 1302 2065 Apostolus
1330 2023 1527 2055 desiderabat
1557 2033 1563 2053 :
1595 2022 1649 2053 sed
1676 2022 1800 2053 deside-

1023 2079 1110 2110 rium
1132 2078 1211 2109 illud
1235 2087 1301 2108 non
1324 2078 1425 2117 potest
1452 2085 1518 2107 esse
1542 2075 1603 2106 nisi
1624 2074 1798 2113 charitatis,

1024 2141 1098 2163 cum
1114 2131 1222 2163 nullus
1235 2130 1373 2161 naturali
1388 2130 1503 2160 affectu
1517 2128 1673 2160 desideret
1692 2128 1772 2158 mori
1791 2136 1798 2158 :

1024 2195 1104 2225 ergo
1126 2186 1152 2216 si
1173 2185 1234 2216 tale
1255 2184 1447 2215 desiderium
1470 2183 1614 2213 intuetur
1634 2182 1800 2222 proprium

1024 2239 1230 2271 commodum
1250 2240 1280 2269 et
1301 2236 1551 2274 delectationem,
1569 2235 1695 2267 videtur
1715 2235 1800 2274 quod

1024 2293 1174 2334 possibile
1189 2292 1230 2323 sit
1244 2291 1395 2322 affectum
1409 2289 1572 2321 charitatis
1586 2297 1654 2319 esse
1679 2297 1799 2319 merce-

1025 2347 1164 2378 narium.

1066 2400 1127 2431 Sed
1142 2401 1262 2438 contra,
1279 2401 1289 2418 ⁸
1305 2407 1313 2429 ε
1331 2400 1345 2429 1
1366 2397 1511 2429 Charitas
1525 2404 1590 2428 non
1600 2395 1716 2436 quoerit
1730 2403 1800 2435 quoe

1025 2462 1085 2486 sua
1106 2455 1183 2485 sunt
1205 2464 1217 2484 .·
1239 2452 1293 2483 sed
1321 2451 1425 2483 omnis
1444 2449 1659 2481 mercenarius
1683 2448 1800 2489 quaerit

1026 2507 1112 2549 quod
1126 2516 1222 2538 suum
1236 2509 1283 2537 est
1299 2517 1306 2537 z
1323 2514 1403 2545 ergo
1426 2506 1531 2535 motus
1551 2502 1712 2535 charitatis
1733 2511 1800 2533 non

1026 2562 1128 2601 potest
1139 2569 1206 2591 esse
1219 2558 1444 2591 mercenarius.

1067 2617 1097 2645 2.
1113 2614 1192 2646 Item
1213 2612 1407 2651 Bernardus,
1432 2611 1471 2644 de
1486 2609 1650 2650 diligendo
1665 2610 1726 2642 Deo
1752 2613 1762 2630 ⁹
1790 2620 1797 2640 ι

1812 426 1917 447 Fundam.

1827 2413 1860 2435 Ad
1869 2419 1920 2440 opp.
