2017 2960
74 449 168 470 Fundani
173 464 177 467 .

78 1803 110 1823 Ad
128 1810 178 1830 opp.

635 161 823 193 DISTINCT.
847 160 952 192 XXVI.
976 160 1067 192 ART.
1092 160 1298 198 11.QUAEST.
1323 160 1360 191 Il.

464 283 643 320 QUAESTIO
666 283 704 314 Il.

266 366 311 393 An
327 373 385 400 spes
405 374 437 392 ecc
452 366 527 393 bonis
546 367 650 393 meritis
665 366 763 393 habeat
779 367 866 392 ortum
880 364 899 393 ¹.

234 447 277 477 De
311 455 366 486 spe
399 456 455 486 per
489 446 761 486 comparationem
796 446 834 476 ad
869 446 972 476 meriti

193 509 290 530 usum
303 525 310 538 ,
332 502 443 530 utrum
461 500 578 530 scilicet
602 509 672 540 spes
690 509 729 530 ex
744 500 836 530 honis
852 499 973 530 meritis

194 554 309 584 habeat.
334 557 459 592 ortun1;
477 556 507 585 et
522 554 607 594 quod
625 554 684 591 sic,
703 553 830 584 videtur
842 554 852 569 ²
871 564 876 583 :
899 554 973 584 Tri-

196 608 314 639 balano
336 609 529 647 patientiam
547 610 712 646 operatur,
733 607 896 646 patientia
914 615 972 637 αη-

195 664 255 693 tem
274 662 510 701 probationem,
527 660 674 700 probatio
690 668 760 692 vero
776 668 865 699 spem
876 669 974 698 :ergo

195 715 220 745 si
236 715 270 744 in
283 714 545 754 ipsaprobatione
556 713 696 744 consistit
711 713 874 751 meritum,
890 712 974 743 vide-

195 770 248 799 tur
262 768 348 808 quod
362 776 432 807 spes
455 776 496 798 ex
513 767 633 797 meritis
650 766 765 797 habeat
779 768 898 797 ortum.

236 820 316 851 Item
339 820 400 850 hoc
414 820 522 859 ipsum
545 819 722 850 ostenditur
737 828 794 859 per
807 819 972 850 diffinitio-

195 883 270 905 nem
286 874 440 914 Magistri,
459 883 532 914 quae
548 873 678 913 ponitur
692 873 727 904 in
745 873 844 904 littera
857 884 862 903 :
873 885 886 903 (‹
898 873 976 914 Spes

195 931 243 959 est
274 930 359 959 certa
393 928 570 968 expectatio
607 928 727 959 futurae
759 928 975 966 beatitudinis,

196 982 386 1022 proveniens
401 991 441 1013 ex
459 982 565 1022 gratia
581 983 611 1012 et
625 981 759 1012 meritis.
776 992 790 1009 ›)

238 1035 316 1066 Item
338 1036 447 1066 nullus
462 1036 559 1066 habet
577 1035 731 1067 virtutem
746 1034 827 1074 spei,
842 1034 902 1064 nisi
916 1035 973 1074 qui

196 1089 352 1128 sperando
376 1089 522 1129 sequitur
537 1089 696 1120 dictamen
714 1088 787 1119 fidei
805 1099 812 1119 ε
830 1088 883 1119 sed
898 1089 976 1120 fides

197 1142 270 1173 dicit
294 1142 420 1173 nullum
445 1142 591 1173 adultum
615 1142 732 1173 salvari
747 1152 837 1182 posse
857 1143 976 1182 absque

197 1196 318 1226 meritis
336 1207 342 1226 :
360 1205 438 1235 ergo
454 1195 563 1226 nullus
586 1198 691 1235 sperat
710 1198 793 1226 recte
807 1196 977 1226 beatitudi-

196 1259 272 1280 nem
288 1274 296 1288 ‚
323 1249 384 1279 nisi
410 1249 461 1279 cui
490 1251 664 1288 suppetunt
692 1249 805 1279 merita
822 1260 828 1280 :
851 1250 977 1280 videtur

197 1312 275 1342 ergo
290 1302 375 1342 quod
393 1311 462 1342 spes
476 1311 516 1332 ex
533 1301 654 1332 merItis
668 1302 826 1342 procedat.

238 1357 327 1394 Item,
344 1357 424 1386 sicut
444 1346 588 1386 sehabet
609 1356 784 1396 desperatio
808 1357 847 1387 ad
868 1357 975 1388 deme-

196 1411 273 1449 rita,
290 1410 334 1440 sic
355 1419 388 1440 se
411 1410 505 1440 habet
532 1418 602 1449 spes
616 1410 655 1440 ad
670 1410 753 1440 bona
769 1410 881 1440 merita
899 1421 906 1441 ι
923 1411 977 1442 sed

197 1464 241 1494 sic
262 1473 295 1494 se
319 1463 416 1494 habet
437 1463 614 1503 desperatio
638 1463 676 1493 ad
705 1463 875 1501 demerita,
893 1465 977 1504 quod

198 1517 307 1548 nullus
321 1517 465 1557 desperat
480 1517 540 1547 nisi
552 1519 679 1556 propter
692 1517 833 1557 aliquam
847 1518 975 1558 culpam

198 1571 401 1601 commissam
420 1581 426 1601 t
445 1570 529 1600 mala
543 1570 628 1601 enim
648 1571 839 1602 conscientia
854 1573 900 1602 est
910 1572 973 1610 illa,

199 1634 272 1664 quae
291 1624 414 1655 inducit
431 1624 466 1654 111
489 1623 742 1664 desperationem
759 1634 767 1656 τ
785 1634 863 1664 ergo
888 1625 976 1656 simi-

198 1678 269 1709 liter
293 1678 418 1709 videtur
432 1678 517 1718 quod
532 1687 602 1717 spes
616 1686 657 1708 ex
672 1678 764 1709 bonis
778 1679 899 1710 meritis
917 1680 977 1710 ha-

198 1732 272 1763 beat
286 1734 404 1763 ortum.

238 1785 297 1816 Sed
309 1787 419 1816 contra
433 1796 439 1815 z
460 1788 486 1815 1.
503 1794 560 1825 per
571 1785 793 1825 Augustinum
805 1789 815 1805 ³
829 1798 858 1817 2«
869 1787 977 1818 Virtus

197 1841 244 1870 est
260 1839 344 1870 bona
358 1839 495 1879 qualitas
510 1839 640 1876 mentis,
656 1849 753 1879 quam
769 1840 853 1871 Deus
870 1841 903 1871 in
919 1851 977 1872 110-

198 1893 246 1924 bis
259 1893 328 1924 sine
348 1892 440 1924 nobis
459 1895 609 1932 operatur
629 1904 635 1924 :
652 1904 666 1921 »
686 1903 765 1934 ergo
781 1895 808 1925 si
824 1904 895 1935 spes
910 1895 978 1926 vir-

198 1950 249 1978 tus
270 1949 336 1985 est,
357 1947 438 1978 sicut
457 1949 620 1977 ostensum
640 1949 686 1978 est
712 1948 746 1978 in
766 1948 977 1988 praecedenti-

197 2001 268 2039 bus,
282 2000 364 2031 Deus
378 2009 449 2031 eam
461 2000 492 2030 in
509 2000 601 2031 nobis
616 2003 765 2040 operatur
780 2001 847 2031 sine
862 2002 973 2032 nobis:

197 2063 278 2094 ergo
292 2063 359 2085 non
371 2054 467 2085 habet
480 2056 588 2084 ortum
602 2063 643 2084 ex
657 2054 780 2085 meritis
794 2055 921 2085 nostris.

238 2109 268 2138 2.
289 2107 367 2138 Item
381 2107 463 2138 nihil
478 2108 565 2147 quod
579 2109 626 2138 est
637 2108 830 2148 principium
845 2108 976 2140 merito-

198 2171 285 2198 rum,
308 2164 416 2192 ortum
440 2161 535 2191 habet
549 2170 589 2191 ex
605 2162 727 2192 meritis
744 2172 750 2192 :
767 2162 822 2193 sed
835 2171 906 2202 spes
931 2165 978 2194 est

200 2214 394 2254 principium
418 2214 627 2252 meritorum;
645 2215 754 2246 nullus
773 2215 859 2246 enim
876 2218 978 2256 potest

200 2268 316 2299 mereri
337 2267 421 2307 apud
446 2267 564 2305 Deum,
586 2268 650 2298 nisi
673 2269 729 2308 qui
746 2271 876 2309 sperat:
898 2279 976 2309 ergo

200 2331 272 2362 spes
286 2331 326 2352 ex
341 2321 460 2352 meritis
475 2330 541 2352 non
555 2322 652 2353 habet
665 2324 782 2354 ortum.

241 2377 270 2406 3.
292 2374 371 2405 [tem
394 2383 505 2405 omnes
526 2375 660 2406 virtutes
683 2376 778 2407 simul
799 2376 976 2407 infundun-

201 2430 254 2459 tur
270 2439 277 2459 :
295 2438 373 2468 ergo
388 2429 414 2459 si
428 2429 537 2468 aliqua
551 2428 654 2460 virtus
678 2429 828 2469 praecedit
842 2430 957 2461 merita
967 2454 976 2469 ,

202 2490 328 2512 necesse
343 2484 388 2513 est
402 2482 488 2522 quod
501 2491 612 2513 omnes
626 2483 824 2522 praecedant:
837 2485 867 2514 et
880 2484 906 2514 si
920 2483 978 2514 ali-

236 2572 241 2586 ¹
256 2572 296 2601 (Ὺῖ
315 2572 386 2595 Alex.
402 2572 509 2602 Mensis,
526 2573 586 2595 Fon!
599 2591 607 2603 ‚
620 2573 694 2602 p.lll‚
708 2573 765 2597 coll.
780 2576 926 2604 XLVIII,a1·I.
944 2576 978 2604 11;

204 2607 291 2637 Steph.
306 2607 393 2631 Brulet'
405 2626 411 2635 ,
426 2607 456 2631 lll
474 2608 553 2635 Sent,
571 2607 628 2632 dist.
642 2614 712 2633 xxxsl.
731 2615 755 2640 11Δ
778 2615 812 2633 νι.
833 2610 882 2627 —2
900 2610 979 2639 Rom„

237 2656 269 2684 (a)
281 2654 340 2678 Coet.
356 2653 415 2677 edit.
430 2653 542 2677 servivit.

1747 168 1804 197 583

1027 238 1091 268 qua
1113 228 1337 268 subsequitur,
1359 237 1485 260 necesse
1510 231 1557 260 est
1580 231 1666 270 quod
1694 241 1806 264 omnes

1028 283 1265 322 subsequantur
1287 294 1294 313 :
1312 292 1391 322 ergo
1415 285 1471 314 aut
1491 292 1562 323 spes
1584 294 1647 315 non
1668 286 1807 325 procedit

1028 346 1068 367 ex
1082 336 1212 374 meritis,
1230 338 1285 367 3111
1300 339 1423 367 caeterae
1437 337 1574 367 virtutes
1589 338 1684 368 etiam
1699 348 1807 378 proce-

1028 389 1109 420 dunt
1123 399 1163 420 ex
1178 389 1298 420 meritis
1316 401 1322 420 :
1340 390 1394 420 sed
1409 390 1603 430 impossibile
1618 393 1664 421 est
1678 394 1807 422 caeteras

1030 442 1163 473 virtutes
1177 452 1218 473 ex
1234 443 1355 473 meritis
1371 443 1449 473 oriri
1469 455 1475 474 :
1493 452 1583 483 ergo,
1597 446 1655 474 etc.

1069 499 1098 526 4.
1116 496 1195 526 Item
1217 499 1337 536 quanto
1360 497 1433 536 quis
1452 497 1620 537 perfectior
1643 499 1706 535 est,
1721 499 1808 528 tanto

1029 552 1076 580 est
1088 550 1242 580 humilior
1260 560 1266 579 :
1284 552 1314 580 et
1328 553 1448 590 quanto
1463 551 1628 589 humilior,
1644 553 1731 581 tanto
1746 550 1809 580 mi-

1029 613 1091 634 nus
1106 603 1288 643 praesumit,
1305 603 1372 633 sive
1392 604 1522 634 confidit
1541 604 1578 634 de
1598 604 1719 634 meritis
1733 613 1809 643 pro-

1030 657 1107 697 priis
1122 667 1129 687 :
1146 666 1224 695 ergo
1242 657 1268 686 si
1287 666 1357 696 spes
1380 657 1516 696 perfecta
1534 658 1646 696 juncta
1667 659 1713 688 est
1735 666 1809 688 cum

1029 710 1212 741 humilitate
1227 710 1375 749 perfecta,
1397 709 1524 740 videtur
1542 710 1625 749 quod
1646 719 1705 740 nec
1726 719 1808 749 spes,

1030 773 1088 795 nec
1103 765 1173 804 ejus
1185 772 1263 794 usus
1277 763 1400 794 oriatur
1415 772 1456 794 ex
1470 763 1592 794 intuitu
1607 763 1809 796 meritorum.

1314 878 1543 911 CONCLUSIO.

1032 970 1096 1004 Spes
1111 969 1304 1003 quodammodo
1320 977 1352 996 em
1366 970 1471 996 meritis
1490 971 1527 996 est
1542 969 1701 1004 accipienda
1712 990 1719 1000 ,
1745 977 1811 1004 quo-

1067 1014 1206 1040 dammodo
1227 1015 1397 1048 principium
1416 1013 1535 1041 merendi
1549 1013 1667 1046 dicitur,
1686 1013 1811 1040 videlicet

1068 1061 1098 1085 ut
1112 1060 1172 1094 ipsa
1188 1061 1312 1085 nominat
1326 1059 1461 1086 habitum.

1072 1144 1165 1184 Resp.
1189 1144 1229 1175 ad
1252 1153 1322 1183 arg.
1351 1143 1527 1175 Dicendum
1549 1143 1634 1184 quod
1659 1152 1729 1183 spes
1755 1143 1814 1173 ali-

1032 1197 1161 1238 quando
1176 1197 1321 1227 nominat
1334 1197 1480 1228 habitum
1497 1197 1644 1235 virtutis;
1665 1197 1811 1237 aliquan-

1032 1251 1072 1282 do
1087 1251 1233 1281 nominat
1249 1252 1372 1287 actum;
1389 1250 1560 1289 aliquando
1580 1250 1726 1280 nominat
1746 1252 1813 1280 sta-

1032 1306 1120 1341 tum3
1147 1303 1318 1343 aliquando
1341 1303 1514 1333 terminum
1542 1303 1610 1333 sive
1638 1303 1811 1342 objectum.

1033 1357 1218 1389 Secundum
1238 1359 1346 1387 autem
1368 1356 1453 1396 quod
1468 1365 1539 1396 spes
1559 1357 1705 1387 nominat
1721 1356 1812 1387 habi-

1032 1413 1103 1442 tum
1117 1410 1259 1448 virtutis,
1276 1410 1320 1440 sic
1335 1419 1401 1440 non
1415 1410 1511 1440 habet
1531 1412 1638 1440 ortum
1657 1419 1696 1440 ex
1716 1410 1812 1440 meri-

1032 1465 1083 1502 tis,
1108 1464 1162 1495 sed
1181 1464 1286 1503 potius
1311 1463 1425 1494 merita
1448 1464 1567 1494 habent
1585 1466 1692 1494 ortum
1709 1473 1749 1494 ex
1764 1473 1814 1496 ea.

1034 1518 1218 1549 Secundum
1232 1519 1340 1548 autem
1361 1517 1446 1557 quod
1465 1517 1611 1547 nominat
1627 1519 1734 1547 actum
1745 1541 1753 1555 ,
1770 1517 1814 1548 sic

1033 1572 1110 1603 oriri
1134 1572 1230 1602 habet
1256 1581 1296 1602 ex
1318 1571 1507 1602 meritorum
1530 1570 1650 1601 intuitu
1671 1581 1677 1601 :
1702 1570 1813 1602 nullus

1033 1626 1118 1656 enim
1143 1627 1247 1666 sperat
1269 1626 1353 1656 recte
1379 1626 1533 1655 aeternam
1560 1623 1810 1662 beatitudinem,

1032 1679 1095 1710 nisi
1109 1679 1166 1719 qui
1182 1678 1243 1709 Deo
1255 1678 1352 1709 servit
1367 1678 1421 1716 (α),
1440 1677 1491 1707 vel
1508 1677 1657 1717 proponit
1671 1676 1734 1707 Deo
1753 1686 1815 1708 ser-

1033 1733 1113 1764 vire.
1137 1732 1321 1763 Secundum
1343 1732 1452 1762 autem
1474 1731 1560 1770 quod
1581 1730 1728 1760 nominat
1748 1732 1814 1761 sta-

1033 1788 1115 1824 tum,
1136 1786 1180 1816 sic
1201 1787 1309 1816 ortum
1324 1785 1420 1815 habet
1440 1793 1481 1814 ex
1494 1783 1616 1814 meritis
1631 1783 1814 1823 praeceden-

1033 1840 1120 1870 tibus
1136 1841 1167 1870 et
1182 1837 1469 1869 concomitantibus
1486 1846 1493 1867 :
1510 1839 1541 1867 et
1561 1836 1622 1866 hoc
1640 1836 1735 1866 modo
1759 1845 1815 1866 ac-

1033 1893 1168 1933 cipitur⁶
1194 1904 1200 1923 :
1230 1892 1407 1924 Tribulatio
1427 1894 1578 1930 operatur
1599 1890 1812 1929 patientiam,

1030 1947 1194 1988 patientia
1230 1946 1472 1986 probationem,
1514 1943 1662 1984 probatio
1702 1952 1787 1983 spem
1802 1954 1815 1984 ,-

1034 2002 1141 2032 Glossa
1157 2012 1163 2032 z
1182 2000 1238 2031 «Id
1253 2002 1310 2036 est,
1327 1998 1552 2029 certitudinem
1567 1998 1644 2037 spei,
1663 1997 1702 2028 ad
1715 2007 1814 2037 quam

1034 2055 1150 2085 scilicet
1177 2053 1401 2084 certitudinem
1428 2051 1615 2091 pervenitur
1644 2060 1701 2090 per
1730 2051 1815 2081 bona

1034 2108 1158 2145 merita,
1175 2110 1206 2138 et
1219 2106 1360 2137 maxime
1378 2114 1436 2145 per
1454 2105 1655 2135 tolerantiam
1670 2106 1702 2134 et
1717 2104 1814 2134 susti-

1033 2162 1177 2192 nentiam
1194 2159 1451 2191 tribulationum.
1468 2168 1482 2186 »
1502 2157 1686 2189 Secundum
1705 2159 1814 2187 autem

1034 2216 1120 2256 qnod
1133 2224 1204 2255 spes
1218 2214 1362 2245 nominat
1377 2213 1480 2252 ipsam
1495 2221 1564 2242 rem
1578 2213 1735 2251 speratam
1745 2235 1752 2249 ,
1770 2211 1814 2241 sic

1034 2272 1142 2300 ortum
1161 2268 1257 2299 habet
1278 2276 1319 2298 ex
1341 2265 1463 2297 meritis
1487 2263 1750 2305 praecedentibus,
1777 2263 1815 2294 Et

1035 2323 1079 2354 518
1098 2324 1184 2362 patet
1203 2321 1288 2361 quod
1311 2329 1383 2359 spes
1405 2319 1582 2350 secundum
1605 2317 1742 2357 primam
1761 2326 1814 2347 ac-

1035 2377 1213 2415 ceptionem
1236 2374 1422 2414 simpliciter
1443 2372 1592 2413 praecedit
1616 2370 1728 2401 merita
1744 2372 1813 2400 tan-

1035 2440 1134 2472 quam
1165 2429 1355 2461 meritorum
1384 2425 1600 2466 prIncipium3
1636 2423 1815 2454 secundum

1036 2485 1185 2516 ultimam
1209 2482 1425 2522 acceptionem
1449 2478 1633 2519 simpliciter
1652 2477 1813 2516 sequitur,

1036 2542 1191 2580 tanquam
1209 2537 1401 2568 meritorum
1425 2533 1615 2573 praemium3
1637 2530 1815 2562 secundum

1039 2626 1062 2650 v,
1077 2621 1100 2643 4.
1113 2632 1139 2635 —
1155 2618 1164 2634 ³
1180 2618 1223 2642 Est
1235 2615 1352 2641 diffinitio
1368 2613 1481 2643 Magistri
1495 2612 1601 2636 collem-la
1616 2619 1645 2635 cx
1664 2610 1814 2642 ⁴xuguslino,

1038 2658 1065 2680 ut
1080 2656 1147 2686 patet
1164 2654 1190 2677 in
1204 2654 1246 2677 lib.
1264 2652 1283 2677 Il
1295 2670 1302 2683 ‚
1316 2651 1372 2675 dist.
1389 2655 1470 2674 xxvu.
1484 2649 1534 2666 —⁸
1551 2649 1628 2679 Hom„
1646 2655 1668 2678 1,
1685 2650 1704 2671 l.
