2017 2960
684 175 780 207 msT.
804 168 902 207 xxnl

130 246 320 286 positionem
337 255 411 277 eum
425 248 497 277 actu
513 245 585 276 fidei
601 245 744 275 formatae
762 254 768 274 :
787 243 838 273 sed
855 252 903 273 ae-

129 301 182 330 tus
196 300 269 331 fidei
296 300 439 330 formatae
452 323 460 337 ‚
479 299 536 339 qui
560 298 689 339 quidem
712 298 758 328 est
775 296 903 327 eredere

129 362 193 384 non
207 353 406 393 apparentia,
424 355 455 383 et
469 353 578 384 videre
602 360 658 392 per
681 350 848 391 speculum
872 352 903 380 et

129 407 163 437 in
178 407 360 446 aenigmate‚
376 416 528 447 magnam
543 405 791 447 repugnantiam
807 405 903 435 habet

133 469 210 490 cum
228 461 311 491 statu
323 461 524 499 gloriae:ideo
537 469 601 491 non
612 460 656 490 sie
663 459 806 495 evacuat,
820 457 902 488 sicut

128 515 314 544 evacuatur.
335 514 400 545 Hoc
421 516 527 545 autem
548 514 646 544 infra¹
667 512 782 543 melius
802 511 902 541 mani-

131 567 308 605 festabitur,
325 577 400 598 eum
413 568 452 599 de
465 567 672 599 evacuatione
684 565 757 596 fidei
772 567 899 604 agetur.

165 622 196 651 2.
219 620 267 651 Ad
290 621 369 652 illud
391 621 476 661 quod
500 620 669 660 objicitur⁷
686 619 771 659 quod
795 619 902 658 majus

127 673 236 704 lumen
261 674 409 705 absorbet
437 674 546 704 minus
571 673 680 703 lumen
697 696 704 708 ‚
730 671 900 702 dicendum

125 727 210 767 quod
238 728 316 759 illud
342 737 406 758 non
434 727 627 766 intelligitur
655 727 693 757 de
722 725 900 757 luminibus

125 789 198 820 quae
213 783 287 812 sunt
308 781 347 812 ad
368 781 506 812 invicem
534 780 698 818 ordinata,
715 780 768 810 sed
791 780 829 810 de
853 779 901 809 his

124 842 199 874 quae
219 834 338 865 habent
359 835 522 875 quandam
549 834 780 874 oppositionem
798 835 829 864 et
853 842 900 864 re-

124 887 335 927 pugnantiam
351 912 359 926 ,
389 887 450 918 nisi
491 887 692 927 intelligatur
730 887 900 918 absorbere

124 942 282 981 quantum
301 941 341 972 ad
361 941 592 982 apparentiam.
615 941 651 971 Et
675 941 830 981 quoniam
849 941 901 971 Iu-

124 1003 199 1025 men
215 995 289 1025 fidei
305 995 452 1026 informis
465 994 611 1026 ordinem
627 995 723 1025 habet
738 994 777 1025 ad
791 994 900 1024 lumen

123 1047 252 1086 gratiae,
278 1057 341 1079 non
366 1048 617 1088 oppositionem;
646 1048 722 1078 hine
747 1049 794 1078 est
815 1047 900 1087 quod

122 1101 162 1131 ab
177 1101 245 1141 ipso
259 1110 325 1132 non
346 1101 551 1139 absorbetur,
569 1101 622 1132 sed
647 1101 751 1140 magiS
775 1101 807 1131 in
833 1110 900 1131 esse

122 1154 275 1186 salvatur.

162 1210 191 1239 3.
217 1208 264 1239 Ad
280 1208 357 1239 iilud
372 1208 456 1248 quod
473 1208 633 1248 ohJieItur,
650 1208 736 1248 quod
757 1208 835 1238 fides
850 1208 901 1242 inz,

121 1261 232 1292 formis
252 1271 317 1292 non
336 1263 382 1293 est
402 1261 462 1292 nisi
485 1262 518 1291 iu
535 1260 754 1301 peccatoribus
774 1264 804 1292 et
826 1270 899 1291 cum

120 1317 260 1355 peccato,
283 1315 454 1347 dicendum
474 1315 559 1355 quod
582 1315 642 1346 hoe
662 1324 778 1347 verum
802 1317 849 1346 est
863 1324 901 1346 ea

121 1368 261 1406 ratione,
279 1378 343 1408 qua
365 1369 443 1399 fides
463 1369 608 1400 informis
629 1369 776 1400 nominat
797 1369 898 1400 desec-

121 1423 191 1453 tum
214 1421 337 1459 formae,
359 1431 424 1452 non
447 1421 624 1452 seeundum
648 1422 733 1461 quod
756 1422 902 1452 nominat

121 1475 267 1506 habitum
294 1486 300 1506 :
318 1478 347 1506 et
373 1475 442 1506 ideo
465 1484 505 1505 ex
524 1475 585 1506 hoc
607 1483 674 1505 non
696 1476 799 1514 potest
823 1484 899 1506 con-

121 1529 222 1567 cludi,
237 1530 323 1569 quod
340 1539 395 1569 per
410 1530 547 1569 gratiam
567 1528 791 1560 advenientem
807 1529 899 1559 tolla-

120 1584 173 1613 tur
187 1583 260 1614 fidei
276 1583 421 1614 informis
441 1583 571 1614 habitus
583 1607 590 1621 ,
615 1582 669 1613 sed
690 1582 795 1613 solum
814 1582 899 1622 quod

121 1636 250 1667 tollatur
266 1636 468 1667 informitatis
481 1636 630 1667 defectus.

160 1691 191 1720 4.
217 1689 261 1720 Ad
285 1689 365 1720 illud
388 1690 473 1730 quod
497 1690 658 1729 objicitur,
680 1689 766 1730 quod
789 1698 901 1720 omnes

120 1742 254 1773 virtutes
272 1743 487 1774 infunduntur
502 1743 611 1780 simul,
627 1743 798 1774 dicendum
815 1743 900 1783 quod

119 1805 234 1827 verum
249 1799 295 1828 est
309 1799 467 1837 quantum
489 1797 529 1828 ad
544 1797 621 1827 iIIud
640 1797 725 1837 quod
747 1797 839 1828 estin
855 1797 901 1828 eis

120 1849 252 1881 formale
262 1861 270 1889 ;
287 1853 446 1891 quantum
459 1853 567 1882 autem
582 1851 621 1881 ad
638 1850 815 1889 materiale,
832 1851 900 1882 sive

121 1903 327 1934 ad‘habitum
347 1905 555 1941 substratum,
572 1913 638 1935 non
661 1904 758 1935 habet
780 1904 900 1935 verita-

122 1958 204 1996 tem⁷
229 1957 289 1988 nisi
315 1958 443 1997 quando
466 1967 532 1988 non
555 1958 678 1988 invenit
701 1958 847 1988 habitum
865 1958 900 1988 in

121 2011 275 2050 subjecto,
300 2020 397 2051 quem
422 2011 572 2042 informet
588 2011 626 2052 (α)
647 2021 654 2042 :
676 2013 707 2042 et
730 2011 800 2042 ideo
825 2020 900 2042 cum

121 2065 226 2104 grafia
249 2065 422 2096 adveniens
441 2065 565 2097 invenit
587 2066 734 2096 habitum
755 2065 828 2096 fidei
847 2066 900 2096 in-

119 2118 249 2156 formis,
277 2128 342 2150 non
369 2121 493 2159 oportet
519 2119 605 2159 quod
630 2120 899 2159 superinducatur

118 2181 204 2204 nova
223 2173 311 2204 fides.
331 2173 489 2204 Praeterea
509 2173 590 2204 ratio
614 2173 667 2203 illa
690 2173 724 2203 in
739 2173 800 2204 alio
821 2173 899 2204 defi-

119 2225 175 2263 cit,
199 2227 276 2266 qnia
290 2227 395 2266 gratia
408 2228 538 2266 gratum
557 2227 675 2258 faciens
696 2236 771 2258 eum
795 2227 899 2266 gratia

119 2279 219 2319 gratis
240 2280 312 2311 data
332 2290 398 2311 non
418 2282 464 2311 est
484 2281 628 2321 ejusdem
647 2282 761 2321 speciei
780 2291 786 2312 :
807 2283 838 2312 et
855 2281 898 2311 ita

120 2333 259 2371 procedit
274 2343 315 2364 ex
329 2334 405 2364 falsa
424 2334 653 2374 suppositione.

161 2388 190 2417 5.
215 2386 263 2418 Ad
287 2387 364 2418 illud
387 2388 472 2428 quod
496 2387 657 2428 objicitur,
678 2389 764 2429 quod
785 2389 897 2420 lumen

120 2439 233 2478 gratiae
258 2443 387 2479 gratum
409 2441 551 2472 facientis
572 2441 664 2472 debet
688 2443 834 2474 sufficere
858 2443 897 2474 ad

120 2493 313 2524 credendum
324 2516 334 2532 ,
362 2494 531 2526 dicendum
553 2495 639 2535 quod
660 2496 776 2527 sufficit
793 2497 897 2536 gratia

155 2579 230 2604 ιΒιεῖ.
248 2586 309 2610 xm,
325 2582 371 2604 art.
387 2581 410 2610 2,
425 2588 449 2612 q.
465 2586 480 2604 1.
491 2594 522 2598 -
533 2582 542 2596 ’
558 2581 598 2612 Cf.
610 2582 681 2606 Alex.
695 2582 803 2614 Mensis,
817 2591 840 2614 p.
854 2583 896 2614 III,

121 2622 146 2646 q.
164 2621 235 2645 ant,
249 2615 356 2640 membr.
386 2617 418 2646 ὓς
440 2617 466 2640 S.
485 2616 607 2647 Thomas,
626 2618 694 2648 [Ι-ΙΙ,
710 2626 735 2649 q.
753 2624 787 2648 iv,
801 2621 847 2643 art.
860 2621 893 2649 ;4;

153 2662 185 2693 (α)
202 2662 261 2686 Coet.
276 2662 336 2686 edit.
353 2662 482 2687 informat.

908 200 914 207 .
937 176 1026 207 ΑΗΤ.
1051 176 1089 207 ΙΙ.
1114 176 1265 214 QUAEST.
1290 176 1326 208 V.

1681 180 1738 209 507

962 246 1091 282 gratum
1119 244 1253 281 faciem,
1279 253 1354 275 cum
1380 244 1665 284 praesuppositione
1691 248 1737 275 ta-

961 305 1034 327 men
1056 297 1170 336 gratire
1186 298 1286 336 gratis
1301 298 1394 328 datae.
1412 297 1499 328 Dona
1521 298 1607 328 enim
1625 298 1738 337 gratiae

959 352 1088 388 gratum
1109 351 1250 381 farienfis
1273 361 1335 382 non
1359 352 1534 382 excludunt
1557 352 1639 382 dona
1660 361 1739 391 gra-

958 403 1010 433 tiae
1026 404 1126 442 gratis
1142 405 1222 435 datae
1238 416 1245 442 i
1263 405 1327 435 imo
1350 405 1454 445 magis
1477 405 1530 436 illa
1554 405 1586 435 in
1602 414 1661 436 suo
1682 405 1736 435 ad-

959 458 1057 487 ventu
1083 458 1243 497 complent
1265 461 1295 489 et
1320 459 1511 498 perficiunt,
1537 461 1567 490 et
1599 459 1739 499 quodam

959 510 1053 541 modo
1079 511 1118 541 ab
1147 511 1192 542 eis
1215 512 1407 551 vigorantur
1438 515 1468 543 et
1493 513 1702 553 perficiuntur
1730 523 1736 543 :

958 563 1028 594 ideo
1047 573 1112 594 non
1133 565 1279 604 sequitur
1301 566 1385 605 quod
1397 590 1406 603 ,
1423 566 1612 597 adveniente
1634 565 1740 606 gratia

958 618 1089 656 gratum
1104 618 1247 657 faciente,
1263 619 1440 658 superfluat
1454 620 1581 650 habitus
1600 620 1673 650 fidei
1687 620 1737 650 in-

958 670 1089 710 formis,
1120 681 1197 710 nee,
1232 675 1416 703 remanente
1443 673 1555 704 habitu
1584 673 1736 710 informi,

958 728 1086 765 propter
1100 726 1160 756 hoc
1175 726 1286 757 lumen
1301 727 1415 766 gratiae
1440 728 1570 766 gratum
1592 727 1738 757 facientis

958 779 998 808 sit
1014 778 1209 809 insufficiens
1225 780 1497 820 :unumquodque
1512 780 1599 810 enim
1616 779 1737 809 donum

957 832 1012 863 Dei
1035 834 1195 864 sufficiens
1210 836 1277 872 est,
1295 835 1473 865 seeundum
1496 834 1575 864 illud
1598 833 1636 864 ad
1652 833 1736 874 quod

957 886 1052 918 hahet
1066 887 1223 919 ordinem.

1225 998 1405 1037 QUAESTIO
1426 999 1464 1031 V.

957 1075 1002 1102 An
1016 1075 1078 1109 fides
1092 1076 1219 1109 informis
1228 1077 1279 1110 fiat
1292 1077 1425 1109 formata,
1442 1076 1599 1103 adveniente
1613 1077 1707 1110 qratia
1715 1079 1735 1103 ⁹.

997 1155 1040 1186 De
1061 1156 1162 1196 ipsius
1179 1156 1250 1187 fidei
1268 1157 1412 1187 informis
1428 1156 1629 1195 formatione,
1645 1158 1675 1187 et
1689 1158 1736 1187 θεῖ

956 1209 1090 1248 quaestio
1113 1211 1225 1239 utrum
1246 1209 1434 1240 adveniente
1455 1210 1562 1248 gratia
1583 1209 1661 1240 fides
1686 1210 1736 1240 in-

956 1261 1066 1292 formis
1089 1262 1145 1292 fiat
1166 1262 1322 1299 sormata;
1347 1265 1378 1293 et
1403 1263 1489 1302 quod
1515 1263 1570 1300 sic,
1595 1263 1732 1294 videtur.

956 1315 1136 1355 Antequam
1164 1316 1280 1356 aliquis
1307 1318 1432 1356 peccet,
1460 1326 1523 1347 non
1549 1317 1645 1348 habet
1673 1317 1734 1348 nisi

956 1368 1053 1399 fidem
1067 1368 1237 1399 formatam
1251 1380 1258 1407 ;
1278 1378 1351 1400 eum
1365 1373 1474 1401 autem
1488 1373 1607 1410 peceat,
1622 1370 1736 1411 incipit

956 1421 1074 1452 habere
1097 1422 1192 1452 fidem
1219 1422 1389 1453 informem
1413 1434 1420 1453 ε
1447 1423 1473 1453 si
1499 1433 1578 1463 ergo
1603 1424 1637 1454 in
1659 1434 1735 1464 pec-

957 1475 1056 1506 cando
1070 1484 1135 1506 non
1154 1475 1335 1506 infunditur
1350 1476 1379 1506 ei
1395 1485 1479 1508 nova
1493 1477 1570 1508 fides
1582 1502 1590 1516 ‚
1608 1487 1735 1509 necesse

957 1530 1004 1560 est
1016 1529 1101 1569 quod
1116 1538 1173 1569 per
1188 1532 1352 1568 peceatum
1370 1530 1449 1561 fides
1463 1531 1598 1562 formata
1614 1531 1668 1562 fiat
1682 1531 1732 1561 in-

956 1582 1068 1614 formis
1085 1594 1091 1613 z
1108 1583 1134 1613 si
1149 1592 1226 1622 ergo
1242 1583 1319 1614 fides
1334 1584 1479 1615 informis
1499 1586 1572 1615 ante
1592 1585 1652 1615 suit
1670 1585 1734 1615 for-

957 1638 1057 1673 mata,
1073 1636 1202 1667 videtur
1221 1637 1306 1677 quod
1320 1637 1345 1667 si
1361 1637 1476 1678 aIIquis
1491 1638 1678 1669 restituatur
1699 1638 1734 1668 in

958 1690 1097 1729 gradum
1124 1691 1295 1730 pristinum
1320 1701 1377 1732 per
1399 1692 1574 1723 adventum
1601 1692 1731 1732 gratiae,

956 1744 1041 1783 quod
1056 1744 1133 1776 fides
1146 1745 1291 1776 informis
1305 1746 1360 1776 fiat
1374 1746 1519 1777 formata.

998 1797 1076 1828 Item
1087 1798 1191 1837 gratia
1206 1799 1381 1830 adveniens
1395 1799 1546 1831 informat
1560 1802 1710 1831 naturam
1723 1809 1730 1831 ε

956 1852 981 1882 si
1001 1862 1079 1892 ergo
1094 1853 1171 1883 fides
1191 1853 1336 1884 informis
1351 1853 1423 1893 plus
1438 1854 1640 1894 approximat
1656 1863 1730 1894 gra-

955 1906 1020 1944 tiae,
1046 1915 1144 1946 quam
1167 1907 1235 1946 ipsa
1258 1909 1393 1945 natura,
1418 1907 1546 1939 videtur
1568 1908 1654 1948 quod
1676 1916 1732 1947 per

955 1959 1061 1990 Iocum
1089 1968 1108 1990 a
1132 1959 1249 1991 minori
1271 1960 1349 1991 fides
1370 1961 1516 1992 informis
1539 1961 1654 1992 habeat
1676 1970 1733 2001 per

955 2013 1092 2051 gratiam
1108 2013 1283 2045 informari.

996 2066 1074 2097 Item
1102 2067 1172 2107 pius
1187 2068 1335 2098 convenit
1355 2068 1484 2100 habitus
1504 2069 1631 2100 infusus
1657 2079 1732 2100 cum

954 2121 1069 2159 grafia,
1088 2130 1161 2160 quae
1176 2123 1222 2152 est
1237 2121 1352 2160 infusa,
1369 2131 1468 2162 quam
1484 2123 1611 2154 habitus
1625 2123 1733 2163 acqui-

955 2174 1004 2204 siti
1034 2185 1041 2204 :
1069 2174 1122 2205 sed
1149 2174 1278 2205 habitus
1308 2175 1453 2215 acquisiti
1478 2185 1535 2216 per
1557 2176 1731 2207 adventum

954 2227 1068 2267 gratiae
1082 2227 1314 2266 informantur3
1331 2228 1414 2268 quod
1432 2230 1527 2269 patet,
1545 2229 1619 2269 quia
1632 2230 1666 2260 in
1680 2239 1732 2261 eo-

953 2290 1028 2312 rum
1043 2281 1193 2312 exercitio
1214 2283 1245 2312 et
1268 2291 1331 2312 usu
1352 2281 1449 2313 homo
1472 2286 1635 2314 meretur:
1653 2292 1730 2322 ergo

954 2335 1055 2366 multo
1076 2335 1187 2366 fortius
1202 2335 1329 2366 habitus
1348 2335 1420 2366 fidei
1440 2335 1586 2367 informiS
1608 2337 1730 2368 forma-

953 2391 1005 2420 tur
1019 2398 1075 2429 per
1088 2389 1190 2429 ipsam
1207 2389 1346 2429 gratiam
1360 2390 1650 2429 supervenientem.

995 2443 1072 2474 Item
1086 2452 1182 2483 opera
1196 2444 1385 2474 mortificata
1399 2453 1456 2484 per
1469 2444 1642 2475 adventum
1657 2454 1730 2484 gra-

953 2497 1005 2528 tiae
1020 2497 1236 2536 vivificantur,
1254 2497 1431 2528 seeundum
1447 2497 1532 2537 quod
1548 2498 1729 2529 eommuni-

953 2551 999 2581 ter
1021 2549 1161 2581 dieitur:
1184 2559 1262 2589 ergo
1283 2550 1353 2590 pari
1375 2550 1498 2581 ratione
1511 2574 1519 2588 ,
1543 2551 1574 2581 et
1598 2550 1728 2582 habitus

952 2631 1016 2655 etlti
1028 2631 1106 2661 Sent„
1116 2630 1173 2654 dist.
1184 2636 1264 2658 xxm,
1274 2637 1298 2660 q.
1315 2635 1355 2658 ιιι,
1367 2633 1414 2653 art.
1425 2631 1453 2659 4;
1467 2631 1492 2653 et
1500 2629 1528 2652 de
1541 2630 1626 2660 Verz't.,
1638 2637 1661 2661 q.
1675 2637 1726 2660 xiv,

952 2667 999 2691 art.
1015 2668 1045 2697 75
1061 2666 1180 2697 Stephan.
1202 2666 1305 2695 Brulet'„
1324 2665 1354 2688 ΙΙΙ
1372 2666 1451 2695 Seni.y
1472 2665 1527 2689 dist.
1542 2672 1616 2696 xxm,
1629 2673 1652 2699 q.
1669 2672 1693 2693 x.

1751 1162 1854 1183 Fundam.
