2017 2960
165 692 231 704 Omni>

158 716 233 735 Christi

148 748 252 767 urathcl

153 778 247 798 mlunms

157 810 240 835 expleta

151 843 184 860 sit.
194 843 213 859 ct
226 841 252 860 «ic

159 871 238 896 duplici

156 902 201 927 ejus
212 909 243 920 x.»-

157 933 242 954 luntatc.

155 996 247 1016 volunta-

169 1027 225 1047 tibus

163 1060 241 1080 Christi

161 1098 238 1111 secuu-

145 1122 253 1143 dumduas

151 1156 242 1174 naturas.

264 174 321 202 364
826 173 1134 204 SENTEN'I'IARUM
1155 174 1228 205 [ΑΒ.
1253 174 1303 205 lll.

778 333 1142 380 DISTINCTIO
1186 335 1339 380 XVII

266 474 410 499 QUOMODO
422 474 519 496 cmsTl
536 473 717 495 1NCARN'AT10
732 473 903 495 ORDINATUR
919 474 957 495 An
972 473 1111 495 NOSTRAM
1132 474 1365 495 REDFMPTIONEM
1386 475 1530 500 QUANTUM
1546 476 1584 496 AD
1599 475 1677 498 USUM
1694 474 1831 498 VIRTUTIS
1847 478 1855 506 ;

734 531 903 553 PRAESERTIM
921 533 956 553 DE
976 531 1157 553 VOLUNTATE
1174 531 1210 553 ET
1225 531 1388 553 ORATIONE.

312 644 388 676 Post
405 643 558 687 praedicta
573 644 771 677 considerari
787 649 925 688 oportet,
938 649 1051 677 utrum
1065 645 1213 677 Christus
1228 645 1352 690 aliquid
1369 646 1522 687 voluerit,
1538 646 1589 679 vel
1605 646 1759 687 oraverit,
1771 647 1856 690 quod

268 702 389 734 factum
404 713 469 734 non
485 701 537 734 sit.
556 702 623 733 Hoc
638 702 724 734 enim
736 702 915 734 existimari
932 707 1034 746 potest
1047 714 1103 746 per
1113 703 1172 735 hoc
1188 703 1274 747 quod
1292 703 1358 747 ipse
1374 703 1435 735 ait⁴
1450 715 1457 735 t
1474 704 1586 744 Pater,
1601 703 1789 748 sipossz'bile
1799 709 1857 745 esc,

270 765 419 792 transeat
435 771 455 790 (l
471 770 522 791 me
538 759 626 791 calin?
642 760 702 791 iste
714 771 727 799 ,·
742 766 968 792 verumtamen
986 772 1051 792 non
1067 760 1152 804 quod
1167 772 1222 804 eqo
1237 761 1320 802 volo,
1337 760 1393 793 scd
1411 761 1497 805 quod
1511 767 1546 794 tu
1568 761 1627 794 vis.
1644 761 1704 794 Hic
1719 772 1859 805 namque

269 818 470 850 voluntatem
487 828 577 850 suan]
594 829 612 849 a
628 818 732 849 Patris
746 818 916 850 voluntate
931 818 1111 850 discernere
1126 819 1268 851 videtur.

313 875 467 915 Quocirca
496 874 729 917 ambigendum
758 886 823 907 non
852 879 917 916 est,
946 876 1089 908 diversas
1118 876 1151 908 in
1176 876 1302 909 Christo
1329 876 1426 909 fuisse
1451 877 1635 910 voluntates
1658 878 1752 921 juxta
1779 877 1860 910 duas

269 937 414 974 naturas,
443 932 589 965 divinam
618 933 738 965 scilicet
766 933 981 974 voluntatem,
1012 938 1043 966 et
1070 933 1261 966 humanam.
1293 935 1446 966 Humana
1474 935 1625 967 voluntas
1653 939 1699 966 est
1726 935 1859 967 affectus

268 991 416 1031 rationis,
430 991 482 1023 vel
496 991 630 1023 affectus
646 991 882 1023 sensualitatis:
900 995 930 1024 et
946 991 1032 1024 alius
1047 996 1093 1023 est
1107 992 1241 1024 affectus
1257 992 1374 1024 animae
1391 992 1570 1025 secundum
1586 991 1759 1034 rationem,
1776 992 1860 1024 alius

268 1049 448 1081 secundum
477 1048 718 1081 sensualitatem
738 1061 744 1080 ε
777 1053 915 1092 uterque
941 1053 1050 1081 tamen
1078 1049 1198 1082 (licitur
1225 1049 1371 1082 humana
1399 1050 1562 1082 voluntas.
1593 1050 1722 1082 Affectu
1750 1053 1859 1082 autem

268 1106 403 1139 rationis
415 1106 448 1138 id
464 1106 604 1148 volebat,
623 1106 711 1150 quod
727 1106 895 1139 voluntate
909 1107 1032 1147 divina,
1050 1107 1169 1139 scilicet
1190 1108 1255 1152 pati
1271 1112 1302 1140 et
1317 1108 1417 1147 mori;
1443 1107 1496 1140 sed
1512 1107 1628 1140 affectu
1643 1107 1861 1140 sensualitatis

268 1175 332 1196 non
349 1164 492 1204 volebat,
510 1164 574 1196 imo
591 1164 783 1207 refugiebat.
802 1164 866 1196 Nec
894 1168 1003 1196 tamen
1022 1165 1056 1196 in
1081 1176 1117 1197 eo
1139 1176 1212 1197 caro
1237 1169 1348 1197 contra
1372 1165 1524 1208 spiritum
1552 1165 1603 1197 vel
1618 1165 1723 1198 Deum
1743 1176 1861 1198 concu-

268 1221 421 1264 piscebat,
446 1221 536 1265 quia,
568 1226 604 1253 ut
632 1222 676 1254 ait
693 1222 932 1265 Augustinus²‚
953 1234 969 1253 (ι
998 1222 1199 1255 nonnullum
1226 1226 1272 1254 est
1294 1223 1432 1264 vitium,
1458 1234 1533 1255 cum
1560 1233 1634 1255 caro
1662 1222 1860 1266 concupiscit

269 1279 424 1311 adversus
439 1279 602 1323 spiritum.
621 1292 636 1309 ))
656 1279 737 1311 Caro
752 1283 860 1311 auten]
877 1279 961 1311 dicta
980 1284 1026 1312 est
1045 1280 1283 1324 concupiscere,
1305 1281 1383 1324 quia
1402 1280 1463 1313 hoc
1481 1280 1662 1313 secundum
1676 1281 1779 1324 ipsam
1795 1280 1862 1323 agit

269 1337 390 1377 anima,
407 1337 490 1369 sicut
504 1336 614 1369 anima
639 1348 694 1380 per
718 1348 831 1369 aurem
855 1337 959 1378 audit,
982 1342 1013 1370 et
1035 1349 1092 1381 per
1116 1338 1248 1370 oculum
1273 1338 1360 1371 videt
1374 1342 1394 1371 ³.
1413 1339 1494 1371 Caro
1520 1339 1607 1371 enim
1633 1338 1791 1370 nihilnisi
1806 1349 1862 1381 per

269 1395 412 1427 animam
442 1394 649 1438 concupiscit.
681 1394 744 1426 Sed
773 1395 998 1439 concupiscere
1026 1395 1146 1428 dicitur
1159 1422 1166 1436 ‚
1204 1407 1279 1428 cum
1309 1396 1419 1428 anima
1453 1396 1576 1428 carnali
1603 1395 1862 1440 concupiscentia

268 1452 399 1497 spiritui
414 1452 606 1493 reluctatur,
624 1452 746 1485 habens
761 1453 925 1485 carnalem
942 1453 1187 1486 delectationem
1203 1453 1242 1486 de
1257 1464 1352 1486 carne
1366 1457 1396 1485 et
1411 1465 1429 1486 a
1443 1465 1540 1485 carne¹
1555 1454 1710 1486 adversus
1724 1453 1862 1486 delecta-

270 1511 403 1551 tionem,
421 1522 520 1554 quam
540 1510 674 1554 spiritus
697 1509 804 1543 habet.
834 1511 940 1555 Ipsius
968 1514 1077 1543 autem
1106 1512 1245 1544 carnalis
1273 1511 1539 1556 concupiscentia}
1567 1522 1663 1544 causa
1685 1522 1750 1544 non
1765 1511 1860 1544 estin

269 1569 379 1601 anima
393 1569 474 1610 sola,
491 1569 595 1601 necin
611 1579 707 1601 carne
731 1568 817 1601 sola:
847 1580 885 1601 ex
910 1572 1050 1613 utroque
1073 1569 1161 1601 enim
1182 1569 1231 1610 fit,
1255 1569 1334 1613 quia
1352 1569 1422 1602 sine
1446 1574 1584 1614 utroque
1605 1569 1773 1602 delectatio
1789 1569 1862 1602 talis

270 1638 336 1659 non
350 1627 489 1659 sentitur
505 1629 527 1659 ⁶.
555 1626 642 1659 Talis
668 1637 745 1669 ergo
769 1627 851 1667 rixa,
877 1627 1015 1671 talisque
1039 1627 1233 1660 concertatio
1252 1627 1285 1659 in
1309 1627 1420 1659 anima
1442 1627 1561 1660 Christi
1584 1627 1774 1660 nullatenus
1795 1638 1862 1660 esse

270 1684 389 1728 potuit,
406 1684 485 1728 quia
499 1684 638 1717 carnalis
652 1684 913 1728 concupiscentia
928 1684 973 1716 ibi
988 1696 1054 1716 esse
1069 1684 1230 1728 nequivit.
1249 1684 1307 1717 Dei
1322 1684 1419 1716 etiam
1436 1685 1587 1717 voluntas
1601 1688 1681 1725 erat,
1698 1688 1728 1717 et
1743 1684 1861 1717 rationi

270 1742 436 1785 placebat,
467 1746 504 1775 ut
536 1742 618 1775 illud
646 1742 826 1775 secundum
853 1753 984 1775 carnem
1021 1742 1118 1774 vellet
1131 1768 1138 1782 ‚
1178 1745 1340 1786 quatenus
1372 1742 1489 1774 veritas
1522 1741 1734 1775 humanitatis
1761 1743 1795 1775 in
1823 1754 1861 1775 eo

272 1800 465 1843 probaretur
481 1812 487 1832 z
518 1811 594 1833 narn
624 1800 682 1844 qui
710 1800 852 1833 hominis
875 1804 1026 1833 naturam
1051 1799 1203 1843 suscepit,
1233 1810 1306 1843 quae
1339 1799 1440 1843 ipsius
1468 1803 1556 1840 sunt,
1585 1799 1695 1832 subire
1722 1799 1836 1832 debuit
1853 1813 1860 1833 :

271 1857 410 1901 ideoque
426 1858 509 1890 sicut
524 1858 557 1890 in
579 1857 673 1890 nobis
695 1857 817 1901 duplcx
843 1862 889 1890 cst
911 1858 1057 1898 affectus,
1084 1857 1201 1890 mentis
1228 1857 1348 1889 scilicet
1371 1861 1402 1889 et
1426 1857 1656 1897 sensualitatis,
1673 1857 1718 1889 ita
1733 1858 1811 1890 etin
1826 1869 1863 1890 eo

271 1915 386 1947 debuit
411 1927 477 1947 csse
501 1916 654 1958 geminus
678 1915 824 1957 affectus,
852 1920 888 1947 ut
911 1915 1030 1948 mentis
1056 1916 1173 1947 affectu
1203 1915 1302 1947 vellet
1328 1915 1423 1954 niori,
1449 1918 1480 1946 et
1506 1914 1724 1947 sensualitatis
1746 1914 1863 1947 affectu

275 1973 389 2013 nollet,
407 1972 489 2005 sicut
504 1973 537 2005 in
553 1973 632 2005 viris
642 1974 759 2005 sanctis
773 1974 820 2006 fit.
838 1973 935 2006 Petro
951 1973 1037 2005 enim
1054 1974 1122 2017 ipsa
1143 1973 1270 2006 Veritas
1298 1972 1375 2005 dicit
1389 1977 1398 1994 ⁵
1417 1985 1423 2005 :
1444 1974 1528 2006 Cam
1539 1973 1695 2014 senueris,
1712 1972 1864 2006 extendes

274 2041 392 2062 munus
409 2036 495 2072 luas,
512 2037 542 2063 et
558 2031 643 2063 alius
654 2031 834 2075 proecinyet
851 2038 893 2072 ee,
911 2037 941 2063 ct
956 2030 1050 2063 (lacet
1074 2037 1104 2063 te
1117 2042 1178 2075 quo
1197 2031 1237 2074 (a)
1254 2042 1320 2063 non
1335 2030 1395 2071 vis,
1412 2030 1532 2062 scilicet
1547 2030 1587 2062 ad
1603 2034 1753 2063 mortem.
1768 2030 1862 2070 Quod

275 2099 440 2131 exponens
465 2089 672 2131 Augustinus
686 2089 708 2129 ⁶,
725 2089 802 2121 dicit
830 2089 916 2132 quod
945 2088 1062 2121 Petrus
1082 2101 1098 2120 α
1121 2088 1161 2121 ad
1189 2089 1280 2120 illam
1310 2087 1490 2120 molestiam
1519 2088 1633 2120 nolens
1659 2092 1706 2120 est
1733 2088 1862 2129 ductus,

273 2145 387 2177 nolens
402 2145 440 2178 ad
457 2157 526 2178 eam
542 2146 643 2188 venit,
661 2147 716 2179 sed
732 2146 845 2179 volens
861 2158 931 2179 eam
957 2147 1046 2186 vicit,
1073 2150 1103 2179 et
1127 2146 1260 2190 reliquit
1282 2146 1435 2178 affectum
1460 2145 1671 2187 infirmitatis,
1689 2156 1754 2189 quo
1769 2156 1864 2177 ncmo

274 2203 346 2235 vult
362 2203 456 2244 mori,
477 2204 535 2247 qui
552 2204 631 2236 adeo
655 2208 702 2236 est
727 2204 898 2245 naturalis,
924 2208 961 2236 ut
984 2215 1059 2237 eum
1085 2204 1181 2236 Petro
1208 2214 1266 2235 nec
1289 2207 1437 2235 senectus
1460 2202 1641 2235 abstulerit.
1660 2202 1752 2235 Unde
1766 2202 1863 2235 etiam

273 2260 434 2293 Dominus
450 2261 495 2293 ait
506 2261 515 2276 ⁷
534 2273 540 2292 :
559 2263 716 2294 Transeat
732 2273 751 2293 a
767 2273 819 2294 me
835 2262 923 2294 colim
936 2262 1008 2294 iste.
1027 2261 1091 2294 Sed
1106 2261 1183 2294 vicit
1198 2272 1273 2293 eum
1290 2260 1338 2292 vis
1357 2260 1489 2293 amoris.
1512 2260 1626 2302 »Ergo
1641 2263 1672 2292 et
1686 2260 1719 2292 in
1737 2258 1864 2292 Christo

272 2318 452 2351 secundum
464 2318 716 2360 humanitatem,
733 2323 764 2352 et
778 2319 812 2351 in
827 2319 981 2352 membris
996 2319 1022 2363 ej
1029 2331 1066 2352 us
1080 2319 1232 2361 geminus
1247 2322 1294 2351 est
1308 2318 1452 2358 affectus,
1464 2328 1551 2350 unus
1565 2316 1700 2349 rationis
1708 2316 1864 2350 charitate

273 2375 481 2418 informatus,
498 2387 564 2420 quo
581 2381 711 2420 propter
726 2377 830 2409 Deum
846 2377 920 2421 quis
938 2378 1020 2410 mori
1035 2377 1123 2417 vult3
1140 2376 1221 2409 alter
1236 2374 1465 2416 scnsualitatis,
1477 2374 1583 2407 carnis
1593 2373 1777 2407 infirmitati
1791 2386 1865 2419 pro-

276 2433 421 2477 pinquus
434 2437 465 2466 et
479 2433 507 2465 ei
522 2433 728 2477 conjunctus,
739 2445 804 2478 quo
821 2435 905 2467 mori
922 2434 1097 2477 refugitur.
1110 2434 1153 2467 Ut
1166 2434 1254 2466 enim
1269 2432 1476 2476 Augustinus
1490 2431 1552 2464 ait⁸
1566 2443 1598 2464 ια
1609 2431 1733 2464 Paulus
1748 2433 1864 2466 mentis

310 2518 431 2547 winuli„
447 2523 517 2548 xxm,
529 2519 567 2541 30,
579 2531 605 2535 —
617 2519 626 2534 ¹
639 2519 713 2548 Aug.,
729 2518 758 2541 cle
769 2518 846 2541 Cirit.
864 2518 1316 2548 Dei,li1›.xtx,c.iv,n.3.—³m.,
1331 2517 1359 2539 cle
1372 2517 1456 2540 Genes.
1468 2515 1502 2539 ad
1513 2515 1574 2545 litt„
1589 2515 1633 2538 lib.
1649 2516 1679 2546 X,
1695 2518 1862 2545 c-x11,n..‘3{.

274 2565 303 2569 —
317 2553 328 2568 ⁴
340 2552 412 2581 loiri„
423 2558 450 2576 υ.
465 2554 503 2577 20.
514 2566 544 2570 -—-
555 2553 564 2568 ⁸
576 2553 808 2583 Joan.,xx1‚18.-
819 2553 829 2569 ὅ
842 2554 917 2585 Aug„
929 2555 953 2577 1'11
962 2554 1032 2577 loun.
1048 2555 1226 2584 Eranq-AruC.
1243 2558 1333 2582 cxxnl,
1345 2559 1371 2576 u,
1385 2553 1444 2576 5.—·
1454 2551 1463 2568 ⁷
1477 2550 1577 2580 Manli„
1593 2557 1664 2581 xva,
1677 2552 1715 2575 39.
1727 2564 1756 2569 —-
1769 2552 1862 2584 ⁶Aug..

274 2587 306 2610 ml
320 2588 469 2611 Honoratum
480 2606 488 2618 ,
504 2589 584 2619 Epist.
599 2594 658 2617 cxx,
674 2588 706 2612 al.
722 2594 780 2617 cxc,
798 2594 868 2619 c.V1>
884 2595 910 2612 n.
928 2590 965 2612 16.

309 2646 340 2673 lu)
357 2645 441 2675 Vulg.‚
457 2648 479 2668 tv
494 2648 574 2675 cchl
585 2664 593 2674 ,
605 2649 626 2668 el
641 2646 710 2669 ducet
724 2654 770 2676 ψη,
786 2648 819 2670 ln.
