2017 2960
680 205 775 237 DIST.
798 205 891 236 XVll.
919 204 1008 236 ΛΒΤ.
1034 205 1071 236 11.
1097 205 1246 243 QUAEST.
1271 207 1294 238 1.

188 271 255 302 ficis
273 283 278 303 :
294 272 378 302 unde
389 271 470 302 sicut
478 271 516 301 ad
525 271 624 311 ipsius
632 273 772 303 officium
783 272 961 313 pertinebat

188 325 375 357 sacrificium
397 324 511 356 offerre
533 335 590 365 pro
609 328 763 366 peccatis7
783 327 826 357 ila
847 329 878 357 et
902 336 959 367 pro

187 378 402 419 peccatoribus
425 387 569 410 exorare.
596 379 684 411 Unde
703 380 746 411 ad
762 380 907 412 Hebroeos
923 382 931 398 ¹
949 392 960 411 .-

188 431 299 463 Omnis
315 433 467 471 pontifex·
489 432 528 464 ab
552 433 735 465 hominibus
761 437 957 474 assumptus,

182 492 240 524 pro
253 485 435 517 hominibus
450 487 658 518 constituitur
673 488 708 518 in
724 487 786 526 Iris,
798 496 868 527 ‹121oe
882 491 959 520 sunt

184 538 227 569 ad
242 539 352 570 Deum.
370 538 408 569 Et
421 539 431 554 2
449 549 456 569 ι
479 539 566 571 Talis
581 539 708 572 decebat
724 543 759 572 ut
773 544 853 572 esset
868 541 958 572 nobis

181 592 342 631 portarem,
367 596 498 624 sanctus
517 596 547 625 et
573 594 742 631 innocens,
759 593 955 633 impollutus,

182 648 365 685 seqreqatus
380 654 400 678 α
413 646 642 686 peccatoribus,
657 650 687 679 et
703 648 856 679 excelsior
870 647 957 679 coelz‘s

184 698 296 736 factus.
316 699 371 730 His
386 709 463 739 ergo
476 700 514 730 de
530 700 633 731 causis
652 709 832 740 congruum
852 701 912 731 fuit
927 703 957 731 et

181 751 295 783 decens
319 762 417 784 usum
434 753 585 784 orationis
608 754 641 784 in
664 754 785 785 Christo
803 754 952 794 reperiri:

181 805 266 836 unde
280 807 311 837 et
319 807 457 837 rationes
471 807 510 838 ad
525 807 586 838 hoc
603 807 741 839 inductae
754 810 830 838 sunt
844 817 954 839 conce-

179 857 303 890 dendae.

221 914 249 942 1.
275 913 322 944 Ad
346 913 425 944 illud
443 914 529 954 quod
550 914 721 954 objicitur,
747 914 833 954 quod
861 924 955 946 nemo

179 965 256 1005 petit
270 965 310 996 ab
325 966 397 1005 alio,
413 967 439 997 si
455 967 553 1007 possit
570 967 599 998 id
616 967 748 1007 implere
763 969 848 1007 quod
864 969 953 1008 petit,

179 1017 347 1049 dicendum
370 1020 457 1059 quod
475 1020 551 1051 illud
575 1030 688 1052 verum
706 1024 751 1052 est
779 1022 955 1053 secundum

180 1074 265 1114 quod
280 1074 389 1114 petitio
404 1077 435 1106 et
449 1075 592 1116 impletio
610 1077 830 1108 attribuuntur
851 1077 953 1108 eidem

180 1128 301 1159 ratione
317 1129 460 1168 eJusdem
480 1132 604 1161 naturae
623 1140 630 1160 z
648 1131 691 1161 sic
706 1133 815 1161 autem
832 1140 897 1162 non
910 1133 956 1162 est

180 1180 212 1211 in
233 1181 393 1221 proposito
410 1192 416 1213 :
434 1191 509 1212 nam
526 1185 631 1222 petere
647 1186 677 1214 et
691 1193 781 1214 orare
804 1184 956 1223 competit

180 1233 303 1265 Christo
318 1235 495 1266 secundum
510 1238 658 1266 naturam
666 1239 882 1277 assumptam3
901 1237 954 1267 sed

179 1297 269 1328 posse
283 1288 417 1328 implere
429 1289 560 1321 debetur
569 1290 597 1321 ei
610 1292 789 1322 secundum
804 1294 954 1322 naturam

179 1345 405 1374 assumentem.
429 1344 481 1375 Vel
501 1344 591 1375 aliter
612 1347 713 1384 potest
728 1345 800 1383 dici,
818 1345 903 1385 quod
917 1345 955 1375 si-

180 1398 233 1426 cut
247 1398 354 1427 motus
363 1396 533 1436 aliquando
547 1400 593 1428 est
605 1400 734 1438 propter
744 1398 954 1438 supplendam

179 1449 391 1489 indigentiam
420 1451 582 1490 propriam
599 1475 606 1488 ‚
631 1451 804 1492 aliquando
827 1454 956 1492 propter

179 1503 390 1542 supplendam
405 1503 616 1543 indigentiam
632 1505 783 1542 alienam3
801 1505 844 1535 sic
859 1507 889 1536 et
904 1515 956 1545 pe-

178 1557 246 1588 titio
262 1558 293 1588 et
314 1558 426 1588 oratio.
451 1557 530 1588 Cum
555 1559 641 1589 enim
666 1559 783 1599 aliquis
795 1560 865 1589 orat
878 1568 955 1598 pro-

179 1612 248 1650 pter
263 1611 425 1650 propriam
440 1611 650 1651 indigentiam
665 1613 887 1653 supplendam,
904 1622 955 1644 ve-

178 1670 251 1692 rum
265 1662 405 1701 estquod
418 1662 492 1693 dicit
502 1663 704 1702 Augustinus
719 1675 725 1694 :
743 1676 756 1692 α
767 1670 776 1694 l
786 1663 867 1694 semo
879 1665 956 1703 petit

178 1715 218 1746 ab
233 1715 294 1746 alio
305 1715 387 1755 quod
400 1716 467 1755 ipse
477 1718 578 1756 potest
589 1726 644 1756 per
655 1726 687 1747 se
699 1717 842 1757 implere.
856 1717 955 1748 »Cum

178 1770 286 1799 autem
311 1768 388 1808 petit
414 1771 543 1809 propter
570 1770 782 1810 supplendam
805 1771 956 1810 indigen-

177 1821 255 1852 tiam
270 1821 426 1860 alienam,
449 1832 514 1854 non
536 1823 711 1863 requiritur
734 1824 873 1855 defectus
896 1834 955 1864 po-

177 1875 298 1905 testatis
323 1875 357 1905 in
380 1878 504 1915 petente
515 1900 522 1914 ‚
549 1876 602 1907 sed
629 1877 767 1908 defectus
794 1878 955 1917 potestatis

178 1929 234 1958 aut
253 1927 431 1959 idoneitatis
453 1928 487 1959 in
513 1938 550 1960 eo
573 1938 630 1969 pro
650 1939 715 1969 quo
729 1930 847 1970 petitur
870 1941 876 1960 :
898 1930 954 1970 qui

177 1981 307 2021 quidem
328 1981 467 2012 defectus
489 1983 656 2022 suppletur
671 1992 711 2013 ex
726 1984 841 2014 merito
853 1984 954 2023 ipsius

177 2034 339 2066 orationis.
357 2034 436 2065 Cum
451 2036 537 2066 enim
548 2036 664 2076 aliquis
679 2036 798 2075 dignus
813 2039 880 2067 orat
896 2046 953 2077 pro

177 2088 324 2128 indigno,
337 2089 476 2128 quodam
491 2089 586 2120 modo
600 2089 735 2129 acquirit
748 2089 951 2122 idoneitatem

177 2150 217 2173 ex
234 2151 301 2173 suae
316 2142 469 2173 orationis
485 2142 610 2173 merito.

216 2197 246 2226 2.
274 2195 322 2226 Ad
342 2195 421 2226 illud
440 2196 526 2236 quod
551 2196 702 2236 objicitur
714 2221 721 2234 ‚
746 2196 832 2236 quod
852 2198 952 2228 oratio

176 2252 221 2281 est
237 2252 326 2281 actus
341 2259 485 2290 personae
501 2250 669 2289 inferioris,
683 2250 854 2281 dicendum
865 2253 951 2291 quod

175 2303 236 2334 hoc
259 2313 372 2335 verum
394 2306 460 2341 est,
488 2304 691 2335 attribuendo
710 2304 951 2336 inferioritatem

175 2366 319 2398 personae
345 2357 522 2388 secundum
542 2360 692 2389 naturam
714 2367 784 2389 eam
797 2382 805 2395 ‚
834 2368 949 2390 secun-

176 2409 255 2441 dum
269 2419 368 2450 quam
383 2410 534 2451 competit
554 2410 583 2441 ei
604 2411 705 2442 oratio
722 2423 729 2442 2
747 2412 847 2443 oratio
864 2413 951 2443 enim

176 2464 224 2494 est
243 2465 331 2494 actus
350 2464 542 2495 conveniens
556 2473 701 2504 personae
714 2465 837 2497 ratione
851 2468 950 2497 natu—

175 2525 231 2549 rae.
261 2516 299 2548 Et.
321 2517 366 2548 sic
384 2527 450 2549 non
471 2518 566 2550 habet
586 2518 768 2550 instantiam
785 2520 818 2550 in
833 2529 950 2561 propo-

175 2570 255 2608 sito,
271 2570 348 2610 quia
368 2571 517 2610 quamvis
537 2580 673 2611 persona
689 2571 804 2604 Christi
827 2573 950 2604 ratione

175 2625 349 2657 divinitatis
363 2624 403 2655 sit
412 2625 545 2665 aequalis
551 2626 647 2665 Patri,
656 2627 834 2658 secundum
842 2629 949 2658 tamen

207 2689 215 2704 ¹
230 2687 316 2719 Hebr„
328 2694 353 2718 v,
369 2690 390 2713 1.
400 2700 430 2708 —
442 2688 452 2704 ¹
464 2687 539 2718 1bid.,
555 2694 604 2720 vn,
618 2690 803 2721 26.—³Joan.,
819 2696 872 2721 x1v,
887 2692 924 2715 28.

1732 211 1789 240 377

1018 272 1249 305 humanitatem
1265 275 1369 305 minor
1383 277 1429 306 est
1443 274 1548 312 Patre,
1562 277 1657 315 Juxta
1672 275 1786 307 illud³z

1018 327 1112 359 Pater
1127 327 1231 367 major
1243 336 1290 360 me
1305 332 1361 361 esc.

1057 382 1085 411 3.
1109 381 1155 411 Ad
1178 382 1257 412 illud
1281 383 1366 422 quod
1392 383 1562 423 objicitur,
1582 382 1668 423 quod
1692 382 1792 413 oratio

1016 435 1063 464 est
1079 443 1228 465 ascensus
1249 435 1425 467 intellectus
1445 436 1479 466 in
1501 435 1601 467 Deum
1616 435 1793 466 secundum

1017 486 1258 525 Damascenum,
1276 488 1444 519 dicendum
1460 489 1543 528 quod
1567 497 1716 519 ascensus
1736 497 1792 528 po-

1015 542 1073 571 test
1096 541 1156 571 dici
1176 541 1266 580 large
1277 565 1286 579 ,
1304 542 1355 572 vel
1372 542 1490 573 stricte.
1507 542 1691 573 Secundum
1705 541 1791 581 quod

1014 595 1103 633 large
1117 594 1244 632 dicitur,
1255 595 1299 626 sie
1309 597 1409 635 potest
1420 596 1480 626 dici
1493 596 1670 627 intellectus
1684 605 1791 626 ascen-

1014 648 1087 680 dere
1102 649 1137 680 in
1153 649 1270 688 Deum,
1294 649 1423 690 quando
1438 650 1539 682 fertur
1561 650 1595 680 in
1617 659 1711 688 eum,
1734 651 1790 690 qui

1013 712 1110 742 snpra
1126 712 1158 733 se
1169 705 1226 741 est,
1242 705 1297 734 aut
1313 703 1513 743 implorando
1526 703 1787 742 misericordiam,

1013 765 1086 795 quae
1102 758 1148 786 est
1162 765 1259 796 supra
1273 766 1323 793 se,
1347 758 1401 787 aut
1422 756 1592 787 revelando
1615 756 1788 793 miseriam,

1013 818 1085 848 quae
1100 811 1146 839 est
1169 809 1250 840 infra
1272 818 1328 840 se:
1349 811 1379 840 et
1403 809 1464 840 hoe
1487 809 1581 840 modo
1606 809 1790 849 accipiendo

1012 871 1077 892 non
1101 864 1226 893 tantum
1249 863 1401 903 competit
1421 863 1515 894 nohis
1525 887 1533 899 ,
1550 872 1665 894 verum
1694 863 1790 893 etiam

1013 915 1146 952 Christo,
1165 918 1196 946 et
1210 916 1253 946 sic
1273 916 1355 946 cadit
1372 915 1406 946 in
1421 916 1610 947 diffinitione
1627 916 1787 947 orationis.

1012 969 1083 999 Alio
1107 969 1201 1000 modo
1222 978 1371 1000 ascensus
1394 969 1428 1000 in
1453 969 1555 1000 Deum
1579 969 1654 1000 dicit
1669 979 1788 1000 novam

1012 1022 1066 1053 Dei
1088 1023 1389 1060 considerationem,
1417 1025 1513 1062 prout
1536 1022 1611 1053 dicit
1639 1022 1790 1053 elevatio-

1012 1084 1086 1106 nem
1111 1076 1287 1106 intellectus
1308 1075 1407 1106 nostri
1426 1075 1466 1106 ad
1481 1075 1592 1113 Deum,
1610 1074 1786 1115 proceden-

1012 1132 1077 1159 tem
1091 1128 1252 1168 gradatim
1267 1138 1286 1159 a
1299 1129 1551 1160 consideratione
1574 1131 1729 1160 creaturae
1751 1129 1789 1159 ad

1012 1181 1298 1212 considerationem
1310 1182 1476 1212 Creatoris.
1494 1182 1532 1212 Et
1546 1182 1606 1212 hoc
1620 1182 1715 1212 modo
1725 1191 1790 1213 non

1012 1235 1092 1266 cadit
1108 1234 1141 1265 in
1157 1234 1405 1265 notificationem
1418 1235 1580 1272 orationis,
1597 1234 1658 1265 nisi
1675 1244 1790 1266 secun-

1011 1289 1090 1319 dum
1104 1290 1223 1319 statum
1233 1288 1375 1319 viatoris.
1387 1287 1496 1319 Primo
1505 1288 1599 1319 modo
1608 1288 1789 1328 accipiendo

1012 1349 1198 1379 ascensum,
1225 1341 1285 1371 fuit
1308 1341 1343 1371 in
1367 1341 1507 1379 Christo;
1539 1341 1678 1372 secundo
1712 1351 1790 1373 vero

1012 1396 1106 1426 modo
1136 1395 1318 1435 accipiendo
1330 1420 1338 1433 ,
1369 1396 1508 1436 quodam
1535 1396 1629 1426 modo
1653 1396 1713 1427 fuit
1727 1420 1734 1432 ‚
1759 1397 1790 1426 et

1012 1449 1151 1489 quodam
1172 1449 1266 1479 modo
1285 1458 1349 1479 non
1364 1449 1424 1479 fuit
1441 1458 1448 1479 ε
1466 1449 1528 1479 fuit
1541 1449 1670 1488 quidem
1685 1458 1788 1489 quan-

1011 1505 1081 1533 tum
1096 1502 1134 1533 ad
1151 1502 1220 1540 hoc,
1239 1501 1323 1541 quod
1337 1501 1480 1532 Christus
1501 1501 1535 1532 in
1550 1504 1622 1532 actu
1635 1501 1788 1532 orationis

1012 1564 1045 1586 se
1059 1556 1227 1586 revocabat
1241 1555 1280 1586 ab
1295 1555 1502 1594 occupatione
1522 1555 1598 1586 vitae
1613 1555 1736 1594 activae,
1752 1557 1789 1586 ut

1012 1611 1097 1640 totus
1112 1612 1191 1640 esset
1205 1610 1346 1640 intentus
1360 1609 1537 1649 operationi
1553 1609 1629 1640 vitae
1643 1610 1788 1640 contem-

1012 1663 1156 1703 plativae3
1172 1665 1330 1703 quantum
1346 1665 1454 1693 autem
1469 1662 1509 1693 ad
1520 1662 1590 1701 hoc,
1601 1662 1686 1702 quod
1698 1662 1789 1693 Chri-

1012 1718 1078 1747 stus
1091 1718 1157 1747 erat
1172 1716 1323 1747 continue
1337 1716 1595 1755 comprehensor,
1612 1716 1678 1746 sive
1693 1724 1788 1746 vaca-

1011 1771 1059 1800 ret
1072 1770 1206 1807 actioni,
1229 1770 1295 1800 sive
1310 1771 1444 1800 cessaret
1458 1769 1498 1799 ab
1513 1769 1647 1806 actione,
1661 1769 1705 1799 sic
1722 1778 1788 1800 non

1011 1823 1127 1854 dicitur
1139 1823 1236 1854 fuisse
1251 1824 1285 1853 in
1301 1832 1338 1854 eo
1353 1823 1511 1853 invocatio
1524 1822 1716 1853 ascensionis
1731 1831 1788 1862 per

1011 1885 1088 1907 eum
1106 1876 1250 1913 modum,
1270 1885 1326 1916 per
1342 1885 1439 1915 quem
1451 1877 1499 1906 est
1513 1875 1548 1905 in
1563 1875 1666 1911 nobis,

1051 1933 1080 1960 4.
1104 1930 1152 1961 Ad
1178 1930 1256 1960 illud
1271 1930 1356 1970 quod
1370 1930 1530 1969 objicitur,
1544 1930 1630 1970 quod
1643 1929 1788 1970 postula-

1010 1984 1054 2015 tio
1068 1983 1221 2014 orationis
1240 1983 1369 2023 respicit
1390 1985 1490 2014 totam
1517 1983 1721 2021 Trinitatem,
1738 1983 1788 2014 di-

1010 2037 1148 2068 cendum
1172 2037 1257 2077 quod
1281 2046 1399 2068 verum
1422 2039 1469 2068 est
1497 2046 1538 2067 ex
1566 2038 1784 2077 consequenti,

1010 2091 1083 2121 licet
1105 2091 1254 2130 quaedam
1282 2090 1441 2121 orationes
1463 2090 1646 2130 dirigantur
1662 2091 1702 2122 ad
1723 2091 1786 2122 Pa-

1009 2147 1103 2181 trem,
1120 2144 1268 2184 quaedam
1284 2144 1324 2175 ad
1338 2143 1467 2175 Filium.
1484 2144 1574 2181 Quod
1587 2146 1695 2175 autem
1712 2144 1786 2175 sub-

1006 2198 1175 2238 jungitur,
1197 2197 1282 2237 quod
1303 2207 1400 2229 nemo
1414 2197 1493 2238 petit
1507 2197 1627 2238 ahquid
1642 2207 1662 2229 a
1673 2206 1717 2236 se,
1733 2198 1785 2229 di-

1009 2251 1146 2283 cendum
1160 2251 1247 2291 quod
1264 2260 1380 2282 verum
1395 2252 1442 2282 est
1453 2251 1487 2282 in
1503 2260 1551 2289 eo,
1564 2251 1620 2292 qui
1633 2253 1679 2282 est
1688 2251 1785 2282 unius

1008 2307 1135 2336 tantum
1150 2307 1295 2343 naturae3
1312 2305 1366 2336 sed
1378 2305 1435 2345 qui
1449 2307 1496 2337 est
1510 2305 1710 2337 diversarum
1727 2314 1785 2336 na-

1008 2360 1175 2396 turarum,
1205 2358 1286 2389 bene
1310 2360 1413 2398 potest
1433 2360 1540 2398 petere
1566 2358 1688 2398 aliquid
1705 2367 1724 2389 a
1738 2367 1783 2396 se,

1008 2412 1052 2443 ita
1072 2412 1157 2452 quod
1179 2412 1358 2443 secundum
1380 2421 1480 2443 unam
1503 2413 1651 2443 naturam
1674 2411 1714 2442 sit
1728 2420 1785 2452 pe-

1007 2467 1089 2504 tens,
1115 2467 1146 2496 et
1166 2465 1344 2496 secundum
1362 2465 1460 2496 aliam
1482 2465 1523 2496 sit
1541 2464 1736 2496 exaudiens:
1753 2466 1785 2496 et

1007 2519 1053 2550 sic
1074 2521 1123 2551 est
1139 2520 1172 2551 in
1195 2519 1336 2557 Christo,
1359 2519 1417 2560 qui
1436 2521 1505 2550 erat
1518 2518 1660 2559 pontifex
1673 2520 1784 2559 petens

1007 2573 1184 2605 secundum
1199 2573 1377 2605 humanam
1394 2574 1562 2611 naturam,
1590 2574 1623 2603 et
1641 2574 1709 2605 erat
1726 2581 1784 2604 rex

1007 2629 1038 2658 et
1051 2627 1199 2668 princeps
1222 2626 1396 2658 exaudiens
1425 2625 1602 2658 secundum
1625 2625 1782 2658 divinam.

1049 2683 1077 2711 5.
1104 2681 1152 2711 Ad
1174 2681 1251 2711 illud
1264 2680 1350 2720 quod
1365 2679 1523 2720 objicitur,
1541 2679 1626 2720 quod
1640 2679 1782 2711 Christus
