2017 2960
738 175 836 208 DIST.
859 176 911 208 xl.
935 176 1027 208 ART.
1051 178 1074 208 1.
1099 178 1248 216 QUAEST.
1274 180 1297 211 1.

211 251 355 282 personae
376 254 383 273 :
404 242 457 273 sed
482 242 516 273 in
540 242 663 274 Christo
685 245 732 274 est
753 243 992 283 praedestinatio

211 296 332 326 ratione
346 298 469 327 naturae
484 298 676 336 assumptae,
693 306 759 328 non
777 297 899 327 ratione
915 307 990 337 per-

211 357 309 387 sonae,
327 358 401 379 cum
418 349 472 380 illa
485 350 526 380 sit
540 351 660 380 aeterna
678 359 685 380 ι
700 359 790 389 erg0‚
808 351 866 381 etc.

252 401 329 431 Item
364 402 416 432 ille
445 402 542 433 homo
576 403 718 433 Christus
746 404 991 442 praedestinatus

210 455 271 486 fuit
294 464 361 485 esse
385 454 478 494 Deus,
503 457 568 486 sive
594 457 651 487 Dei
673 456 791 494 Filius,
813 457 990 487 secundum

210 508 294 547 quod
308 507 444 538 dieitur¹
462 520 469 539 ι
490 510 555 548 Qui
569 509 823 549 proedeslz'naczis
837 514 883 542 est
900 510 991 548 filius

210 561 270 592 Dei
293 562 329 592 in
354 562 493 600 virtute,
517 565 575 594 etc.
600 563 689 593 Unde
713 566 762 594 et²
779 563 876 595 datus
891 566 936 594 est
961 564 990 593 ei

210 615 350 654 spiritus
365 623 429 647 non
444 616 488 646 ad
503 625 696 648 mensuram.
708 617 770 648 Nos
786 620 894 648 autem
911 627 991 657 prae-

211 668 355 699 destinati
371 678 484 700 sumus
498 670 536 700 ad
556 672 694 709 gratiam
710 672 847 701 creatam
864 673 894 701 et
914 671 987 701 fini-

211 723 297 752 tam:
317 731 395 761 ergo
419 723 444 752 si
461 725 603 753 creatum
626 726 657 754 et
678 724 807 754 finitum
825 733 891 755 nou
915 725 988 755 uni-

211 777 341 805 vocatur
364 776 398 805 in
418 776 527 816 aliquo
547 786 621 807 cum
645 777 784 808 increato
805 780 835 808 et
852 777 987 816 infinito,

209 829 386 860 necessario
406 830 551 870 sequitur
574 831 658 871 quod
680 831 913 871 praedestinatio
939 840 987 862 se-

210 881 353 912 cundum
369 883 465 913 aliam
480 886 510 914 et
531 884 627 914 aliam
641 884 799 915 rationem
814 885 938 916 dicatur
951 884 990 916 de

209 934 302 965 nobis
316 938 347 966 et
361 936 399 967 de
414 935 547 967 Christo.

484 1033 712 1066 CONCLUSIO.

210 1114 416 1142 Proedestz‘natio
432 1116 537 1143 Christi
552 1125 584 1143 ez·
603 1119 685 1151 parte
703 1117 930 1152 proedestinautis
952 1121 990 1146 est

245 1159 358 1193 ejusdem
372 1162 489 1188 rationis
504 1169 561 1187 cum
576 1164 682 1193 nostra,
701 1163 777 1196 licet,
794 1171 827 1189 ezr
840 1165 919 1196 parte
933 1166 990 1190 sta-

245 1206 286 1231 tus
298 1213 316 1231 a
331 1213 394 1239 quo,
411 1205 592 1239 differentiam
606 1207 714 1237 habeat,
725 1208 790 1241 quia
802 1215 852 1241 per
867 1210 988 1241 qratiam

241 1249 495 1283 proedestinationis
514 1251 660 1278 liberamur
676 1259 692 1278 a
707 1259 796 1278 massa
811 1253 986 1286 perditionis,

244 1301 279 1321 ew
290 1297 371 1329 parte
385 1302 445 1321 vero
460 1295 649 1329 proedestinati
664 1298 689 1323 et
707 1298 818 1323 termini
839 1301 877 1324 est
897 1306 988 1325 conve-

243 1340 349 1366 nientia
364 1342 390 1366 et
404 1339 572 1374 differentia.

250 1419 342 1460 Resp.
367 1420 406 1450 ad
421 1429 492 1459 arg.
514 1420 692 1452 Dicendum
718 1422 803 1461 quod
820 1423 986 1462 praedesti-

209 1473 294 1504 natio
310 1473 423 1504 Christi
440 1474 579 1513 quodam
596 1475 691 1505 modo
706 1475 802 1506 habet
814 1476 987 1506 conformi-

207 1529 305 1558 tatem
327 1528 367 1559 ad
388 1530 530 1558 nostram
557 1528 886 1567 praedestinationem,
905 1539 986 1569 quo-

207 1583 281 1615 dam
310 1584 405 1615 modo
429 1584 669 1615 difformitatem
698 1594 704 1615 :
729 1585 814 1625 quod
839 1587 943 1625 patet,
961 1586 986 1616 si

206 1637 412 1668 attendantur
427 1647 464 1668 ea
487 1646 560 1677 quae
576 1638 658 1668 cirea
674 1638 986 1677 praedestinat'mnem

206 1692 281 1721 sunt
301 1690 540 1721 consideranda.
570 1691 793 1722 Consideratur
804 1691 890 1722 enim
902 1701 986 1731 prae-

206 1743 374 1774 destinatio
396 1743 429 1774 in
454 1745 690 1784 comparatione
704 1744 744 1776 ad
760 1745 986 1784 praedestinan-

206 1799 282 1835 tem,
299 1799 330 1827 et
341 1797 381 1828 ad
396 1797 671 1837 praedestinatum,
688 1801 718 1829 et
734 1799 772 1829 ad
792 1799 981 1836 terminum,

206 1853 237 1882 et
251 1851 290 1882 ad
306 1851 460 1882 initialem
475 1853 607 1882 statum.
625 1851 658 1883 Si
674 1861 753 1892 ergo
768 1853 985 1883 consideretur

206 1903 441 1944 praedestinatio
466 1905 644 1936 secundum
660 1906 930 1946 comparationem
944 1906 984 1937 ad

205 1956 497 1996 praedestinantem,
512 1958 610 1989 unius
625 1959 757 1990 rationis
772 1962 803 1991 et
813 1960 984 1991 conformis

206 2009 292 2041 modi
315 2012 361 2040 est
383 2011 618 2050 praedestinatio
639 2012 752 2043 Christi
767 2016 884 2045 nostrae
899 2023 983 2054 prae-

205 2063 405 2095 destinationi
420 2075 427 2102 ;
444 2065 556 2096 eodem
579 2066 667 2096 enim
688 2067 782 2098 modo
795 2091 802 2104 ,
828 2077 892 2107 quo
917 2068 983 2108 ipse

205 2116 287 2148 Deus
305 2118 542 2157 praedestinavit
557 2119 728 2157 Christum,
746 2121 984 2160 praedestinavit

203 2173 234 2201 et
247 2179 316 2201 nos.
335 2171 368 2202 Si
384 2171 556 2211 loquamur
570 2173 604 2203 in
617 2174 854 2213 comparatione
869 2175 908 2206 ad
923 2177 983 2205 sta—

202 2226 272 2255 tum
286 2233 304 2254 a
319 2234 384 2264 quo
395 2248 402 2262 ,
419 2225 605 2266 simpliciter
622 2228 668 2257 est
686 2227 864 2258 differentia
882 2239 888 2259 :
907 2238 982 2259 nam

202 2286 261 2308 nos
276 2287 332 2318 per
348 2278 486 2318 gratiam
504 2280 792 2320 praedestinationis
808 2282 924 2322 eripuit
945 2282 982 2313 de

203 2332 284 2361 statu
310 2332 440 2371 peccati,
463 2334 494 2363 et
517 2333 554 2364 de
569 2342 673 2364 massa
690 2335 883 2374 perditionis,
902 2336 983 2366 sicut

203 2383 277 2415 dicit
309 2384 417 2417 Glossa
432 2388 464 2417 3;
484 2387 564 2422 Quos
583 2388 855 2428 prcedestinavit,
872 2390 928 2421 lios
952 2393 983 2422 et

204 2439 342 2476 vocavit,
355 2441 387 2469 et
403 2439 471 2480 ipse
485 2441 592 2472 textus
607 2441 724 2473 iudicat
740 2451 747 2472 :
770 2442 858 2473 hune
874 2445 982 2474 autem

236 2498 335 2529 ¹Rom..
351 2505 369 2532 ι,
385 2502 409 2525 4.
422 2514 450 2519 —-
465 2502 476 2518 ¹
489 2503 571 2533 loon„
588 2509 627 2535 11¹,
641 2505 680 2529 34.
695 2505 743 2523 -8
754 2506 832 2537 Rom,
851 2512 910 2537 vni,
924 2508 964 2531 30.

1766 186 1825 217 245

1049 247 1166 276 statum
1192 256 1257 277 non
1279 251 1325 279 est
1347 249 1486 288 reperire
1510 249 1543 279 in
1572 249 1695 281 Christo
1719 252 1826 291 aliquo

1048 299 1154 330 modo.
1171 299 1210 331 Et
1229 301 1273 331 sie
1291 304 1449 340 quantum
1471 303 1510 332 ad
1534 303 1677 342 primum
1692 306 1737 334 est
1750 304 1826 335 siin-

1048 354 1172 393 pliciter
1187 356 1409 386 convenientia
1421 367 1428 395 3
1441 359 1600 396 quantum
1611 358 1649 388 ad
1660 358 1823 397 ultimum,

1048 407 1165 438 scilicet
1181 408 1219 438 ad
1235 411 1364 447 statum,
1377 412 1423 440 est
1437 410 1620 450 simpliciter
1635 411 1823 442 differentia.

1048 460 1212 497 Quantum
1236 471 1313 492 vero
1332 463 1371 493 ad
1395 463 1459 493 duo
1482 463 1682 500 intermedia,
1710 465 1826 504 partim

1047 515 1093 543 est
1111 515 1344 552 convenientia,
1367 517 1483 555 partim
1499 517 1697 548 differentia:
1715 518 1748 548 in
1764 528 1825 549 no—

1048 566 1095 596 his
1122 569 1169 597 est
1193 568 1428 607 praedestinatio
1454 573 1597 610 respectu
1628 573 1774 609 naturae,
1796 574 1827 603 et

1047 620 1143 650 etiarn
1169 624 1317 661 respectu
1339 631 1482 662 personae
1496 648 1503 661 ,
1528 626 1558 654 et
1574 625 1677 664 magis
1700 626 1826 665 proprie

1047 676 1193 713 respectu
1217 684 1373 714 personae,
1399 685 1497 715 quam
1518 680 1663 717 respectu
1682 681 1823 716 naturae;

1046 726 1079 756 iu
1096 726 1218 758 Christo
1244 731 1352 759 autem
1381 732 1426 759 est
1449 731 1685 770 praedestinatio
1704 733 1826 764 ratione

1047 782 1171 811 naturae
1203 784 1397 822 assumptae,
1422 793 1495 823 qnae
1511 784 1657 824 sequitur
1682 785 1826 816 divinam

1046 832 1303 873 dispositionem,
1324 845 1388 866 non
1407 837 1529 867 ratione
1553 846 1696 877 personae
1714 849 1720 868 :
1737 840 1767 868 et
1783 838 1826 868 ita

1046 888 1092 917 est
1106 888 1247 927 quodam
1266 889 1360 920 modo
1382 891 1622 929 convenientia,
1641 894 1671 922 et
1686 892 1825 932 quodam

1046 940 1142 971 modo
1157 941 1336 972 differentia
1351 946 1497 983 respectu
1510 945 1736 984 praedestinati.
1750 945 1824 976 Res-

1046 995 1137 1033 pectu
1154 994 1250 1025 etiam
1265 996 1393 1027 termini
1407 997 1614 1028 consimiliter
1626 1000 1672 1029 est
1685 999 1823 1038 quodam

1045 1047 1140 1078 modo
1149 1049 1372 1080 convenientia
1382 1052 1411 1080 et
1420 1051 1557 1090 quodam
1568 1052 1663 1082 modo
1678 1052 1824 1083 differen-

1044 1100 1100 1131 tia.
1117 1100 1198 1131 Nam
1211 1111 1269 1132 nos
1284 1112 1397 1133 sumus
1407 1104 1622 1143 praedestinati
1635 1105 1673 1135 ad
1685 1106 1823 1144 gratiam

1045 1156 1075 1184 et
1098 1154 1253 1193 gloriam,
1271 1156 1420 1186 similiter
1443 1159 1474 1187 et
1500 1157 1666 1188 Christus:
1685 1158 1738 1188 sed
1765 1168 1823 1189 nos

1044 1216 1157 1237 sumus
1179 1208 1395 1247 praedestinati
1414 1210 1453 1240 ad
1478 1210 1729 1251 participandam
1752 1212 1824 1251 glo-

1043 1260 1125 1291 riam
1141 1262 1171 1291 et
1187 1262 1326 1300 gratiam
1342 1263 1519 1294 successive
1532 1288 1539 1302 ,
1557 1263 1699 1295 Christus
1714 1267 1822 1295 autem

1043 1314 1150 1344 simul.
1170 1314 1248 1345 item
1263 1324 1321 1346 nos
1336 1325 1449 1346 sumus
1464 1317 1680 1356 praedestinati
1695 1318 1735 1348 ad
1750 1328 1823 1357 gra-

1043 1367 1119 1398 tiam
1135 1377 1280 1408 personae
1296 1369 1487 1409 singulm-153
1506 1370 1648 1401 Christus
1662 1373 1770 1402 autem
1784 1373 1823 1403 ad

1044 1421 1183 1460 gratiam
1206 1422 1335 1453 unionis
1358 1425 1388 1453 et
1411 1423 1585 1463 singularis
1604 1433 1749 1464 personae
1769 1436 1774 1455 :
1793 1428 1822 1456 et

1042 1474 1085 1504 iia
1108 1477 1233 1505 tantum
1255 1475 1351 1507 habet
1375 1480 1534 1516 quantum
1550 1487 1618 1515 nos,
1636 1480 1666 1508 et
1681 1478 1822 1509 abundat

1042 1537 1061 1558 a
1075 1528 1177 1567 nobis,
1197 1538 1232 1559 ae
1247 1538 1304 1569 per
1316 1530 1376 1560 hoe
1391 1530 1531 1570 quodam
1552 1531 1646 1561 modo
1660 1532 1818 1572 convenit,

1042 1583 1181 1622 quodam
1198 1584 1292 1614 modo
1303 1584 1436 1614 excedit.
1449 1584 1570 1615 Verum
1581 1587 1627 1615 est
1641 1594 1718 1625 ergo
1734 1587 1820 1626 quod

1042 1637 1280 1675 praedestinatio
1294 1637 1409 1668 Christi
1423 1638 1563 1677 quodam
1578 1638 1672 1668 modo
1689 1640 1735 1668 est
1749 1648 1821 1669 con-

1041 1690 1162 1728 formis,
1179 1694 1209 1722 et
1227 1692 1366 1731 quodam
1383 1692 1477 1723 modo
1488 1692 1653 1723 difformis.
1672 1692 1711 1722 Et
1725 1693 1750 1722 si
1766 1702 1821 1724 no-

1040 1744 1179 1774 tificetur
1197 1746 1375 1776 secundum
1396 1746 1474 1776 illud
1496 1746 1529 1776 in
1553 1755 1617 1785 quo
1637 1746 1820 1777 conforma-

1041 1798 1104 1835 tur,
1126 1799 1173 1828 est
1194 1798 1393 1837 univocatio;
1418 1799 1594 1830 secundum
1611 1801 1718 1830 autem
1734 1799 1819 1839 quod

1041 1849 1257 1890 disconvenit,
1287 1861 1364 1883 non.
1393 1853 1431 1883 Et
1457 1862 1513 1893 per
1543 1853 1604 1883 hoc
1629 1854 1737 1892 patent
1764 1862 1819 1883 ra-

1040 1903 1140 1934 tiones
1178 1905 1216 1935 ad
1255 1907 1424 1946 utramque
1455 1908 1579 1946 partem
1610 1917 1617 1936 :
1647 1915 1723 1936 nam
1750 1906 1818 1946 pri-

1041 1966 1118 1996 mae,
1137 1968 1210 1998 quae
1233 1960 1405 1990 ostendunt
1426 1959 1511 2000 quod
1533 1959 1574 1990 sit
1595 1961 1712 1990 nostrae
1735 1969 1817 2000 prae-

1040 2011 1244 2043 destinationi
1270 2013 1462 2051 conformis,
1487 2013 1661 2053 procedunt
1688 2022 1706 2043 a
1730 2015 1818 2053 parte

1040 2065 1315 2104 praedestinantis,
1341 2066 1393 2098 vel
1417 2066 1631 2106 praedestinati
1659 2069 1818 2106 quantum

1040 2118 1079 2149 ad
1096 2121 1245 2150 naturam
1257 2143 1265 2157 ,
1280 2119 1331 2151 vel
1353 2129 1392 2150 ex
1412 2121 1500 2160 parte
1517 2120 1644 2150 termini
1660 2123 1818 2160 quantum

1040 2172 1079 2203 ad
1093 2173 1231 2212 gratiam
1248 2175 1278 2203 et
1290 2173 1440 2213 gloriam,
1451 2175 1482 2204 et
1497 2173 1541 2204 sic
1556 2182 1673 2205 verum
1690 2173 1818 2204 conclu-

1040 2225 1137 2264 dunt3
1157 2226 1295 2257 rationes
1310 2235 1387 2257 vero
1400 2227 1439 2257 ad
1451 2227 1632 2267 oppositum
1644 2227 1819 2267 procedunt

1040 2281 1078 2312 de
1100 2281 1169 2321 ipsa
1192 2283 1469 2322 praedestinatione
1486 2292 1504 2313 a
1520 2285 1609 2323 parte
1631 2285 1730 2313 status
1753 2282 1818 2312 ini-

1040 2334 1134 2372 tialis,
1152 2335 1203 2366 vel
1219 2345 1238 2366 a
1253 2338 1341 2376 parte
1362 2337 1578 2377 praedestinati
1600 2336 1722 2367 ratione
1745 2344 1818 2375 per-

1040 2397 1138 2427 sonae,
1162 2389 1214 2420 vel
1234 2399 1253 2420 a
1275 2392 1365 2430 parte
1389 2390 1517 2421 termini
1541 2390 1662 2421 ratione
1690 2388 1818 2420 unionis

1039 2441 1158 2473 divinae
1171 2466 1180 2482 ,
1204 2445 1236 2475 et
1258 2444 1327 2475 suis
1350 2444 1411 2476 viis
1433 2443 1642 2476 eoncedendae
1660 2444 1736 2474 sunt
1750 2442 1817 2473 sin-

1039 2495 1138 2534 gulae.
