2017 2960
90 511 122 530 Ad
140 517 191 537 (ἹὶΓ.

98 1949 200 1969 Fundam.

467 302 644 340 QUAESTIO
669 302 705 331 11.

207 381 253 406 An
282 382 311 406 in
342 381 454 413 Virgine
481 381 508 405 in
531 381 622 413 prima
654 379 869 411 sanctificatione
894 377 979 408 fuerit

340 426 460 452 emtincta
475 425 579 457 fomitis
595 423 807 456 concupiscentia
826 424 842 446 ¹.

248 504 361 534 [trum
377 504 409 533 in
420 503 523 543 prima
539 501 786 533 sanctificatione
799 501 832 531 in
848 500 979 540 Virgine

206 557 302 587 fuerit
329 556 445 587 fomitis
476 555 728 594 concupiscentia
754 554 916 591 extincta;
949 556 979 584 et

209 610 292 649 quod
313 610 373 647 sic,
395 609 533 639 videtur.
551 608 668 638 Dicitur
692 608 730 637 ab
755 608 879 646 Augelo
902 608 929 637 ci
943 611 952 625 ²
971 618 977 637 ε

208 666 284 700 Ave,
309 663 416 702 qratia
440 662 534 702 plena
561 671 571 690 .·
599 670 678 699 ergo
706 663 778 691 ante
806 661 980 691 adventum

207 716 277 747 Filii
294 716 345 746 Dei
361 716 419 746 suit
435 716 553 755 repleta
569 715 689 754 gratia,
707 716 737 745 ct
758 714 850 754 plena
873 723 980 744 amore

210 770 317 800 divino
335 781 341 799 :
359 769 411 799 sed
427 769 481 799 ubi
504 772 549 799 est
570 768 677 808 aliquo
700 768 793 798 modo
814 767 981 806 concupis-

210 823 323 860 centia,
344 823 385 852 ibi
401 831 465 852 non
480 824 579 861 potest
595 831 661 851 esse
676 820 779 859 gratia
795 820 846 850 Dei
862 820 954 860 plena
974 831 979 851 :

210 876 335 907 videtur
349 885 429 915 ergo
447 875 530 915 quod
553 875 586 905 in
611 875 713 914 prima
729 873 870 912 Virginis
891 883 982 904 sanc-

211 929 393 967 tificatione,
424 928 541 958 fomitis
572 928 825 967 concupiscentia
852 927 982 958 omnino

209 982 302 1012 fuerit
316 983 462 1012 extincta.

250 1037 278 1065 9..
298 1035 373 1065 Item
389 1035 583 1074 ubicumque
598 1038 642 1065 est
656 1035 771 1072 fomes⁷
788 1038 833 1065 est
846 1035 983 1066 necessi-

210 1091 256 1118 tas
271 1088 309 1118 ad
325 1088 451 1127 aliquod
472 1090 637 1128 peccatum
652 1088 775 1119 veniale
791 1097 798 1118 t
816 1097 894 1127 ergo
909 1097 983 1118 cum

210 1142 243 1172 in
258 1151 294 1172 ea
309 1141 398 1171 nulla
418 1141 512 1171 suerit
534 1142 681 1181 peccandi
705 1141 872 1172 necessitas
884 1166 891 1180 ,
908 1141 985 1181 quia

211 1194 242 1224 in
261 1203 297 1224 ca
311 1194 398 1224 nulla
413 1194 523 1234 culpa;
540 1204 619 1233 ergo
637 1195 762 1225 videtur
783 1195 867 1234 quod
892 1195 985 1226 fomi-

211 1247 250 1277 tis
266 1246 519 1286 concupiscentia
543 1248 575 1277 in
597 1257 633 1277 ea
658 1248 751 1278 fuerit
771 1248 901 1278 omnino
926 1257 984 1277 ex-

211 1300 315 1330 tincta.

252 1356 281 1383 3.
305 1353 383 1383 Item
398 1354 497 1384 fomes
522 1354 623 1384 reddit
644 1354 735 1384 illum
762 1354 921 1385 difficilem
947 1355 985 1385 ad

212 1407 345 1444 bonum,
370 1407 403 1436 in
428 1416 491 1446 quo
515 1410 559 1437 est
581 1407 657 1438 :sed
682 1408 714 1438 in
741 1408 832 1438 beata
854 1408 985 1447 Virgine

213 1459 299 1489 nulla
315 1459 372 1489 fuit
387 1459 554 1490 difficultas
573 1460 612 1490 ad
634 1461 756 1491 bonum
778 1472 784 1491 t
803 1471 881 1500 crgo
898 1462 987 1492 vide-

213 1515 264 1542 tur
279 1513 362 1552 quod
382 1516 449 1552 post
468 1514 605 1552 primam
620 1515 897 1546 sanctificationem
921 1524 986 1546 non

214 1568 399 1597 remanserit
416 1568 448 1597 in
463 1577 500 1597 ea
515 1569 778 1608 concupiscentiae
799 1570 923 1601 vitium.

254 1623 282 1650 4.
304 1620 396 1657 Item,
413 1621 439 1650 si
457 1623 542 1651 tanta
566 1623 670 1660 gratia
690 1623 831 1653 fomitem
859 1623 985 1661 minuit,

213 1676 243 1703 et
268 1675 370 1712 maj0r
394 1674 497 1712 gratia
519 1675 624 1713 magis
647 1675 777 1713 minuit,
800 1679 830 1707 et.
850 1677 986 1716 perfecta

214 1726 348 1756 totaliter
363 1726 527 1765 extinguit
546 1739 551 1757 :
570 1728 621 1757 sed
647 1729 794 1767 gloriosae
815 1730 939 1768 Virgini
955 1730 987 1759 iu

215 1783 281 1821 ipsa
309 1783 358 1813 sui
386 1783 631 1814 sanctificatione
658 1785 759 1823 prima
792 1785 903 1815 collata
928 1785 987 1815 fuit

217 1836 319 1876 gratia
340 1837 475 1875 perfecta
491 1847 498 1867 z
516 1846 594 1876 ergo
611 1839 742 1869 omquo
767 1839 826 1869 suit
848 1839 984 1869 extincta

217 1892 247 1921 in
264 1901 299 1921 ca
315 1892 575 1932 concupiscentia.

258 1944 317 1975 Sed
335 1947 443 1975 contra
460 1956 466 1975 :
486 1945 697 1976 Damascenus
719 1946 810 1983 dicit,
835 1950 865 1978 et
887 1948 988 1978 habe-

220 1999 271 2027 tur
295 1997 327 2027 iu
350 1997 453 2028 littera
475 2010 481 2028 t
504 2011 517 2026 <t
539 1999 611 2030 Post
635 2008 823 2030 consensum
849 2000 990 2039 Virginis

220 2051 376 2090 praevenit
397 2051 533 2091 Spiritus
553 2056 679 2083 sanctus
695 2054 726 2083 in
751 2054 864 2094 ipsam,
881 2064 989 2085 secun-

220 2105 296 2134 dum
324 2105 460 2134 verbum
484 2105 567 2144 quod
594 2106 673 2136 dixit
696 2107 839 2145 Angelus
864 2109 902 2138 ad
919 2118 988 2139 eam

220 2166 362 2196 purgans
377 2167 458 2187 eam.
476 2169 489 2185 ι)
508 2158 567 2188 Sed
583 2168 646 2189 non
663 2161 815 2199 purgavit
830 2170 848 2190 a
870 2161 964 2201 culpa
982 2173 987 2192 :

221 2217 300 2247 ergo
326 2209 479 2247 purgavit
502 2209 540 2239 ab
567 2210 715 2249 originali
742 2213 869 2251 sequela
894 2224 899 2242 z
922 2213 991 2244 haec

221 2264 327 2291 autem
342 2264 386 2291 est
406 2262 523 2292 fomitis
541 2264 809 2303 concupiscentia:
825 2275 913 2305 ergo,
930 2269 988 2298 etc.

262 2314 339 2344 Item
360 2313 512 2353 Magister
531 2315 563 2345 in
580 2316 683 2346 littera
700 2328 705 2347 :
729 2330 742 2344 α
764 2317 892 2349 Mariam
916 2329 992 2359 quo-

221 2377 284 2407 que
301 2370 397 2397 totam
413 2367 546 2407 Spiritus
561 2373 686 2400 sanctus
700 2373 899 2410 praeveniens
916 2383 992 2413 pur-

223 2423 322 2461 gavit,
336 2425 366 2452 et
381 2432 398 2452 a
414 2423 520 2453 fomite
535 2425 653 2462 peccati
669 2424 823 2463 liberavit,
839 2427 887 2457 vel
904 2428 992 2458 somi-

225 2479 287 2506 tem
306 2477 409 2516 ipsum
429 2477 557 2516 penitus
578 2478 816 2517 extinguendo,
836 2481 883 2510 vel
905 2485 992 2512 exte-

260 2540 265 2554 Ι
280 2538 319 2568 Cf.
335 2539 476 2562 Alexander
488 2539 594 2569 Mensis,
610 2542 675 2569 part.
691 2541 720 2570 ΙΙ,
737 2549 761 2572 q.
781 2548 830 2570 ενι,
851 2544 944 2567 memb.
966 2547 992 2575 7,

225 2575 258 2594 art
285 2574 352 2601 ἢκ.
367 2574 521 2604 Thmnagp.
536 2575 616 2605 111,q.
629 2582 710 2606 xxvu,
723 2579 769 2600 art.
787 2580 814 2607 553
829 2580 853 2601 et
867 2579 895 2602 ΙΙΙ
914 2580 992 2609 Senti,

225 2608 281 2630 dist.
300 2614 338 2636 ιιι,
355 2616 379 2638 q.
393 2616 408 2637 Ι,
427 2612 471 2633 nrt.
484 2611 511 2639 23
530 2613 553 2633 et
572 2612 657 2641 Ομιιςσ.
676 2612 716 2641 ΙΙΙ,
733 2619 892 2643 canorum
910 2616 992 2645 Aigid.

227 2644 353 2675 aom.‚111
372 2646 449 2674 sent„
462 2649 519 2674 dtst.
535 2655 581 2677 111,
598 2656 623 2679 q.
639 2652 682 2676 111;
696 2648 843 2678 Richardu÷‚
859 2651 890 2674 III
914 2652 992 2681 Sen‘.‚

752 186 1062 221 SENTENTIARUM
1085 186 1158 217 LIB.
1182 186 1234 217 III.

1034 253 1164 284 nuando
1183 264 1188 283 ι
1208 264 1221 281 ι)
1249 252 1308 282 hoc
1332 252 1405 282 dicit
1425 253 1463 283 de
1489 252 1734 283 sanctificatione
1757 261 1806 282 se-

1034 307 1137 338 cunda
1165 317 1171 337 z
1198 315 1277 345 ergo
1304 307 1377 336 ante
1405 306 1506 345 ipsam
1534 314 1599 336 non
1627 305 1685 336 suit
1709 305 1808 336 fomes

1036 360 1207 391 extinctus.

1074 413 1151 444 Item
1175 412 1367 450 BernarduS,
1394 412 1428 442 in
1449 412 1580 443 homilia
1600 413 1692 443 tertia
1715 420 1808 451 super

1036 467 1153 497 Missus
1180 465 1246 497 esc³
1263 475 1273 494 :
1301 476 1315 493 «
1340 464 1375 495 Iu
1397 465 1555 504 proposito
1580 465 1721 504 Virginis
1742 467 1809 495 erat

1034 519 1180 549 omnium
1198 518 1367 548 hominum
1382 517 1595 557 frequentiam
1616 519 1730 557 fugere
1743 542 1750 555 ,
1766 527 1807 548 ne

1036 572 1273 612 perturbaretur
1295 571 1414 601 orantis
1435 571 1596 601 silentium
1611 594 1618 607 ,
1637 573 1692 601 aut
1706 570 1810 610 virgi-

1036 625 1116 654 nalis
1147 625 1270 654 castitas
1297 626 1481 654 tentaretur.
1506 634 1519 651 ι)
1551 622 1634 661 Ergo
1663 623 1806 660 videtur,

1036 678 1118 717 quod
1135 677 1297 708 occasione
1313 680 1439 716 accepta
1453 677 1492 706 ab
1511 675 1687 706 extrinseco
1698 699 1705 712 ‚
1722 676 1811 706 exci-

1036 731 1095 761 tari
1121 732 1242 770 poterat
1274 730 1308 760 in
1339 739 1375 760 ea
1408 729 1525 760 fomiffls
1558 729 1812 769 concupiscentia

1036 793 1135 823 prava
1152 794 1157 813 :
1177 792 1256 822 ergo
1271 783 1402 814 omuino
1415 792 1481 813 non
1497 783 1556 813 fuit
1571 782 1740 813 extinctus.

1078 836 1171 874 Item,
1196 837 1221 867 si
1248 836 1379 867 omnino
1403 836 1513 866 fuisset
1534 836 1568 866 in
1590 845 1627 866 ea
1655 835 1812 866 extinctus

1036 890 1135 919 fomes
1150 889 1430 929 concupiscentiae,
1448 897 1527 928 ergo
1541 889 1678 919 secunda
1693 889 1809 919 saneti-

1038 943 1141 972 ficatio
1154 951 1219 972 non
1234 942 1342 972 fuisset
1355 945 1535 982 opportuna
1550 953 1556 971 z
1569 942 1594 972 si
1607 950 1684 981 ergo
1698 950 1812 981 oppor-

1039 998 1117 1026 tuna
1137 996 1215 1033 fuit,
1232 995 1358 1026 videtur
1377 995 1462 1034 quod
1483 995 1602 1034 aliquid
1624 994 1812 1025 remanserit

1040 1049 1072 1078 in
1087 1058 1124 1078 ea
1137 1048 1254 1078 fomitis
1269 1048 1542 1087 concupiscentiae.

1299 1168 1560 1200 CONCLUSIO.

1041 1249 1167 1275 Gloriosa>
1184 1249 1307 1282 Virginis
1328 1250 1410 1281 fomes
1434 1250 1464 1275 in
1482 1250 1575 1283 prima
1600 1251 1815 1283 sanctificatione

1077 1294 1106 1318 in
1121 1295 1193 1319 utero
1212 1294 1288 1325 facta
1307 1294 1458 1327 consopitus
1476 1294 1548 1325 fuit;
1571 1294 1601 1319 in
1621 1293 1735 1320 secunda
1754 1302 1814 1321 vero

1076 1345 1124 1371 per
1133 1337 1254 1371 Spiritus
1260 1339 1348 1364 sancti
1359 1337 1589 1364 obumbrationem
1598 1339 1749 1372 eoetz'rpatus
1766 1340 1812 1364 est.

1083 1416 1173 1456 Resp.
1193 1417 1229 1447 ad
1246 1426 1316 1456 arg.
1339 1417 1510 1447 Dicendum
1530 1417 1615 1456 quod
1637 1417 1719 1448 circa
1734 1417 1816 1448 hanc

1043 1470 1251 1509 quaestionem
1266 1472 1311 1500 est
1329 1470 1442 1509 triplex
1458 1470 1571 1500 modus
1585 1470 1718 1501 dicendi.
1740 1470 1817 1507 Qui-

1043 1524 1114 1554 dam
1130 1524 1232 1554 dicere
1247 1524 1377 1562 volunt,
1394 1525 1479 1564 quod
1501 1534 1559 1555 nee
1574 1525 1608 1555 in
1622 1525 1742 1564 prima,
1759 1534 1817 1556 nec

1044 1576 1077 1606 in
1093 1577 1231 1607 secunda
1248 1577 1493 1607 sanctificatione
1516 1577 1675 1608 extinctus
1696 1579 1763 1608 erat
1782 1578 1816 1608 in

1044 1639 1080 1660 ea
1096 1630 1195 1660 fomes
1210 1630 1473 1670 concupiscentiae
1484 1653 1493 1668 ,
1510 1630 1563 1660 sed
1578 1629 1681 1661 solum
1702 1639 1817 1661 conso-

1044 1683 1129 1723 pitus
1144 1683 1320 1714 secundum
1345 1683 1415 1723 plus
1431 1685 1461 1713 et
1476 1683 1602 1721 minus;
1620 1683 1694 1723 quia
1718 1684 1818 1715 fomes

1044 1736 1138 1766 habet
1153 1745 1280 1767 causam
1296 1736 1329 1766 iu
1343 1745 1437 1766 carne
1456 1747 1462 1766 ι
1482 1736 1565 1766 unde
1580 1745 1645 1766 non
1665 1737 1817 1768 directam

1045 1789 1139 1819 hahet
1162 1789 1392 1829 oppositionem
1415 1789 1454 1819 ad
1474 1789 1613 1828 gratiam
1640 1789 1817 1821 secundum

1045 1842 1213 1873 essentiam
1225 1866 1233 1880 ,
1260 1842 1312 1872 sed
1337 1842 1514 1873 secundum
1541 1842 1781 1874 inclinationem
1806 1855 1813 1874 :

1046 1895 1114 1925 ideo
1129 1895 1154 1925 si
1170 1895 1273 1934 gratia
1289 1904 1405 1934 magna
1420 1897 1477 1932 est,
1493 1896 1593 1926 fomes
1609 1896 1717 1926 minus
1730 1897 1816 1927 incli-

1046 1951 1110 1986 nat,
1126 1949 1273 1988 quamvis
1288 1958 1342 1988 per
1358 1949 1494 1987 gratiam
1511 1958 1575 1979 non
1589 1949 1731 1980 deleatur
1747 1952 1816 1990 ejus

1045 2003 1190 2032 essentia.
1217 2001 1372 2039 Quoniam
1397 2011 1475 2040 erg-o
1490 2002 1523 2032 in
1547 2002 1678 2041 VIrgine
1698 2012 1818 2042 magna

1046 2056 1105 2086 fuit
1119 2056 1223 2094 gratia
1238 2056 1270 2085 in
1286 2055 1389 2095 prima
1403 2055 1646 2086 sanctificatione
1657 2079 1665 2093 ‚
1682 2058 1713 2087 et
1726 2057 1817 2088 valde

1047 2119 1165 2149 magna
1181 2110 1213 2139 ιιι
1228 2110 1386 2147 secunda3
1404 2109 1478 2140 hinc
1494 2111 1550 2148 est,
1567 2110 1651 2149 quod
1666 2110 1699 2140 in
1714 2111 1818 2150 prima

1047 2166 1105 2196 suit
1119 2166 1300 2205 consopitus
1310 2190 1318 2203 ,
1337 2167 1368 2196 et
1386 2166 1419 2196 in
1434 2165 1572 2196 secunda
1588 2164 1692 2204 magis
1706 2174 1818 2196 conso-

1048 2219 1143 2259 pitus⁷
1156 2219 1302 2258 quamvis
1315 2227 1379 2248 non
1394 2218 1521 2249 omnino
1536 2218 1630 2249 fuerit
1648 2218 1816 2256 extinctus,

1048 2272 1097 2302 vel
1125 2273 1309 2303 evacuatus.
1332 2270 1393 2302 Sed
1421 2271 1572 2311 quoniam
1602 2280 1675 2302 caro
1703 2271 1817 2302 Christi

1049 2327 1175 2365 sumpta
1200 2327 1246 2355 est
1268 2325 1305 2355 de
1329 2334 1423 2355 carne
1450 2324 1611 2364 Virginis,
1638 2325 1671 2355 in
1698 2324 1818 2356 Christo

1049 2380 1142 2410 etiam
1158 2379 1246 2409 nulla
1259 2379 1318 2409 fuit
1334 2378 1584 2418 concupiscentia
1598 2377 1725 2415 fomitis,
1744 2371 1819 2408 euni

1049 2442 1121 2463 caro
1136 2431 1247 2462 Christi
1264 2431 1374 2462 debeat
1389 2431 1475 2462 carui
1490 2431 1632 2470 VIrginis
1650 2431 1819 2462 assimilari

1050 2488 1120 2525 post
1147 2484 1287 2524 Virginis
1313 2485 1591 2515 sanctificationem
1603 2506 1611 2520 ‚
1636 2483 1716 2514 sicut
1745 2492 1818 2515 caro

1050 2584 1106 2606 dist.
1125 2589 1196 2613 ³11,sp
1215 2583 1485 2612 1v3Thoni.Argent.‚
1500 2582 1531 2605 ΙΙΙ
1548 2581 1626 2611 Smin,
1637 2581 1693 2604 dist.
1706 2586 1744 2611 111,
1760 2588 1786 2612 q.
1798 2587 1816 2612 1,

1050 2622 1097 2642 art.
1116 2622 1138 2642 3.
1157 2632 1182 2635 -
1200 2618 1209 2633 ²
1222 2619 1288 2646 Luc„
1303 2624 1320 2648 t,
1342 2619 1419 2642 28.—
1438 2617 1447 2634 ³
1464 2618 1550 2646 Bern„
1571 2623 1644 2646 super
1658 2616 1749 2640 Missus
1763 2618 1816 2646 est,

1049 2654 1119 2678 hom.
1132 2659 1160 2677 11.

1831 1425 1894 1453 Opin.
1908 1428 1926 1446 t.

1834 2335 1932 2363 Improb.
