2017 2960
30 1456 128 1479 fundam

679 141 776 174 nls'r.
801 140 836 172 V.
861 138 952 171 ΛΒΤ.
977 138 999 169 l.
1023 137 1173 176 QUAEST.
1198 137 1235 168 ll.

150 212 239 244 nullo
264 212 359 244 modo
379 211 564 243 conceditur
587 222 593 241 :
623 223 638 239 «ι
663 209 804 242 Essentia
827 217 926 246 gene-

150 267 210 304 rat,
228 276 243 295 n
261 265 338 306 quia
352 264 430 296 illud
445 266 493 296 est
511 265 680 305 proprium
696 271 862 304 personae·,
879 261 927 292 di-

150 318 286 350 cendum
299 318 384 359 quod
400 327 464 349 non
480 320 527 349 est
542 318 645 349 simite
665 329 671 349 :
689 317 765 357 quia
779 323 930 357 generare

150 372 301 412 importat
313 371 560 407 distinctionem,
575 380 647 411 quae
660 371 842 401 nullatenus
857 379 925 399 con·

150 425 238 457 venit
255 427 399 463 naturae3
417 433 579 457 assumere
591 434 668 456 vero
681 424 754 455 (licit
771 424 928 454 actionem

150 481 181 510 et
195 479 394 517 relationem,
413 488 487 519 quae
503 478 651 509 convenit
670 477 788 508 divina!
804 479 928 507 naturae

150 532 326 564 secundum
350 542 454 564 unum
480 532 692 567 intellectum,
709 533 744 561 ut
766 530 855 570 prius
879 530 927 561 vi-

150 596 222 618 sum
237 590 295 619 est.

192 643 222 673 6.
238 642 286 673 Ad
309 641 386 673 illud
404 640 488 682 qnod
504 639 695 680 opponitur,
711 639 795 680 quorl
814 641 928 669 natura

151 704 217 726 non
236 695 386 735 supponit
409 703 467 734 pro
483 702 636 733 persona,
654 692 823 723 (licentium
842 692 928 732 quod

151 756 264 779 verum
278 749 325 778 est
341 757 348 778 ε
366 748 396 777 et
410 746 540 787 quando
559 746 598 786 (α)
620 746 758 776 ‹lic-itur:
780 758 794 774 «
810 745 929 776 Natura

149 800 259 832 divina
272 800 445 840 assumpsit
459 799 650 838 humanam,
661 809 675 827 υ
688 799 745 830 iste
758 799 927 836 terminus,

148 857 279 891 natura,
303 862 368 884 non
392 852 495 884 reddit
518 853 712 884 locutionem
739 862 848 884 veram
872 862 929 893 pro

148 916 300 948 persona,
316 907 371 938 sed
395 907 501 947 magis
523 909 582 938 stat
607 907 641 938 in
663 909 780 938 natura
798 916 854 947 pro
878 916 926 938 se-

148 961 217 1002 ipsa
241 961 325 1002 :ipsi
349 961 437 993 enim
460 963 585 992 naturae
611 961 761 992 convenit
783 970 929 1000 assump-

148 1015 269 1047 tionem
293 1015 405 1053 l'acere,
427 1017 458 1046 et
483 1015 636 1046 convenit
660 1014 746 1045 uniri
774 1014 928 1045 liumanae

148 1071 274 1101 naturae
289 1080 296 1100 z
314 1071 346 1100 et
360 1069 430 1100 haec
455 1069 520 1100 duo
540 1069 691 1108 importat
712 1068 849 1099 verbum
873 1076 929 1099 as-

149 1122 311 1161 sumendi,
327 1122 505 1154 secundum
519 1130 618 1152 unam
633 1122 683 1152 sui
699 1121 926 1160 acceptionem.

421 1278 603 1317 QUAESTto
627 1279 665 1310 ll.

222 1366 269 1394 An
289 1373 421 1395 assumere
440 1368 582 1394 conveniat
597 1367 698 1394 divinoe
717 1366 863 1403 personoe¹.

193 1445 306 1478 Utrum
320 1456 482 1479 assumere
499 1447 671 1478 conveniat
687 1447 804 1478 divinae
819 1456 930 1488 perso-

151 1509 220 1538 nae;
245 1503 275 1531 et
295 1501 380 1541 quod
401 1501 462 1539 sic,
484 1501 622 1532 videtur.
645 1501 870 1540 Augustinus¹
890 1501 930 1532 de

151 1553 216 1593 fide
238 1553 283 1586 ad
309 1554 433 1586 Petrum
457 1564 468 1584 .·
493 1565 508 1584 c
533 1554 616 1585 Deus
641 1554 830 1594 unigenitus
851 1555 929 1586 dum

151 1607 391 1648 conciperetur,
416 1608 584 1639 veritatem
613 1608 716 1638 carnis
743 1608 864 1648 accepit
891 1608 930 1639 de

151 1660 297 1702 Virgine.
314 1673 329 1690 »
351 1661 414 1693 Sed
428 1661 510 1693 Deus
525 1661 717 1701 unigenitus
730 1670 796 1692 non
813 1661 929 1692 estnisi

150 1723 286 1755 persona
303 1726 309 1747 :
325 1724 417 1755 ergo,
433 1717 493 1747 etc.

191 1767 269 1800 Item
285 1769 406 1801 ratione
421 1769 561 1808 videtur,
573 1769 649 1810 quia
660 1770 836 1810 assumptio
848 1770 929 1801 nihil

151 1822 223 1864 plus
236 1823 310 1854 dicit
324 1823 386 1854 nisi
407 1823 565 1855 actionem
585 1826 730 1865 respectu
753 1827 927 1863 creaturae,

150 1878 182 1908 et
195 1876 383 1909 mintionem
403 1879 455 1909 :et
469 1880 643 1919 utrumque
658 1881 770 1910 natum
789 1881 834 1909 est
849 1887 928 1909 cou-

150 1931 261 1962 venire
276 1931 395 1963 divinae
411 1940 555 1972 persona}
574 1943 581 1964 ι
597 1941 688 1973 ergo,
705 1935 764 1964 etc.

191 1985 268 2017 Item
284 1985 462 2026 assumptio
476 1988 521 2017 est
538 1986 578 2017 ad
592 1986 734 2027 aliquam
749 1987 904 2018 unionem
919 1998 926 2018 ε

148 2039 202 2070 sed
222 2039 300 2071 unio
324 2039 379 2071 illa
399 2049 464 2072 non
489 2041 680 2072 terminatur
702 2041 741 2072 ad
764 2044 926 2079 naturam,

148 2093 201 2124 sed
217 2093 257 2125 ad
270 2102 460 2134 personam;
477 2094 553 2135 quia
572 2094 741 2132 divinitas,
759 2097 790 2126 et
810 2095 928 2126 huma-

148 2146 242 2185 nitas,
265 2146 409 2187 ejusdem
433 2150 559 2179 naturae
585 2156 652 2179 esse
679 2156 744 2178 non
767 2150 925 2188 possunt:

148 2207 228 2238 ergo
248 2199 376 2231 videtur
397 2200 483 2241 quod
509 2201 578 2242 ipsa
601 2202 779 2243 assumptio
803 2211 878 2233 vere
897 2205 928 2233 et

149 2253 276 2294 proprie
291 2254 460 2286 conveniat
474 2254 534 2295 ipsi
547 2264 702 2296 personae.

191 2306 269 2339 item
293 2309 468 2350 assumptio
489 2312 537 2340 est
560 2309 599 2341 ad
621 2310 871 2351 redemptionem
897 2313 927 2341 et

149 2360 392 2394 satisfactionem
420 2371 478 2403 pro
512 2363 658 2395 humano
687 2374 806 2404 genere
834 2377 841 2396 :
872 2365 925 2396 sed

150 2414 294 2446 eamdem
320 2425 488 2456 personam
513 2418 665 2458 competit
689 2428 758 2450 esse
782 2420 925 2458 unitam,

150 2476 224 2508 quae
238 2467 329 2500 debet
343 2470 519 2501 satisfac-erc
533 2472 564 2502 vt
579 2471 721 2502 debitum
738 2472 877 2511 solvere,
894 2476 925 2504 et

183 2552 190 2568 ¹
205 2551 247 2581 Cs-
262 2551 289 2576 S.
303 2551 362 2583 Th„
377 2559 401 2584 p.
419 2553 461 2584 ΙΙΙ,
476 2560 502 2585 q.
517 2559 558 2585 nt,
577 2556 624 2578 art.
644 2556 711 2585 t;et
725 2555 756 2580 ΙΙΙ
774 2556 924 2587 Seri!.,‹list.

151 2593 175 2617 v,
191 2594 218 2619 q.
233 2593 261 2617 ιι,
272 2590 319 2612 art.
337 2589 462 2620 ufflgid.
483 2590 568 2619 Rom..
584 2590 617 2616 ΙΙΙ
632 2591 717 2622 Seni„
741 2591 800 2617 dist.
815 2598 839 2621 r,
856 2599 873 2617 ιι
889 2600 925 2624 p„

183 2632 216 2659 (n)
233 2631 294 2654 (ἰιί.
307 2630 367 2655 alie.
380 2632 458 2662 quod.

1710 136 1762 166 ¹2¹

986 215 1060 247 quae
1082 207 1185 246 potest
1205 213 1309 244 :ergo
1332 204 1458 234 videtur
1483 203 1568 244 quod
1591 203 1768 242 assumptio

987 270 1062 291 vero
1077 262 1235 300 competat
1250 259 1309 299 ipsi
1330 266 1487 299 personae.

1029 314 1118 350 ltcm,
1139 314 1188 345 cui
1209 313 1360 353 competit
1383 311 1495 343 missio
1518 314 1550 342 et
1571 311 1765 347 incarnatio,

986 368 1088 398 vitlem
1111 367 1261 408 competit
1285 366 1462 406 assumptio
1483 377 1488 395 :
1509 365 1561 396 sed
1586 365 1694 395 missio
1717 364 1766 395 vel

987 421 1164 451 incarnatio
1179 430 1292 460 compe
1309 420 1333 450 it
1358 428 1502 459 personae
1526 417 1594 449 Filii
1613 429 1619 449 ε
1637 428 1715 456 ergo
1736 420 1768 448 et

985 474 1171 513 assumptio.

1027 528 1088 560 Sed
1103 530 1213 558 contra
1232 539 1238 559 :
1260 531 1285 559 t.
1306 528 1502 568 Ubicumque
1517 529 1563 558 est
1577 526 1765 567 assumptio,

987 583 1028 613 ibi
1044 584 1091 612 cst
1111 582 1188 612 unio
1207 582 1246 612 ad
1267 582 1421 618 alterum,
1438 585 1468 612 et
1491 581 1740 612 communicatio
1758 591 1765 611 t

986 636 1040 667 sed
1059 645 1193 676 persona
1208 635 1282 666 dicit
1298 635 1373 675 quid
1391 635 1576 666 ‹lis-tinctum
1592 637 1624 665 (εἰ
1641 634 1767 665 incom-

988 690 1179 721 municabile
1205 701 1211 721 :
1239 698 1317 729 ergo
1342 690 1519 720 intellectus
1546 698 1691 729 personae
1717 698 1767 720 re-

987 746 1111 785 pugnat
1135 744 1246 774 unioni
1271 746 1303 774 et
1328 743 1537 784 assumptioni
1561 753 1568 774 :
1596 751 1675 782 ergo
1701 752 1766 774 non

987 800 1087 838 potest
1101 797 1130 828 ei
1146 806 1221 828 vere
1241 797 1384 828 attribui.

1026 854 1056 883 2.
1079 851 1156 882 Item
1180 860 1314 892 persona
1337 853 1384 882 est
1406 850 1572 881 individua
1592 850 1768 881 substantia

986 905 1151 936 rationalis
1172 907 1322 936 naturae:
1346 905 1399 936 sed
1424 904 1628 935 individuum
1651 904 1768 935 (licitur

986 968 1051 990 non
1075 959 1179 989 solum
1205 958 1290 998 quod
1315 961 1363 989 est
1388 958 1562 989 indivisum
1589 967 1608 988 a
1633 967 1684 995 se,
1712 958 1766 989 sed

987 1012 1071 1052 quod
1087 1016 1131 1043 est
1151 1013 1291 1044 divisum
1307 1013 1346 1043 ab
1367 1012 1436 1042 aliis
1453 1023 1460 1042 :
1477 1021 1557 1051 ergo
1572 1012 1597 1042 si
1619 1021 1767 1052 assump-

987 1066 1031 1097 tio
1046 1066 1123 1097 dicit
1137 1066 1291 1097 unionem
1304 1068 1335 1097 et
1349 1066 1621 1105 conjunctionem,
1638 1066 1767 1097 videtur

986 1120 1072 1159 quod
1089 1120 1178 1151 nullo
1194 1120 1288 1151 modo
1308 1128 1453 1160 personae
1468 1119 1649 1150 conveniat.

1027 1176 1057 1205 3.
1083 1173 1162 1205 item
1186 1174 1293 1205 omnis
1318 1173 1395 1205 unio
1421 1172 1577 1204 naturalis
1600 1173 1767 1204 ordinatur

985 1228 1023 1259 ad
1041 1228 1134 1267 illud,
1151 1228 1236 1268 quod
1249 1230 1295 1259 est
1311 1228 1354 1259 ita
1370 1237 1473 1259 unum
1488 1227 1520 1258 in
1536 1237 1585 1266 se,
1602 1227 1688 1268 quod
1703 1237 1767 1259 non

985 1284 1032 1313 est
1045 1281 1135 1313 alteri
1150 1282 1288 1320 unibile,
1307 1281 1449 1322 alioquin
1466 1290 1531 1312 uon
1546 1283 1627 1312 esset
1639 1283 1742 1312 status
1759 1291 1765 1311 :

985 1335 1064 1368 illud
1082 1338 1190 1367 autem
1210 1345 1313 1367 unum
1334 1338 1381 1367 est
1398 1335 1603 1367 individuum
1626 1335 1766 1366 rationa-

985 1389 1024 1421 lis
1048 1392 1192 1429 naturae,
1219 1389 1306 1431 quod
1331 1389 1462 1431 quidem
1488 1392 1535 1421 est
1557 1398 1710 1430 persona,
1737 1392 1769 1420 et

985 1444 1083 1476 habet
1111 1454 1273 1476 summam
1307 1444 1553 1485 completionem
1587 1444 1621 1475 in
1649 1452 1768 1483 genere

985 1501 1142 1530 creaturae
1164 1510 1170 1530 z
1192 1499 1218 1530 si
1240 1508 1319 1539 ergo
1342 1499 1381 1530 ad
1405 1499 1596 1538 dignitatem
1620 1507 1767 1539 personae

985 1555 1105 1593 spectat
1123 1553 1208 1593 quod
1230 1552 1310 1584 nulli
1331 1553 1384 1583 alii
1403 1553 1555 1590 uniatur,
1579 1555 1610 1583 et
1630 1560 1767 1592 persona

985 1606 1096 1638 divina
1117 1607 1214 1638 habet
1234 1606 1390 1647 quidquid
1407 1606 1574 1646 dignitatis
1588 1608 1656 1644 est,
1674 1606 1767 1637 vide-

985 1662 1039 1691 tur
1061 1661 1147 1701 quod
1172 1661 1253 1692 nihil
1277 1662 1374 1701 possit
1399 1661 1460 1692 sibi
1487 1660 1645 1701 copulari,
1671 1662 1702 1691 et
1724 1660 1768 1690 ita

985 1714 1107 1745 nullam
1120 1717 1270 1745 naturam
1285 1723 1460 1745 assumere.

1024 1769 1055 1798 4.
1073 1767 1152 1799 item
1168 1767 1250 1798 nihil
1265 1767 1439 1808 temporale
1458 1769 1561 1807 potest
1582 1766 1651 1798 fieri
1671 1769 1768 1798 aeter-

984 1831 1065 1852 num
1081 1833 1088 1853 :
1103 1822 1158 1853 sed
1174 1822 1280 1853 unitas
1293 1823 1447 1852 creaturae
1462 1820 1568 1852 debita
1582 1823 1629 1852 est
1645 1822 1768 1861 tempo-

984 1875 1076 1914 ralis,
1103 1876 1209 1906 unitas
1231 1875 1351 1907 divinae
1377 1883 1521 1915 personae
1543 1877 1590 1905 est
1613 1877 1734 1906 aeterna
1757 1885 1764 1905 z

983 1938 1063 1970 ergo
1084 1930 1194 1961 divina
1216 1938 1352 1970 persona
1369 1937 1433 1960 non
1457 1931 1561 1969 potest
1583 1930 1765 1959 creaturam

983 1983 1124 2024 aliquam
1136 1984 1175 2015 ad
1193 1983 1347 2014 unitatem
1363 1991 1508 2023 persona}
1519 1991 1587 2013 suae
1602 1982 1764 2022 accipere:

983 2037 1037 2068 sed
1053 2037 1113 2069 hoc
1133 2040 1180 2068 est
1193 2046 1356 2068 assumere
1374 2048 1380 2067 :
1398 2046 1478 2077 ergo
1495 2036 1671 2077 assumptio
1687 2035 1767 2067 divi-

983 2100 1034 2123 nae
1048 2100 1194 2132 personae
1208 2100 1272 2122 non
1287 2092 1389 2131 potest
1404 2090 1585 2122 convenire.

1257 2220 1485 2254 CONCLUSIO.

982 2306 1141 2340 Assumptio
1169 2313 1226 2339 quoe
1266 2305 1322 2336 fuit
1364 2305 1393 2330 in
1437 2304 1628 2331 incarnatione
1654 2305 1764 2338 respicit

1017 2358 1156 2386 personam
1171 2350 1305 2381 diuinam,
1327 2351 1393 2384 quia
1407 2349 1504 2376 divina
1524 2356 1637 2384 persona
1655 2350 1720 2382 fecit
1733 2351 1764 2375 ut

1014 2396 1106 2431 plures
1120 2398 1225 2427 naturae
1238 2396 1382 2422 murentur
1393 2396 1421 2422 in
1435 2402 1470 2422 se.

1023 2475 1114 2517 Res-p.
1131 2476 1169 2505 aul
1188 2485 1258 2515 arg.
1282 2475 1454 2506 [licen-lum
1477 2475 1579 2515 spitui,
1597 2474 1679 2505 sicut
1693 2475 1762 2505 ‹lio-

981 2561 1153 2592 q.1;‘1'h0ru.
1171 2562 1288 2593 Argeut„
1305 2561 1335 2585 ΙΙΙ
1352 2561 1433 2589 sent„
1451 2560 1508 2584 dist.
1525 2565 1556 2588 v,
1572 2566 1598 2591 q.
1627 2565 1646 2589 ι,
1661 2562 1708 2584 ιη
1731 2562 1759 2590 2;

981 2596 1069 2626 steph.
1088 2596 1192 2627 tinniet,
1207 2597 1238 2621 ttl
1252 2597 1332 2627 Seru„
1343 2597 1401 2620 «list.
1419 2602 1442 2626 v,
1454 2603 1470 2627 q
1496 2601 1524 2620 n.
1535 2607 1566 2612 —
1581 2595 1592 2612 ἱ
1607 2595 1661 2621 1ωο
1677 2595 1760 2627 ΡιιΙς.,

981 2635 1010 2658 ιΙι.Ι
1023 2635 1085 2659 Μαι*
1094 2635 1130 2659 acl
1145 2636 1223 2664 Pelr„
1236 2643 1259 2660 c.
1276 2641 1304 2666 ιι,
1317 2643 1345 2659 u.
1363 2636 1398 2659 Π.

1785 530 1818 551 M
1837 537 1888 558 opp.
