2017 2960
65 1422 171 1446 Fundam.

667 170 765 203 DIST.
788 169 878 201 XXV.
902 169 992 201 ART.
1017 170 1056 201 II.
1081 169 1229 208 QUAEST.
1254 170 1293 201 Il.

184 242 277 274 Nunc
291 242 398 272 autem
411 239 519 271 omnia
534 241 608 270 sunt
623 238 791 279 explicita;
806 246 864 268 1100
882 239 955 267 tan-

183 297 253 326 tum
270 296 345 325 sunt
360 293 519 324 credibilia
530 317 539 331 ,
557 293 623 324 imo
637 294 709 323 actu
723 291 859 329 credita,
875 291 904 320 et
917 289 957 320 ad

183 347 376 379 credendum
396 347 581 386 proposita:
604 348 634 376 et
655 347 814 386 quantum
836 343 874 374 ad
896 343 957 373 1100

182 400 318 432 dicimus
333 409 369 430 ea
385 409 452 431 esse
468 400 679 439 multiplicata
691 422 699 436 ‚
715 399 788 428 licet
798 397 956 436 quantum

182 454 221 485 ad
235 454 404 485 veritatem
419 455 462 484 rei
476 463 543 484 non
558 454 621 483 sint
631 453 849 492 augmentata.

223 510 252 538 4.
274 507 322 538 Ad
340 507 419 538 illud
434 507 519 547 quod
540 506 704 546 objicitur,
721 504 807 544 qnod
822 503 958 534 charitas

181 570 247 592 non
261 561 393 601 profecit
409 562 567 601 quantum
583 560 622 590 ad
638 566 813 589 numerum
826 581 834 595 ‚
851 556 958 587 dicen-

182 615 260 646 dum
278 615 364 654 quod
379 615 404 645 si
425 614 598 654 loquamur
618 613 655 643 de
669 612 729 642 isto
750 610 844 641 modo
859 609 958 649 profi-

181 666 300 703 ciendi,
316 666 443 697 concedi
458 668 559 706 potest
573 665 683 696 eodem
705 663 801 694 modo
823 662 861 692 de
882 661 960 691 cha-

181 719 272 750 ritate
282 743 290 757 ‚
305 719 386 750 sicut
400 727 586 750 concessum
596 720 642 748 est
656 718 693 747 de
706 716 769 747 fide
782 726 789 747 :
801 714 959 755 quoniam

180 771 214 803 in
229 772 301 812 lege
316 771 415 804 veteri
430 781 493 802 non
511 770 758 811 praecipiebatur
780 768 869 807 diligi
892 767 956 798 ini-

181 825 304 864 micus,
320 825 383 856 nisi
399 824 569 864 implicite;
587 823 641 855 sed
657 823 718 854 hoc
733 823 767 853 in
778 822 849 861 lege
863 829 960 852 evan-

183 878 285 918 gelica
309 878 485 919 explicatur
507 889 514 909 ι
538 878 582 909 510
603 880 633 908 et
653 877 686 907 in
701 876 763 908 fide
786 885 846 906 suo
865 874 960 905 modo

182 931 444 971 intelligendum,
466 932 548 963 sicut
571 931 662 971 prius
681 932 802 961 tactum
818 931 874 959 est.
898 927 959 959 Lo-

184 985 316 1026 quimur
330 985 416 1016 enim
431 985 485 1016 hie
499 985 538 1016 de
552 984 695 1025 profectu
715 983 788 1014 fidei
803 984 834 1013 et
853 981 961 1013 chari-

183 1042 257 1072 tatis
274 1050 330 1081 per
345 1040 616 1081 comparationem
629 1040 667 1070 ad
689 1047 895 1070 communem
912 1046 963 1076 po-

184 1095 252 1134 puli
267 1096 403 1133 statum,
421 1103 486 1125 non
507 1095 667 1134 quantum
690 1092 728 1123 ad
750 1091 961 1132 privilegium

184 1148 317 1188 speciale
333 1147 546 1188 quarumdam
562 1155 784 1186 personarum.

436 1261 640 1300 QUAESTIO
670 1261 711 1292 II.

199 1335 245 1362 An
260 1335 323 1370 fides
333 1335 479 1370 profecerit
498 1333 588 1368 quoad
604 1334 714 1360 luminis
721 1331 917 1367 plenitudinem
929 1331 947 1357 ¹.

228 1414 341 1445 Utrum
363 1413 441 1444 fides
457 1412 624 1452 profecerit
638 1414 797 1452 quantum
811 1411 851 1442 ad
872 1411 965 1441 lumi-

186 1468 235 1498 nis
250 1467 496 1507 plenitudincm;
511 1468 541 1496 et
553 1465 638 1505 qnod
651 1465 706 1503 sic,
718 1465 846 1496 videtur
860 1464 964 1504 primo

186 1521 372 1552 auctoritate
399 1520 565 1559 Gregorii²
598 1519 633 1549 in
665 1519 803 1559 quadam
827 1518 965 1549 Homilia

185 1583 282 1615 super
293 1574 372 1605 illud
388 1574 481 1605 thcoe
494 1576 504 1592 ³
520 1582 530 1604 .·
547 1574 639 1604 Beati
653 1572 749 1610 oculi,
767 1572 825 1612 qui
842 1572 962 1609 rident,

185 1636 257 1668 quoe
270 1635 326 1659 vos
339 1626 478 1666 videtis;
489 1627 532 1656 ibi
548 1626 736 1665 Gregorius:
754 1637 768 1654 «
781 1625 963 1656 Secundum

185 1682 383 1714 incrementa
404 1683 586 1721 temporum
609 1681 708 1711 crevit
728 1680 858 1711 scientia
877 1690 965 1711 sanc-

184 1737 304 1773 torum,
330 1737 361 1765 et
385 1733 598 1774 spiritualium
622 1736 763 1773 patrum.
787 1733 826 1763 Et
845 1736 964 1773 quanto

185 1788 338 1821 adventui
365 1787 537 1819 Salvatoris
571 1787 739 1817 viciniores
765 1786 962 1825 extiterunt,

186 1844 274 1873 tanto
304 1841 498 1882 mysterium
528 1840 639 1870 salutis
664 1839 792 1879 plenius
811 1849 964 1880 percepe-

186 1898 273 1927 runt.
291 1905 306 1923 »
324 1894 411 1934 Ergo
426 1893 562 1934 pleniori
579 1893 702 1924 lumine
717 1895 938 1932 cognoverunt
955 1903 962 1925 ε

187 1948 242 1979 sed
265 1957 331 1979 non
353 1949 576 1987 cognoverunt
599 1946 660 1976 nisi
683 1946 745 1977 fide
761 1954 770 1975 ι
786 1955 864 1986 ergo
888 1946 965 1977 fides

187 2001 289 2033 crevit
302 2003 459 2041 quantum
475 2000 513 2031 ad
527 1999 660 2030 luminis
679 1999 922 2039 plenitudinem.

229 2054 323 2092 Item,
344 2053 523 2085 secundum
551 2062 735 2093 processum
763 2055 963 2093 temporum,

188 2108 288 2139 crevit
306 2107 473 2147 prophetia
490 2109 648 2147 quantum
664 2107 703 2137 ad
722 2106 965 2138 illuminationis

188 2160 418 2201 plenitudinem
435 2170 442 2190 :
460 2169 538 2199 ergo
552 2160 711 2190 consimili
731 2160 854 2191 ratione
875 2160 965 2191 vide-

187 2216 241 2245 tur
256 2214 317 2245 hoc
339 2214 453 2245 debere
471 2213 604 2253 reperiri
622 2213 656 2244 in
679 2213 749 2254 ipsa
771 2213 843 2245 fide.
859 2214 966 2245 Prima

188 2267 341 2307 probatur
354 2275 411 2307 per
426 2266 486 2297 hoc
501 2266 586 2306 quod
607 2266 682 2297 dicit
703 2266 803 2298 David
826 2266 965 2307 prophe-

188 2319 240 2351 ta⁴
255 2329 263 2352 :
279 2320 379 2359 Super
397 2327 486 2351 senes
501 2319 649 2352 intellexi
663 2330 675 2351 .·
690 2319 728 2351 Et
743 2320 860 2352 iterum
878 2331 885 2351 ε
902 2321 965 2352 Su-

186 2381 242 2412 per
255 2373 399 2406 docentes
411 2382 457 2405 me
469 2373 618 2405 intellexi
630 2384 641 2405 :
654 2376 685 2404 et
696 2373 730 2404 in
741 2374 870 2406 Actibus
885 2373 967 2404 dixit

189 2425 333 2459 Petrus⁵t
346 2427 428 2465 Non,
443 2427 527 2459 sicut
538 2427 718 2465 (estimatis,
729 2428 765 2459 1η·
780 2428 862 2460 ebrii
875 2432 966 2460 sunt:

188 2479 246 2511 sed
257 2479 312 2512 hoc
327 2483 384 2518 est,
398 2480 482 2520 quod
495 2480 576 2512 dicit
590 2488 646 2520 per
658 2481 847 2520 prophetam
857 2481 944 2513 Johel
955 2492 967 2513 .·

189 2533 231 2565 Et
244 2534 304 2565 erit
317 2534 355 2565 in
367 2535 553 2566 novissimis
568 2534 698 2573 diebus;
711 2534 887 2575 effundam,
905 2537 962 2566 etc.

221 2613 279 2643 ¹Cf.
293 2612 416 2638 Alexand.
430 2613 539 2646 Alensis,
554 2615 636 2644 Cant„
652 2622 677 2646 p.
691 2615 736 2646 111,
748 2616 805 2640 coll.
817 2622 860 2646 XL,
874 2617 922 2640 art.
935 2617 965 2647 33

190 2648 216 2673 S.
227 2649 328 2681 Thom.,
340 2649 372 2673 lll
389 2649 468 2680 Senl„
483 2649 540 2675 dist.
551 2656 613 2681 HV,
628 2657 653 2682 q.
665 2657 696 2682 11,
713 2654 760 2675 ert.
776 2653 800 2676 2.
815 2666 846 2669 —
859 2652 869 2668 ²
880 2653 967 2683 Greg.‚

1731 174 1787 203 557

1013 237 1046 269 Si
1062 247 1140 278 ergo
1156 238 1332 269 secundum
1348 238 1503 277 majorem
1518 238 1653 279 Spiritus
1663 241 1790 273 effusio·

1015 301 1088 322 nem
1100 293 1208 323 crescit
1224 292 1340 322 mentis
1354 291 1556 329 illuminatio,
1569 293 1694 325 videtur
1706 294 1790 334 quod

1014 347 1082 386 ipsa
1106 348 1178 379 fidei
1201 348 1340 387 cognitio
1365 348 1540 379 secundum
1569 350 1720 389 temporis
1743 349 1790 380 di-

1016 401 1198 431 versitatem
1233 402 1367 432 creverit
1401 404 1558 441 quantum
1591 402 1630 432 ad
1659 402 1792 433 luminis

1015 453 1259 492 plenitudinem.

1067 506 1145 537 Item
1176 508 1291 538 clarius
1315 508 1443 538 videtur
1473 508 1727 548 unumquodque
1753 508 1793 539 ad

1017 560 1219 599 praesentiam
1235 561 1324 599 lucis,
1342 571 1440 600 quani
1455 562 1494 593 ad
1509 562 1712 602 praesentiam
1725 570 1794 592 um-

1016 613 1083 644 brae
1101 624 1107 643 :
1129 613 1181 644 sed
1198 613 1231 644 in
1246 623 1331 644 nova
1346 614 1432 654 Lege
1451 615 1510 645 suit
1532 615 1632 654 ipsius
1654 615 1794 646 veritatis

1017 666 1188 704 exhibitio,
1204 666 1238 697 in
1253 667 1352 697 veteri
1367 676 1444 698 vero
1459 667 1519 697 fuit
1541 668 1639 707 ipsius
1655 668 1795 699 veritatis

1017 720 1214 750 obumbrans
1238 721 1459 760 praefiguratio
1485 731 1491 751 :
1518 729 1595 760 ergo
1619 721 1794 752 secundum

1017 774 1145 813 tempus
1165 783 1259 804 novae
1281 773 1374 813 Legis
1394 775 1496 814 maJ'or
1511 774 1546 804 fit
1561 774 1593 804 in
1615 774 1795 813 cognitione

1018 826 1091 857 fidei
1106 826 1239 857 luminis
1253 827 1428 867 plenitudo.

1059 880 1137 912 Item
1154 883 1256 921 maj0r
1271 882 1462 913 illuminatio
1480 881 1554 912 fidei
1574 881 1668 912 habet
1689 883 1796 912 ortum

1018 946 1037 967 a
1058 936 1177 975 duplici
1192 936 1364 976 principio,
1380 936 1526 967 videlicet
1541 937 1571 966 et
1593 944 1611 965 a
1626 935 1730 974 gratia
1745 935 1795 966 in-

1018 989 1117 1021 terius
1131 989 1316 1028 inspirante,
1334 991 1363 1020 et
1379 989 1418 1020 ab
1434 989 1641 1019 instructi0ne
1656 988 1796 1019 exterius

1020 1042 1253 1073 manuducente
1270 1053 1277 1080 ;
1313 1043 1365 1073 sed
1400 1044 1542 1082 tempore
1577 1041 1671 1081 Legis
1703 1051 1795 1073 novae

1019 1096 1233 1127 abundantior
1248 1098 1293 1126 est
1308 1095 1421 1134 gratiae
1435 1095 1548 1126 effusio
1563 1095 1597 1125 in
1613 1104 1796 1126 sacramen-

1023 1149 1081 1186 tis,
1106 1153 1135 1180 et
1161 1149 1273 1180 clarior
1301 1149 1467 1179 instructio
1491 1149 1524 1178 in
1551 1148 1744 1187 evangelicis
1767 1150 1798 1178 et

1023 1203 1201 1242 apostolicis
1223 1203 1422 1233 documentis
1443 1211 1450 1232 ε
1468 1211 1546 1241 ergo
1569 1201 1695 1233 videtur
1713 1202 1798 1241 quod

1020 1256 1054 1286 in
1069 1256 1136 1295 ipsa
1151 1255 1212 1286 11110
1227 1255 1405 1285 secundun}
1420 1257 1547 1294 tempus
1561 1254 1674 1293 gratiae
1694 1255 1797 1294 maj0r

1020 1309 1059 1339 sit
1077 1309 1239 1349 plenitudo
1254 1309 1396 1338 luminis.

1062 1362 1121 1393 Sed
1147 1365 1256 1393 contra
1277 1373 1284 1393 ε
1307 1365 1331 1393 l.
1358 1361 1447 1399 Quod
1471 1364 1517 1392 est
1540 1371 1637 1402 supra
1661 1365 1797 1402 tempus,

1022 1426 1086 1447 non
1113 1418 1275 1454 mutatur,
1299 1425 1357 1446 1100
1382 1415 1505 1455 proficit
1521 1440 1529 1453 ‚
1554 1425 1612 1446 1100
1635 1417 1740 1447 deficit
1766 1416 1800 1447 111

1022 1472 1164 1510 tempore
1182 1479 1188 1500 :
1207 1470 1259 1500 sed
1276 1469 1470 1500 illuminatio
1485 1469 1558 1500 fidei
1574 1469 1723 1500 innitiiur
1738 1469 1800 1509 pri-

1023 1533 1085 1554 mae
1100 1523 1224 1554 veritati
1242 1526 1370 1563 propter
1385 1532 1428 1561 se,
1439 1525 1469 1553 et
1483 1532 1579 1563 super
1592 1523 1711 1561 omnia,
1727 1531 1801 1562 quae

1022 1579 1068 1607 est
1094 1577 1226 1607 omnino
1256 1586 1352 1616 supra
1382 1579 1508 1615 tempus
1534 1585 1541 1605 :
1572 1585 1650 1615 ergo
1674 1576 1802 1607 videtur

1022 1630 1105 1670 quod
1131 1630 1203 1661 111101
1223 1630 1362 1670 cognitio
1384 1630 1561 1661 secundum
1584 1630 1735 1670 temporis
1750 1630 1801 1660 di-

1023 1684 1207 1716 versitatem
1228 1693 1286 1715 nec
1306 1684 1459 1724 proficiat,
1478 1693 1537 1714 1100
1557 1683 1682 1715 deficiat
1696 1693 1802 1724 quan-

1023 1740 1092 1768 tum
1107 1737 1147 1768 ad
1160 1737 1290 1768 luminis
1308 1737 1551 1777 plenitudinem.

1063 1793 1092 1822 2.
1110 1790 1188 1822 Item
1205 1790 1332 1821 videtur
1346 1790 1431 1830 quod
1442 1790 1519 1821 fides
1534 1798 1600 1821 non
1615 1789 1720 1820 solum
1734 1799 1802 1821 11011

1022 1844 1187 1884 profecerit
1203 1843 1381 1874 secundum
1403 1843 1535 1874 luminis
1550 1843 1798 1883 plenitudinem,

1022 1897 1088 1928 imo
1109 1897 1215 1937 potius
1234 1896 1411 1929 decreverit
1428 1906 1435 1927 :
1454 1896 1528 1936 qnia
1545 1897 1649 1936 maj0r
1667 1899 1714 1927 est
1728 1896 1801 1927 illu-

1022 1951 1156 1981 minatio
1172 1960 1244 1990 quae
1258 1950 1380 1982 revelat
1396 1949 1499 1990 magis
1514 1949 1685 1989 occultum,
1702 1959 1801 1989 quam

1023 2013 1096 2043 quae
1126 2004 1246 2035 revelat
1267 2003 1372 2042 magis
1397 2003 1601 2034 manifestum
1621 2013 1628 2033 ε
1645 2003 1700 2033 sed
1723 2003 1801 2034 fides

1023 2060 1096 2088 ante
1120 2057 1294 2088 adventum
1317 2056 1431 2088 Christi
1453 2057 1587 2087 faciebat
1611 2065 1801 2096 cognoscere

1023 2109 1268 2150 Redemptorem
1282 2113 1312 2140 et
1325 2109 1540 2148 Mediatorem,
1557 2112 1586 2140 et
1602 2109 1661 2139 1100
1672 2110 1802 2149 quidem

1023 2163 1124 2194 multo
1146 2163 1251 2203 magis
1271 2165 1338 2194 erat
1351 2163 1528 2201 occultum,
1545 2171 1643 2203 quam
1658 2164 1729 2202 post
1744 2163 1799 2193 ad-

1023 2219 1156 2248 ventum
1172 2217 1271 2257 ipsius
1288 2227 1295 2248 :
1313 2226 1392 2256 ergo
1406 2217 1531 2248 videtur
1547 2216 1631 2256 quod
1646 2216 1714 2256 ipsa
1724 2216 1802 2247 fides

1023 2271 1171 2310 ampliori
1185 2273 1216 2301 et
1230 2270 1408 2310 perfectiori
1422 2270 1546 2301 lumine
1558 2274 1634 2300 tunc
1648 2269 1802 2309 temporis

1023 2324 1228 2364 perfunderet
1244 2325 1398 2354 mentem.

1064 2379 1093 2407 3.
1119 2376 1197 2408 Item
1221 2377 1326 2416 major
1349 2379 1395 2407 est
1421 2376 1610 2407 illuminatio
1635 2384 1708 2416 quae
1729 2375 1802 2406 facit

1023 2439 1284 2471 praecognoscere
1305 2430 1432 2468 futura,
1450 2439 1547 2469 quam
1563 2437 1635 2469 quae
1656 2429 1729 2460 facit
1749 2438 1803 2460 re-

1023 2484 1195 2515 memorari
1221 2485 1406 2524 praeterita:
1430 2484 1484 2515 sed
1504 2484 1583 2514 fides
1606 2484 1640 2514 in
1663 2483 1802 2523 antiquis

1023 2536 1165 2576 patribus
1188 2536 1321 2567 faciebat
1343 2537 1451 2567 futura
1471 2544 1750 2576 praecognoscere,
1766 2535 1801 2566 in

1024 2618 1049 2640 in
1062 2616 1161 2645 Ezech„
1177 2616 1247 2641 hom.
1263 2622 1316 2641 xv1.
1330 2617 1377 2635 —8
1391 2617 1458 2645 Luc..
1474 2623 1499 2648 x,
1514 2618 1552 2641 23.
1565 2629 1589 2634 -—
1605 2617 1613 2633 ⁵
1624 2615 1692 2640 Psal.
1707 2621 1800 2648 cxvm,

1024 2653 1076 2682 100,
1092 2654 1131 2677 90.
1144 2652 1192 2669 —⁵
1207 2653 1271 2683 Act„
1283 2658 1313 2683 11,
1333 2653 1409 2676 15-17.

1819 1375 1851 1395 Al
1867 1380 1919 1401 opp.
