<?xml version="1.0" encoding="UTF-8"?>
<!DOCTYPE html PUBLIC "-//W3C//DTD XHTML 1.0 Transitional//EN"
    "http://www.w3.org/TR/xhtml1/DTD/xhtml1-transitional.dtd">
<html xmlns="http://www.w3.org/1999/xhtml" xml:lang="en" lang="en">
 <head>
  <title>
</title>
<meta http-equiv="Content-Type" content="text/html;charset=utf-8" />
  <meta name='ocr-system' content='tesseract 3.04.00' />
  <meta name='ocr-capabilities' content='ocr_page ocr_carea ocr_par ocr_line ocrx_word'/>
</head>
<body>
  <div class='ocr_page' id='page_1' title='image "./operaomniasixtiv04bonauoft/operaomniasixtiv04bonauoft_0225.png"; bbox 0 0 2017 2960; ppageno 0'>
   <div class='ocr_carea' id='block_1_1' title="bbox 611 215 1186 253">
    <p class='ocr_par' dir='ltr' id='par_1_1' title="bbox 611 215 1186 253">
     <span class='ocr_line' id='line_1_1' title="bbox 611 215 1186 253; baseline 0.002 -6"><span class='ocrx_word' id='word_1_1' title='bbox 611 215 709 247; x_wconf 85' lang='lat' dir='ltr'><strong>DIST.</strong></span> <span class='ocrx_word' id='word_1_2' title='bbox 734 215 783 246; x_wconf 86' lang='lat' dir='ltr'><strong>IX.</strong></span> <span class='ocrx_word' id='word_1_3' title='bbox 808 215 898 246; x_wconf 71' lang='grc' dir='ltr'><strong>ΛΒΤ.</strong></span> <span class='ocrx_word' id='word_1_4' title='bbox 925 215 947 246; x_wconf 90' lang='grc'><strong>1.</strong></span> <span class='ocrx_word' id='word_1_5' title='bbox 969 215 1122 253; x_wconf 82' lang='lat' dir='ltr'><strong>QUAEST.</strong></span> <span class='ocrx_word' id='word_1_6' title='bbox 1148 217 1186 248; x_wconf 91' lang='lat'><strong>11.</strong></span> 
     </span>
    </p>
   </div>
   <div class='ocr_carea' id='block_1_2' title="bbox 90 282 872 905">
    <p class='ocr_par' dir='ltr' id='par_1_2' title="bbox 94 282 872 591">
     <span class='ocr_line' id='line_1_2' title="bbox 98 282 869 324; baseline -0.001 -10"><span class='ocrx_word' id='word_1_7' title='bbox 98 284 145 316; x_wconf 78' lang='lat' dir='ltr'><strong>sia</strong></span> <span class='ocrx_word' id='word_1_8' title='bbox 165 284 251 324; x_wconf 82' lang='lat' dir='ltr'><strong>fugit</strong></span> <span class='ocrx_word' id='word_1_9' title='bbox 272 284 370 314; x_wconf 88' lang='lat' dir='ltr'><strong>ritum</strong></span> <span class='ocrx_word' id='word_1_10' title='bbox 393 282 594 314; x_wconf 58' lang='lat' dir='ltr'><strong>caeremoniae</strong></span> <span class='ocrx_word' id='word_1_11' title='bbox 614 282 741 323; x_wconf 84' lang='lat' dir='ltr'><strong>legalis,</strong></span> <span class='ocrx_word' id='word_1_12' title='bbox 764 291 804 313; x_wconf 88' lang='lat' dir='ltr'><strong>ne</strong></span> <span class='ocrx_word' id='word_1_13' title='bbox 821 283 869 314; x_wconf 91' lang='lat' dir='ltr'><strong>vi-</strong></span> 
     </span>
     <span class='ocr_line' id='line_1_3' title="bbox 98 336 872 377; baseline -0.003 -8"><span class='ocrx_word' id='word_1_14' title='bbox 98 338 209 369; x_wconf 88' lang='lat' dir='ltr'><strong>deatur</strong></span> <span class='ocrx_word' id='word_1_15' title='bbox 229 337 392 377; x_wconf 75' lang='lat' dir='ltr'><strong>Judaizare</strong></span> <span class='ocrx_word' id='word_1_16' title='bbox 413 347 420 367; x_wconf 81' lang='lat' dir='ltr'>z</span> <span class='ocrx_word' id='word_1_17' title='bbox 444 336 513 376; x_wconf 88' lang='lat' dir='ltr'><strong>pari</strong></span> <span class='ocrx_word' id='word_1_18' title='bbox 539 345 616 375; x_wconf 83' lang='lat' dir='ltr'><strong>crgo</strong></span> <span class='ocrx_word' id='word_1_19' title='bbox 637 336 758 367; x_wconf 86' lang='lat' dir='ltr'><strong>ratione</strong></span> <span class='ocrx_word' id='word_1_20' title='bbox 780 336 872 367; x_wconf 86' lang='lat' dir='ltr'><strong>debet</strong></span> 
     </span>
     <span class='ocr_line' id='line_1_4' title="bbox 98 391 871 432; baseline 0 -9"><span class='ocrx_word' id='word_1_21' title='bbox 98 393 208 432; x_wconf 84' lang='lat' dir='ltr'><strong>fugere</strong></span> <span class='ocrx_word' id='word_1_22' title='bbox 224 392 322 423; x_wconf 91' lang='lat' dir='ltr'><strong>ritum</strong></span> <span class='ocrx_word' id='word_1_23' title='bbox 335 391 532 430; x_wconf 73' lang='lat' dir='ltr'><strong>idololatrice,</strong></span> <span class='ocrx_word' id='word_1_24' title='bbox 551 402 592 422; x_wconf 88' lang='lat' dir='ltr'><strong>nc</strong></span> <span class='ocrx_word' id='word_1_25' title='bbox 613 392 758 423; x_wconf 84' lang='lat' dir='ltr'><strong>videatur</strong></span> <span class='ocrx_word' id='word_1_26' title='bbox 772 392 871 423; x_wconf 86' lang='lat' dir='ltr'><strong>idolo-</strong></span> 
     </span>
     <span class='ocr_line' id='line_1_5' title="bbox 96 444 871 483; baseline 0 -7"><span class='ocrx_word' id='word_1_27' title='bbox 96 446 209 476; x_wconf 81' lang='lat' dir='ltr'><strong>latrare</strong></span> <span class='ocrx_word' id='word_1_28' title='bbox 230 455 237 475; x_wconf 85' lang='lat'>:</span> <span class='ocrx_word' id='word_1_29' title='bbox 256 454 334 483; x_wconf 84' lang='lat' dir='ltr'><strong>ergo</strong></span> <span class='ocrx_word' id='word_1_30' title='bbox 349 444 375 474; x_wconf 92' lang='lat' dir='ltr'><strong>si</strong></span> <span class='ocrx_word' id='word_1_31' title='bbox 397 445 501 475; x_wconf 86' lang='lat' dir='ltr'><strong>cultus</strong></span> <span class='ocrx_word' id='word_1_32' title='bbox 522 445 706 475; x_wconf 84' lang='lat' dir='ltr'><strong>idololatriae</strong></span> <span class='ocrx_word' id='word_1_33' title='bbox 730 446 871 476; x_wconf 83' lang='lat' dir='ltr'>consistit</span> 
     </span>
     <span class='ocr_line' id='line_1_6' title="bbox 96 498 870 538; baseline 0.003 -10"><span class='ocrx_word' id='word_1_34' title='bbox 96 499 130 529; x_wconf 93' lang='lat' dir='ltr'><strong>in</strong></span> <span class='ocrx_word' id='word_1_35' title='bbox 145 498 346 529; x_wconf 85' lang='lat' dir='ltr'><strong>veneratione</strong></span> <span class='ocrx_word' id='word_1_36' title='bbox 360 498 540 537; x_wconf 80' lang='lat' dir='ltr'>imaginum</span> <span class='ocrx_word' id='word_1_37' title='bbox 557 501 586 529; x_wconf 88' lang='lat' dir='ltr'><strong>et</strong></span> <span class='ocrx_word' id='word_1_38' title='bbox 602 499 811 538; x_wconf 84' lang='lat' dir='ltr'><strong>picturarum,</strong></span> <span class='ocrx_word' id='word_1_39' title='bbox 826 500 870 530; x_wconf 86' lang='lat' dir='ltr'><strong>vi-</strong></span> 
     </span>
     <span class='ocr_line' id='line_1_7' title="bbox 94 550 714 591; baseline 0.002 -10"><span class='ocrx_word' id='word_1_40' title='bbox 94 550 186 581; x_wconf 88' lang='lat' dir='ltr'><strong>detur</strong></span> <span class='ocrx_word' id='word_1_41' title='bbox 200 551 285 591; x_wconf 86' lang='lat' dir='ltr'><strong>qnod</strong></span> <span class='ocrx_word' id='word_1_42' title='bbox 299 551 373 582; x_wconf 86' lang='lat' dir='ltr'><strong>talia</strong></span> <span class='ocrx_word' id='word_1_43' title='bbox 388 561 452 582; x_wconf 92' lang='lat' dir='ltr'><strong>non</strong></span> <span class='ocrx_word' id='word_1_44' title='bbox 466 552 529 582; x_wconf 85' lang='lat' dir='ltr'><strong>sint</strong></span> <span class='ocrx_word' id='word_1_45' title='bbox 544 552 714 583; x_wconf 82' lang='lat' dir='ltr'><strong>adoranda.</strong></span> 
     </span>
    </p>

    <p class='ocr_par' dir='ltr' id='par_1_3' title="bbox 90 604 870 905">
     <span class='ocr_line' id='line_1_8' title="bbox 133 604 870 645; baseline 0.003 -11"><span class='ocrx_word' id='word_1_46' title='bbox 133 605 162 634; x_wconf 84' lang='lat'><strong>6.</strong></span> <span class='ocrx_word' id='word_1_47' title='bbox 191 604 288 643; x_wconf 83' lang='lat' dir='ltr'><strong>Item,</strong></span> <span class='ocrx_word' id='word_1_48' title='bbox 313 614 387 635; x_wconf 86' lang='lat' dir='ltr'><strong>cum</strong></span> <span class='ocrx_word' id='word_1_49' title='bbox 414 605 599 645; x_wconf 87' lang='lat' dir='ltr'><strong>hujusmodi</strong></span> <span class='ocrx_word' id='word_1_50' title='bbox 628 605 786 644; x_wconf 80' lang='lat' dir='ltr'>imagines</span> <span class='ocrx_word' id='word_1_51' title='bbox 812 614 870 636; x_wconf 84' lang='lat' dir='ltr'><strong>nec</strong></span> 
     </span>
     <span class='ocr_line' id='line_1_9' title="bbox 92 656 868 697; baseline 0.004 -11"><span class='ocrx_word' id='word_1_52' title='bbox 92 665 148 696; x_wconf 90' lang='lat' dir='ltr'><strong>per</strong></span> <span class='ocrx_word' id='word_1_53' title='bbox 174 656 319 696; x_wconf 82' lang='lat' dir='ltr'><strong>Novum,</strong></span> <span class='ocrx_word' id='word_1_54' title='bbox 347 667 404 688; x_wconf 91' lang='lat' dir='ltr'><strong>nec</strong></span> <span class='ocrx_word' id='word_1_55' title='bbox 428 667 483 697; x_wconf 90' lang='lat' dir='ltr'><strong>per</strong></span> <span class='ocrx_word' id='word_1_56' title='bbox 507 658 603 689; x_wconf 87' lang='lat' dir='ltr'><strong>Vetus</strong></span> <span class='ocrx_word' id='word_1_57' title='bbox 630 658 868 689; x_wconf 79' lang='lat' dir='ltr'><strong>Testamentum</strong></span> 
     </span>
     <span class='ocr_line' id='line_1_10' title="bbox 91 713 867 752; baseline 0.004 -10"><span class='ocrx_word' id='word_1_58' title='bbox 91 713 319 752; x_wconf 82' lang='lat' dir='ltr'>approbentur,</span> <span class='ocrx_word' id='word_1_59' title='bbox 336 713 462 744; x_wconf 89' lang='lat' dir='ltr'><strong>videtur</strong></span> <span class='ocrx_word' id='word_1_60' title='bbox 476 713 560 752; x_wconf 86' lang='lat' dir='ltr'><strong>quod</strong></span> <span class='ocrx_word' id='word_1_61' title='bbox 577 723 690 744; x_wconf 80' lang='lat' dir='ltr'><strong>earum</strong></span> <span class='ocrx_word' id='word_1_62' title='bbox 705 714 867 745; x_wconf 87' lang='lat' dir='ltr'><strong>introduc-</strong></span> 
     </span>
     <span class='ocr_line' id='line_1_11' title="bbox 91 764 869 806; baseline 0.004 -11"><span class='ocrx_word' id='word_1_63' title='bbox 91 764 135 796; x_wconf 91' lang='lat' dir='ltr'><strong>tio</strong></span> <span class='ocrx_word' id='word_1_64' title='bbox 147 765 243 796; x_wconf 85' lang='lat' dir='ltr'><strong>fuerit</strong></span> <span class='ocrx_word' id='word_1_65' title='bbox 257 766 408 797; x_wconf 91' lang='lat' dir='ltr'><strong>novitatis</strong></span> <span class='ocrx_word' id='word_1_66' title='bbox 421 767 646 806; x_wconf 71' lang='lat' dir='ltr'><strong>praesumptio:</strong></span> <span class='ocrx_word' id='word_1_67' title='bbox 661 767 686 797; x_wconf 89' lang='lat' dir='ltr'><strong>si</strong></span> <span class='ocrx_word' id='word_1_68' title='bbox 702 776 780 806; x_wconf 80' lang='lat' dir='ltr'><strong>ergo</strong></span> <span class='ocrx_word' id='word_1_69' title='bbox 795 767 869 798; x_wconf 85' lang='lat' dir='ltr'><strong>talia</strong></span> 
     </span>
     <span class='ocr_line' id='line_1_12' title="bbox 91 821 868 862; baseline 0.004 -11"><span class='ocrx_word' id='word_1_70' title='bbox 91 822 166 851; x_wconf 88' lang='lat' dir='ltr'><strong>sunt</strong></span> <span class='ocrx_word' id='word_1_71' title='bbox 179 821 377 861; x_wconf 85' lang='lat' dir='ltr'><strong>extirpanda,</strong></span> <span class='ocrx_word' id='word_1_72' title='bbox 389 822 516 853; x_wconf 88' lang='lat' dir='ltr'><strong>videtur</strong></span> <span class='ocrx_word' id='word_1_73' title='bbox 526 823 612 862; x_wconf 90' lang='lat' dir='ltr'><strong>quod</strong></span> <span class='ocrx_word' id='word_1_74' title='bbox 627 822 700 853; x_wconf 83' lang='lat' dir='ltr'><strong>talia</strong></span> <span class='ocrx_word' id='word_1_75' title='bbox 715 832 780 854; x_wconf 91' lang='lat' dir='ltr'><strong>non</strong></span> <span class='ocrx_word' id='word_1_76' title='bbox 793 825 868 854; x_wconf 84' lang='lat' dir='ltr'><strong>sunt</strong></span> 
     </span>
     <span class='ocr_line' id='line_1_13' title="bbox 90 874 230 905; baseline 0.014 -2"><span class='ocrx_word' id='word_1_77' title='bbox 90 874 230 905; x_wconf 84' lang='lat' dir='ltr'><strong>colenda.</strong></span> 
     </span>
    </p>
   </div>
   <div class='ocr_carea' id='block_1_3' title="bbox 359 984 586 1017">
    <p class='ocr_par' dir='ltr' id='par_1_4' title="bbox 359 984 586 1017">
     <span class='ocr_line' id='line_1_14' title="bbox 359 984 586 1017; baseline 0.009 -2"><span class='ocrx_word' id='word_1_78' title='bbox 359 984 586 1017; x_wconf 85' lang='lat' dir='ltr'>GONCLUSIO.</span> 
     </span>
    </p>
   </div>
   <div class='ocr_carea' id='block_1_4' title="bbox 88 1066 866 1192">
    <p class='ocr_par' dir='ltr' id='par_1_5' title="bbox 88 1066 866 1192">
     <span class='ocr_line' id='line_1_15' title="bbox 88 1066 866 1105; baseline 0.008 -13"><span class='ocrx_word' id='word_1_79' title='bbox 88 1067 180 1100; x_wconf 65' lang='lat' dir='ltr'><strong>Imago</strong></span> <span class='ocrx_word' id='word_1_80' title='bbox 195 1066 297 1095; x_wconf 81' lang='lat' dir='ltr'><em>Christi</em></span> <span class='ocrx_word' id='word_1_81' title='bbox 310 1071 348 1096; x_wconf 79' lang='lat' dir='ltr'><strong>est</strong></span> <span class='ocrx_word' id='word_1_82' title='bbox 362 1069 452 1096; x_wconf 76' lang='lat' dir='ltr'><em>latrice</em></span> <span class='ocrx_word' id='word_1_83' title='bbox 464 1069 622 1096; x_wconf 75' lang='lat' dir='ltr'><strong>adoratione</strong></span> <span class='ocrx_word' id='word_1_84' title='bbox 635 1070 786 1105; x_wconf 77' lang='lat' dir='ltr'><strong>adoranda,</strong></span> <span class='ocrx_word' id='word_1_85' title='bbox 800 1073 866 1105; x_wconf 81' lang='lat' dir='ltr'><strong>quia</strong></span> 
     </span>
     <span class='ocr_line' id='line_1_16' title="bbox 124 1115 866 1149; baseline 0.005 -11"><span class='ocrx_word' id='word_1_86' title='bbox 124 1115 300 1146; x_wconf 63' lang='lat' dir='ltr'><strong>repraesentat</strong></span> <span class='ocrx_word' id='word_1_87' title='bbox 313 1121 371 1140; x_wconf 81' lang='lat' dir='ltr'><strong>eum</strong></span> <span class='ocrx_word' id='word_1_88' title='bbox 385 1115 433 1147; x_wconf 79' lang='lat' dir='ltr'><strong>qui</strong></span> <span class='ocrx_word' id='word_1_89' title='bbox 444 1122 494 1148; x_wconf 75' lang='lat' dir='ltr'><strong>pro</strong></span> <span class='ocrx_word' id='word_1_90' title='bbox 510 1115 587 1141; x_wconf 77' lang='lat' dir='ltr'><strong>nobis</strong></span> <span class='ocrx_word' id='word_1_91' title='bbox 602 1116 745 1149; x_wconf 59' lang='lat' dir='ltr'><strong>crucifixeris</strong></span> <span class='ocrx_word' id='word_1_92' title='bbox 765 1118 803 1143; x_wconf 76' lang='lat' dir='ltr'><strong>esc</strong></span> <span class='ocrx_word' id='word_1_93' title='bbox 813 1136 819 1148; x_wconf 93' lang='lat'><strong>,</strong></span> <span class='ocrx_word' id='word_1_94' title='bbox 840 1118 866 1143; x_wconf 80' lang='lat' dir='ltr'><strong>ct</strong></span> 
     </span>
     <span class='ocr_line' id='line_1_17' title="bbox 123 1158 489 1192; baseline 0.008 -10"><span class='ocrx_word' id='word_1_95' title='bbox 123 1163 172 1190; x_wconf 80' lang='lat' dir='ltr'><strong>pro</strong></span> <span class='ocrx_word' id='word_1_96' title='bbox 187 1164 214 1183; x_wconf 84' lang='lat' dir='ltr'><strong>eo</strong></span> <span class='ocrx_word' id='word_1_97' title='bbox 229 1164 281 1184; x_wconf 78' lang='lat' dir='ltr'><strong>sese</strong></span> <span class='ocrx_word' id='word_1_98' title='bbox 295 1158 373 1191; x_wconf 82' lang='lat' dir='ltr'><strong>offert</strong></span> <span class='ocrx_word' id='word_1_99' title='bbox 388 1159 489 1192; x_wconf 62' lang='lat' dir='ltr'><strong>imago.</strong></span> 
     </span>
    </p>
   </div>
   <div class='ocr_carea' id='block_1_5' title="bbox 74 1248 864 2567">
    <p class='ocr_par' dir='ltr' id='par_1_6' title="bbox 77 1248 864 2312">
     <span class='ocr_line' id='line_1_18' title="bbox 128 1248 864 1293; baseline 0.008 -14"><span class='ocrx_word' id='word_1_100' title='bbox 128 1248 271 1290; x_wconf 84' lang='lat' dir='ltr'><strong>Resp.ad</strong></span> <span class='ocrx_word' id='word_1_101' title='bbox 288 1260 358 1290; x_wconf 84' lang='lat' dir='ltr'><strong>arg.</strong></span> <span class='ocrx_word' id='word_1_102' title='bbox 382 1251 556 1282; x_wconf 83' lang='lat' dir='ltr'><strong>Dicendum</strong></span> <span class='ocrx_word' id='word_1_103' title='bbox 575 1253 659 1292; x_wconf 85' lang='lat' dir='ltr'><strong>quod</strong></span> <span class='ocrx_word' id='word_1_104' title='bbox 681 1253 864 1293; x_wconf 80' lang='lat' dir='ltr'><strong>imaginum</strong></span> 
     </span>
     <span class='ocr_line' id='line_1_19' title="bbox 88 1302 864 1347; baseline 0.008 -15"><span class='ocrx_word' id='word_1_105' title='bbox 88 1302 280 1335; x_wconf 72' lang='lat' dir='ltr'><strong>introductio</strong></span> <span class='ocrx_word' id='word_1_106' title='bbox 298 1304 332 1334; x_wconf 93' lang='lat' dir='ltr'><strong>in</strong></span> <span class='ocrx_word' id='word_1_107' title='bbox 353 1304 491 1336; x_wconf 79' lang='lat' dir='ltr'><strong>Ecclesia</strong></span> <span class='ocrx_word' id='word_1_108' title='bbox 510 1315 573 1336; x_wconf 93' lang='lat' dir='ltr'><strong>non</strong></span> <span class='ocrx_word' id='word_1_109' title='bbox 598 1306 657 1337; x_wconf 82' lang='lat' dir='ltr'><strong>fuit</strong></span> <span class='ocrx_word' id='word_1_110' title='bbox 673 1307 792 1347; x_wconf 82' lang='lat' dir='ltr'><strong>absque</strong></span> <span class='ocrx_word' id='word_1_111' title='bbox 812 1317 864 1338; x_wconf 87' lang='lat' dir='ltr'><strong>ra-</strong></span> 
     </span>
     <span class='ocr_line' id='line_1_20' title="bbox 87 1356 864 1392; baseline 0.009 -7"><span class='ocrx_word' id='word_1_112' title='bbox 87 1356 229 1386; x_wconf 86' lang='lat' dir='ltr'><strong>tionabili</strong></span> <span class='ocrx_word' id='word_1_113' title='bbox 257 1366 363 1388; x_wconf 89' lang='lat' dir='ltr'><strong>causa.</strong></span> <span class='ocrx_word' id='word_1_114' title='bbox 394 1358 585 1390; x_wconf 82' lang='lat' dir='ltr'><strong>Introductae</strong></span> <span class='ocrx_word' id='word_1_115' title='bbox 616 1361 702 1390; x_wconf 89' lang='lat' dir='ltr'><strong>enim</strong></span> <span class='ocrx_word' id='word_1_116' title='bbox 734 1361 864 1392; x_wconf 84' lang='lat' dir='ltr'><strong>fuerunt</strong></span> 
     </span>
     <span class='ocr_line' id='line_1_21' title="bbox 88 1410 863 1455; baseline 0.01 -17"><span class='ocrx_word' id='word_1_117' title='bbox 88 1411 215 1449; x_wconf 85' lang='lat' dir='ltr'><strong>propter</strong></span> <span class='ocrx_word' id='word_1_118' title='bbox 226 1410 383 1450; x_wconf 78' lang='lat' dir='ltr'><strong>triplicem</strong></span> <span class='ocrx_word' id='word_1_119' title='bbox 396 1421 526 1443; x_wconf 82' lang='lat' dir='ltr'><strong>causam</strong></span> <span class='ocrx_word' id='word_1_120' title='bbox 540 1416 563 1450; x_wconf 84' lang='lat'><strong>¹,</strong></span> <span class='ocrx_word' id='word_1_121' title='bbox 576 1413 720 1445; x_wconf 84' lang='lat' dir='ltr'><strong>videlicet</strong></span> <span class='ocrx_word' id='word_1_122' title='bbox 735 1418 863 1455; x_wconf 85' lang='lat' dir='ltr'><strong>propter</strong></span> 
     </span>
     <span class='ocr_line' id='line_1_22' title="bbox 86 1460 862 1506; baseline 0.012 -16"><span class='ocrx_word' id='word_1_123' title='bbox 86 1460 279 1501; x_wconf 83' lang='lat' dir='ltr'><strong>simplicium</strong></span> <span class='ocrx_word' id='word_1_124' title='bbox 310 1464 481 1495; x_wconf 84' lang='lat' dir='ltr'><strong>ruditatem</strong></span> <span class='ocrx_word' id='word_1_125' title='bbox 493 1489 501 1503; x_wconf 94' lang='lat'><strong>,</strong></span> <span class='ocrx_word' id='word_1_126' title='bbox 534 1468 662 1506; x_wconf 86' lang='lat' dir='ltr'><strong>propter</strong></span> <span class='ocrx_word' id='word_1_127' title='bbox 688 1467 862 1499; x_wconf 84' lang='lat' dir='ltr'><strong>affectuum</strong></span> 
     </span>
     <span class='ocr_line' id='line_1_23' title="bbox 86 1518 859 1561; baseline 0.009 -13"><span class='ocrx_word' id='word_1_128' title='bbox 86 1518 277 1558; x_wconf 83' lang='lat' dir='ltr'><strong>tarditatem,</strong></span> <span class='ocrx_word' id='word_1_129' title='bbox 294 1521 324 1550; x_wconf 87' lang='lat' dir='ltr'><strong>et</strong></span> <span class='ocrx_word' id='word_1_130' title='bbox 340 1522 468 1561; x_wconf 87' lang='lat' dir='ltr'><strong>propter</strong></span> <span class='ocrx_word' id='word_1_131' title='bbox 480 1522 644 1553; x_wconf 68' lang='lat' dir='ltr'><strong>memoriae</strong></span> <span class='ocrx_word' id='word_1_132' title='bbox 664 1523 859 1556; x_wconf 81' lang='lat' dir='ltr'><strong>labilitatem.</strong></span> 
     </span>
     <span class='ocr_line' id='line_1_24' title="bbox 87 1569 860 1615; baseline 0.009 -14"><span class='ocrx_word' id='word_1_133' title='bbox 87 1569 218 1611; x_wconf 88' lang='lat' dir='ltr'><strong>Propter</strong></span> <span class='ocrx_word' id='word_1_134' title='bbox 227 1572 421 1613; x_wconf 87' lang='lat' dir='ltr'><strong>simplicium</strong></span> <span class='ocrx_word' id='word_1_135' title='bbox 434 1575 605 1606; x_wconf 83' lang='lat' dir='ltr'><strong>ruditatem</strong></span> <span class='ocrx_word' id='word_1_136' title='bbox 621 1575 762 1607; x_wconf 84' lang='lat' dir='ltr'><strong>inventae</strong></span> <span class='ocrx_word' id='word_1_137' title='bbox 771 1580 860 1615; x_wconf 84' lang='lat' dir='ltr'><strong>sunt,</strong></span> 
     </span>
     <span class='ocr_line' id='line_1_25' title="bbox 86 1626 862 1671; baseline 0.009 -15"><span class='ocrx_word' id='word_1_138' title='bbox 86 1628 121 1657; x_wconf 93' lang='lat' dir='ltr'><strong>ut</strong></span> <span class='ocrx_word' id='word_1_139' title='bbox 136 1626 305 1667; x_wconf 87' lang='lat' dir='ltr'><strong>simplices,</strong></span> <span class='ocrx_word' id='word_1_140' title='bbox 318 1629 374 1669; x_wconf 87' lang='lat' dir='ltr'><strong>qui</strong></span> <span class='ocrx_word' id='word_1_141' title='bbox 389 1639 454 1660; x_wconf 92' lang='lat' dir='ltr'><strong>non</strong></span> <span class='ocrx_word' id='word_1_142' title='bbox 470 1633 601 1670; x_wconf 83' lang='lat' dir='ltr'><strong>possunt</strong></span> <span class='ocrx_word' id='word_1_143' title='bbox 616 1631 736 1671; x_wconf 84' lang='lat' dir='ltr'><strong>legere,</strong></span> <span class='ocrx_word' id='word_1_144' title='bbox 748 1632 782 1662; x_wconf 92' lang='lat' dir='ltr'><strong>in</strong></span> <span class='ocrx_word' id='word_1_145' title='bbox 800 1632 862 1663; x_wconf 92' lang='lat' dir='ltr'><strong>hu-</strong></span> 
     </span>
     <span class='ocr_line' id='line_1_26' title="bbox 80 1680 861 1725; baseline 0.009 -15"><span class='ocrx_word' id='word_1_146' title='bbox 80 1680 224 1719; x_wconf 84' lang='lat' dir='ltr'><strong>jusmodi</strong></span> <span class='ocrx_word' id='word_1_147' title='bbox 248 1682 419 1721; x_wconf 87' lang='lat' dir='ltr'><strong>sculpturis</strong></span> <span class='ocrx_word' id='word_1_148' title='bbox 436 1685 466 1714; x_wconf 82' lang='lat' dir='ltr'><strong>et</strong></span> <span class='ocrx_word' id='word_1_149' title='bbox 488 1684 638 1723; x_wconf 86' lang='lat' dir='ltr'><strong>picturis,</strong></span> <span class='ocrx_word' id='word_1_150' title='bbox 656 1687 809 1725; x_wconf 81' lang='lat' dir='ltr'><strong>tanquam</strong></span> <span class='ocrx_word' id='word_1_151' title='bbox 827 1687 861 1717; x_wconf 91' lang='lat' dir='ltr'><strong>in</strong></span> 
     </span>
     <span class='ocr_line' id='line_1_27' title="bbox 83 1734 861 1776; baseline 0.006 -12"><span class='ocrx_word' id='word_1_152' title='bbox 83 1734 258 1774; x_wconf 76' lang='lat' dir='ltr'><strong>sc1·IpturiS‚</strong></span> <span class='ocrx_word' id='word_1_153' title='bbox 277 1736 417 1775; x_wconf 86' lang='lat' dir='ltr'><strong>apertius</strong></span> <span class='ocrx_word' id='word_1_154' title='bbox 432 1737 553 1776; x_wconf 85' lang='lat' dir='ltr'><strong>possint</strong></span> <span class='ocrx_word' id='word_1_155' title='bbox 568 1740 766 1769; x_wconf 84' lang='lat' dir='ltr'><strong>sacramenta</strong></span> <span class='ocrx_word' id='word_1_156' title='bbox 786 1748 861 1769; x_wconf 91' lang='lat' dir='ltr'><strong>nos-</strong></span> 
     </span>
     <span class='ocr_line' id='line_1_28' title="bbox 82 1790 860 1832; baseline 0.008 -12"><span class='ocrx_word' id='word_1_157' title='bbox 82 1792 140 1821; x_wconf 85' lang='lat' dir='ltr'><strong>trae</strong></span> <span class='ocrx_word' id='word_1_158' title='bbox 156 1790 229 1821; x_wconf 86' lang='lat' dir='ltr'><strong>fidei</strong></span> <span class='ocrx_word' id='word_1_159' title='bbox 245 1791 361 1830; x_wconf 84' lang='lat' dir='ltr'><strong>legere.</strong></span> <span class='ocrx_word' id='word_1_160' title='bbox 379 1791 512 1832; x_wconf 81' lang='lat' dir='ltr'><strong>Propter</strong></span> <span class='ocrx_word' id='word_1_161' title='bbox 531 1793 662 1824; x_wconf 79' lang='lat' dir='ltr'><strong>affectus</strong></span> <span class='ocrx_word' id='word_1_162' title='bbox 681 1795 860 1826; x_wconf 77' lang='lat' dir='ltr'><strong>tarditatem</strong></span> 
     </span>
     <span class='ocr_line' id='line_1_29' title="bbox 82 1843 860 1883; baseline 0.008 -10"><span class='ocrx_word' id='word_1_163' title='bbox 82 1843 225 1875; x_wconf 87' lang='lat' dir='ltr'><strong>similiter</strong></span> <span class='ocrx_word' id='word_1_164' title='bbox 239 1844 426 1876; x_wconf 74' lang='lat' dir='ltr'><strong>introductae</strong></span> <span class='ocrx_word' id='word_1_165' title='bbox 439 1848 525 1883; x_wconf 86' lang='lat' dir='ltr'><strong>sunt,</strong></span> <span class='ocrx_word' id='word_1_166' title='bbox 543 1847 690 1878; x_wconf 84' lang='lat' dir='ltr'><strong>videlicet</strong></span> <span class='ocrx_word' id='word_1_167' title='bbox 705 1850 739 1878; x_wconf 91' lang='lat' dir='ltr'><strong>ut</strong></span> <span class='ocrx_word' id='word_1_168' title='bbox 753 1849 860 1879; x_wconf 88' lang='lat' dir='ltr'><strong>homi-</strong></span> 
     </span>
     <span class='ocr_line' id='line_1_30' title="bbox 82 1897 859 1937; baseline 0.009 -11"><span class='ocrx_word' id='word_1_169' title='bbox 82 1905 154 1934; x_wconf 87' lang='lat' dir='ltr'><strong>nes,</strong></span> <span class='ocrx_word' id='word_1_170' title='bbox 179 1897 234 1937; x_wconf 87' lang='lat' dir='ltr'><strong>qui</strong></span> <span class='ocrx_word' id='word_1_171' title='bbox 255 1907 321 1929; x_wconf 91' lang='lat' dir='ltr'><strong>non</strong></span> <span class='ocrx_word' id='word_1_172' title='bbox 344 1899 525 1930; x_wconf 77' lang='lat' dir='ltr'><strong>excitantur</strong></span> <span class='ocrx_word' id='word_1_173' title='bbox 549 1900 589 1931; x_wconf 87' lang='lat' dir='ltr'><strong>ad</strong></span> <span class='ocrx_word' id='word_1_174' title='bbox 609 1901 811 1933; x_wconf 86' lang='lat' dir='ltr'><strong>devotionem</strong></span> <span class='ocrx_word' id='word_1_175' title='bbox 825 1904 859 1934; x_wconf 89' lang='lat' dir='ltr'><strong>in</strong></span> 
     </span>
     <span class='ocr_line' id='line_1_31' title="bbox 81 1950 860 1993; baseline 0.009 -13"><span class='ocrx_word' id='word_1_176' title='bbox 81 1950 141 1988; x_wconf 86' lang='grc'>1115,</span> <span class='ocrx_word' id='word_1_177' title='bbox 158 1960 231 1990; x_wconf 82' lang='lat' dir='ltr'><strong>quae</strong></span> <span class='ocrx_word' id='word_1_178' title='bbox 248 1960 305 1991; x_wconf 88' lang='lat' dir='ltr'><strong>pro</strong></span> <span class='ocrx_word' id='word_1_179' title='bbox 320 1952 412 1982; x_wconf 85' lang='lat' dir='ltr'><strong>nohis</strong></span> <span class='ocrx_word' id='word_1_180' title='bbox 428 1952 571 1984; x_wconf 89' lang='lat' dir='ltr'><strong>Christus</strong></span> <span class='ocrx_word' id='word_1_181' title='bbox 586 1955 694 1993; x_wconf 84' lang='lat' dir='ltr'><strong>gessit,</strong></span> <span class='ocrx_word' id='word_1_182' title='bbox 712 1955 790 1986; x_wconf 90' lang='lat' dir='ltr'><strong>dum</strong></span> <span class='ocrx_word' id='word_1_183' title='bbox 807 1957 860 1988; x_wconf 90' lang='lat' dir='ltr'><strong>illa</strong></span> 
     </span>
     <span class='ocr_line' id='line_1_32' title="bbox 81 2005 858 2046; baseline 0.008 -12"><span class='ocrx_word' id='word_1_184' title='bbox 81 2013 156 2034; x_wconf 83' lang='lat' dir='ltr'><strong>aure</strong></span> <span class='ocrx_word' id='word_1_185' title='bbox 182 2005 380 2045; x_wconf 88' lang='lat' dir='ltr'><strong>percipiunt,</strong></span> <span class='ocrx_word' id='word_1_186' title='bbox 406 2006 518 2037; x_wconf 86' lang='lat' dir='ltr'><strong>saltem</strong></span> <span class='ocrx_word' id='word_1_187' title='bbox 552 2008 749 2046; x_wconf 77' lang='lat' dir='ltr'><strong>excitentur,</strong></span> <span class='ocrx_word' id='word_1_188' title='bbox 780 2010 858 2041; x_wconf 91' lang='lat' dir='ltr'><strong>dum</strong></span> 
     </span>
     <span class='ocr_line' id='line_1_33' title="bbox 80 2058 858 2102; baseline 0.008 -14"><span class='ocrx_word' id='word_1_189' title='bbox 80 2058 190 2088; x_wconf 83' lang='lat' dir='ltr'><strong>cadem</strong></span> <span class='ocrx_word' id='word_1_190' title='bbox 214 2058 248 2088; x_wconf 89' lang='lat' dir='ltr'><strong>in</strong></span> <span class='ocrx_word' id='word_1_191' title='bbox 278 2059 448 2098; x_wconf 89' lang='lat' dir='ltr'><strong>sculpturis</strong></span> <span class='ocrx_word' id='word_1_192' title='bbox 472 2062 502 2090; x_wconf 88' lang='lat' dir='ltr'><strong>et</strong></span> <span class='ocrx_word' id='word_1_193' title='bbox 529 2061 675 2100; x_wconf 85' lang='lat' dir='ltr'><strong>picturis,</strong></span> <span class='ocrx_word' id='word_1_194' title='bbox 704 2064 858 2102; x_wconf 84' lang='lat' dir='ltr'><strong>tanquam</strong></span> 
     </span>
     <span class='ocr_line' id='line_1_34' title="bbox 80 2111 857 2153; baseline 0.008 -12"><span class='ocrx_word' id='word_1_195' title='bbox 80 2111 268 2151; x_wconf 84' lang='lat' dir='ltr'><strong>praesentia,</strong></span> <span class='ocrx_word' id='word_1_196' title='bbox 293 2112 393 2142; x_wconf 89' lang='lat' dir='ltr'><strong>oculis</strong></span> <span class='ocrx_word' id='word_1_197' title='bbox 418 2114 577 2153; x_wconf 87' lang='lat' dir='ltr'><strong>corporeis</strong></span> <span class='ocrx_word' id='word_1_198' title='bbox 607 2117 752 2146; x_wconf 83' lang='lat' dir='ltr'><strong>cernunt.</strong></span> <span class='ocrx_word' id='word_1_199' title='bbox 784 2115 857 2147; x_wconf 88' lang='lat' dir='ltr'><strong>Plus</strong></span> 
     </span>
     <span class='ocr_line' id='line_1_35' title="bbox 78 2164 855 2209; baseline 0.009 -15"><span class='ocrx_word' id='word_1_200' title='bbox 78 2165 165 2195; x_wconf 85' lang='lat' dir='ltr'><strong>enim</strong></span> <span class='ocrx_word' id='word_1_201' title='bbox 184 2164 340 2196; x_wconf 77' lang='lat' dir='ltr'><strong>excitatur</strong></span> <span class='ocrx_word' id='word_1_202' title='bbox 361 2166 492 2197; x_wconf 82' lang='lat' dir='ltr'><strong>affectus</strong></span> <span class='ocrx_word' id='word_1_203' title='bbox 515 2169 622 2198; x_wconf 87' lang='lat' dir='ltr'><strong>noster</strong></span> <span class='ocrx_word' id='word_1_204' title='bbox 646 2178 702 2207; x_wconf 85' lang='lat' dir='ltr'><strong>per</strong></span> <span class='ocrx_word' id='word_1_205' title='bbox 723 2178 760 2200; x_wconf 86' lang='lat' dir='ltr'><strong>ea</strong></span> <span class='ocrx_word' id='word_1_206' title='bbox 782 2179 855 2209; x_wconf 72' lang='lat' dir='ltr'><strong>quae</strong></span> 
     </span>
     <span class='ocr_line' id='line_1_36' title="bbox 77 2218 857 2259; baseline 0.008 -11"><span class='ocrx_word' id='word_1_207' title='bbox 77 2218 173 2256; x_wconf 88' lang='lat' dir='ltr'><strong>videt,</strong></span> <span class='ocrx_word' id='word_1_208' title='bbox 197 2227 294 2258; x_wconf 78' lang='lat' dir='ltr'><strong>quam</strong></span> <span class='ocrx_word' id='word_1_209' title='bbox 312 2228 367 2258; x_wconf 88' lang='lat' dir='ltr'><strong>per</strong></span> <span class='ocrx_word' id='word_1_210' title='bbox 381 2228 418 2250; x_wconf 85' lang='lat' dir='ltr'><strong>ea</strong></span> <span class='ocrx_word' id='word_1_211' title='bbox 433 2229 506 2259; x_wconf 82' lang='grc' dir='ltr'>(111εο</span> <span class='ocrx_word' id='word_1_212' title='bbox 523 2221 622 2251; x_wconf 89' lang='lat' dir='ltr'><strong>audit.</strong></span> <span class='ocrx_word' id='word_1_213' title='bbox 651 2221 739 2253; x_wconf 85' lang='lat' dir='ltr'><strong>Unde</strong></span> <span class='ocrx_word' id='word_1_214' title='bbox 755 2223 857 2254; x_wconf 80' lang='lat' dir='ltr'><strong>Hora-</strong></span> 
     </span>
     <span class='ocr_line' id='line_1_37' title="bbox 77 2271 486 2312; baseline 0.002 -10"><span class='ocrx_word' id='word_1_215' title='bbox 77 2271 153 2310; x_wconf 83' lang='lat' dir='ltr'><strong>tius,</strong></span> <span class='ocrx_word' id='word_1_216' title='bbox 167 2271 206 2303; x_wconf 84' lang='lat' dir='ltr'><strong>de</strong></span> <span class='ocrx_word' id='word_1_217' title='bbox 220 2272 295 2304; x_wconf 79' lang='lat' dir='ltr'><strong>Arte</strong></span> <span class='ocrx_word' id='word_1_218' title='bbox 308 2273 433 2312; x_wconf 73' lang='lat' dir='ltr'><strong>poetica</strong></span> <span class='ocrx_word' id='word_1_219' title='bbox 447 2274 457 2289; x_wconf 81' lang='lat'><strong>²</strong></span> <span class='ocrx_word' id='word_1_220' title='bbox 475 2284 486 2303; x_wconf 91' lang='lat'><strong>.-</strong></span> 
     </span>
    </p>

    <p class='ocr_par' dir='ltr' id='par_1_7' title="bbox 137 2344 822 2448">
     <span class='ocr_line' id='line_1_38' title="bbox 138 2344 767 2380; baseline 0.008 -12"><span class='ocrx_word' id='word_1_221' title='bbox 138 2344 248 2376; x_wconf 71' lang='lat' dir='ltr'><strong>segnius</strong></span> <span class='ocrx_word' id='word_1_222' title='bbox 260 2345 360 2370; x_wconf 86' lang='lat' dir='ltr'><strong>irritant</strong></span> <span class='ocrx_word' id='word_1_223' title='bbox 375 2345 474 2370; x_wconf 86' lang='lat' dir='ltr'><strong>animos</strong></span> <span class='ocrx_word' id='word_1_224' title='bbox 487 2347 598 2371; x_wconf 86' lang='lat' dir='ltr'><strong>demissa</strong></span> <span class='ocrx_word' id='word_1_225' title='bbox 610 2355 656 2379; x_wconf 84' lang='lat' dir='ltr'><strong>per</strong></span> <span class='ocrx_word' id='word_1_226' title='bbox 669 2356 767 2380; x_wconf 82' lang='lat' dir='ltr'><strong>aurem,</strong></span> 
     </span>
     <span class='ocr_line' id='line_1_39' title="bbox 137 2381 822 2416; baseline 0.007 -12"><span class='ocrx_word' id='word_1_227' title='bbox 137 2381 219 2409; x_wconf 79' lang='lat' dir='ltr'><strong>Quam</strong></span> <span class='ocrx_word' id='word_1_228' title='bbox 230 2388 287 2412; x_wconf 82' lang='lat' dir='ltr'><strong>quae</strong></span> <span class='ocrx_word' id='word_1_229' title='bbox 298 2383 358 2405; x_wconf 84' lang='lat' dir='ltr'><strong>sunt</strong></span> <span class='ocrx_word' id='word_1_230' title='bbox 370 2381 450 2406; x_wconf 81' lang='lat' dir='ltr'><strong>oculis</strong></span> <span class='ocrx_word' id='word_1_231' title='bbox 461 2382 577 2414; x_wconf 78' lang='lat' dir='ltr'><strong>subjecta</strong></span> <span class='ocrx_word' id='word_1_232' title='bbox 588 2383 713 2415; x_wconf 83' lang='lat' dir='ltr'><strong>fidelibus,</strong></span> <span class='ocrx_word' id='word_1_233' title='bbox 728 2387 753 2409; x_wconf 85' lang='lat' dir='ltr'><strong>et</strong></span> <span class='ocrx_word' id='word_1_234' title='bbox 765 2392 822 2416; x_wconf 80' lang='lat' dir='ltr'><strong>quae</strong></span> 
     </span>
     <span class='ocr_line' id='line_1_40' title="bbox 139 2416 559 2448; baseline 0.005 -8"><span class='ocrx_word' id='word_1_235' title='bbox 139 2417 195 2448; x_wconf 85' lang='lat' dir='ltr'><strong>lpse</strong></span> <span class='ocrx_word' id='word_1_236' title='bbox 210 2416 258 2441; x_wconf 87' lang='lat' dir='ltr'><strong>sibi</strong></span> <span class='ocrx_word' id='word_1_237' title='bbox 270 2417 346 2441; x_wconf 85' lang='lat' dir='ltr'><strong>tradit</strong></span> <span class='ocrx_word' id='word_1_238' title='bbox 358 2419 495 2448; x_wconf 84' lang='lat' dir='ltr'><strong>spectator,</strong></span> <span class='ocrx_word' id='word_1_239' title='bbox 511 2420 559 2442; x_wconf 80' lang='lat' dir='ltr'><strong>etc.</strong></span> 
     </span>
    </p>

    <p class='ocr_par' dir='ltr' id='par_1_8' title="bbox 74 2474 853 2567">
     <span class='ocr_line' id='line_1_41' title="bbox 114 2474 850 2519; baseline 0.01 -15"><span class='ocrx_word' id='word_1_240' title='bbox 114 2474 245 2515; x_wconf 87' lang='lat' dir='ltr'><strong>Propter</strong></span> <span class='ocrx_word' id='word_1_241' title='bbox 256 2475 420 2507; x_wconf 72' lang='lat' dir='ltr'><strong>memoriae</strong></span> <span class='ocrx_word' id='word_1_242' title='bbox 432 2476 629 2516; x_wconf 76' lang='lat' dir='ltr'><strong>labilitatem,</strong></span> <span class='ocrx_word' id='word_1_243' title='bbox 643 2478 718 2518; x_wconf 82' lang='lat' dir='ltr'><strong>quia</strong></span> <span class='ocrx_word' id='word_1_244' title='bbox 730 2488 767 2510; x_wconf 87' lang='lat' dir='ltr'><strong>ea</strong></span> <span class='ocrx_word' id='word_1_245' title='bbox 777 2489 850 2519; x_wconf 79' lang='lat' dir='ltr'><strong>quae</strong></span> 
     </span>
     <span class='ocr_line' id='line_1_42' title="bbox 74 2527 853 2567; baseline 0.009 -10"><span class='ocrx_word' id='word_1_246' title='bbox 74 2527 247 2559; x_wconf 86' lang='lat' dir='ltr'><strong>audiuntur</strong></span> <span class='ocrx_word' id='word_1_247' title='bbox 271 2529 391 2567; x_wconf 90' lang='lat' dir='ltr'><strong>solum,</strong></span> <span class='ocrx_word' id='word_1_248' title='bbox 418 2530 541 2561; x_wconf 86' lang='lat' dir='ltr'><strong>facilius</strong></span> <span class='ocrx_word' id='word_1_249' title='bbox 569 2531 740 2563; x_wconf 89' lang='lat' dir='ltr'><strong>traduntur</strong></span> <span class='ocrx_word' id='word_1_250' title='bbox 768 2534 853 2564; x_wconf 83' lang='lat' dir='ltr'><strong>obli-</strong></span> 
     </span>
    </p>
   </div>
   <div class='ocr_carea' id='block_1_6' title="bbox 72 2621 852 2695">
    <p class='ocr_par' dir='ltr' id='par_1_9' title="bbox 72 2621 852 2695">
     <span class='ocr_line' id='line_1_43' title="bbox 106 2621 852 2659; baseline 0.011 -14"><span class='ocrx_word' id='word_1_251' title='bbox 106 2621 237 2646; x_wconf 84' lang='lat' dir='ltr'><strong>¹Habetur</strong></span> <span class='ocrx_word' id='word_1_252' title='bbox 251 2622 278 2646; x_wconf 89' lang='lat' dir='ltr'><strong>in</strong></span> <span class='ocrx_word' id='word_1_253' title='bbox 292 2623 370 2647; x_wconf 84' lang='lat' dir='ltr'><strong>Cone.</strong></span> <span class='ocrx_word' id='word_1_254' title='bbox 384 2623 464 2654; x_wconf 58' lang='lat' dir='ltr'><strong>Tria,</strong></span> <span class='ocrx_word' id='word_1_255' title='bbox 479 2631 542 2649; x_wconf 77' lang='lat' dir='ltr'><strong>sess.</strong></span> <span class='ocrx_word' id='word_1_256' title='bbox 557 2631 617 2656; x_wconf 74' lang='lat' dir='ltr'><strong>xxv,</strong></span> <span class='ocrx_word' id='word_1_257' title='bbox 635 2633 658 2650; x_wconf 92' lang='lat' dir='ltr'><strong>c.</strong></span> <span class='ocrx_word' id='word_1_258' title='bbox 669 2628 796 2659; x_wconf 62' lang='lat' dir='ltr'><strong>Mandat„</strong></span> <span class='ocrx_word' id='word_1_259' title='bbox 807 2629 852 2654; x_wconf 84' lang='lat' dir='ltr'><strong>ubi</strong></span> 
     </span>
     <span class='ocr_line' id='line_1_44' title="bbox 72 2657 848 2695; baseline 0.01 -14"><span class='ocrx_word' id='word_1_260' title='bbox 72 2657 230 2688; x_wconf 80' lang='lat' dir='ltr'><strong>explicantur</strong></span> <span class='ocrx_word' id='word_1_261' title='bbox 238 2658 277 2682; x_wconf 78' lang='lat' dir='ltr'><strong>hae</strong></span> <span class='ocrx_word' id='word_1_262' title='bbox 288 2660 338 2682; x_wconf 86' lang='lat' dir='ltr'><strong>tres</strong></span> <span class='ocrx_word' id='word_1_263' title='bbox 353 2658 472 2684; x_wconf 79' lang='lat' dir='ltr'><strong>rationes.</strong></span> <span class='ocrx_word' id='word_1_264' title='bbox 484 2673 514 2678; x_wconf 90' lang='lat'><em>—</em></span> <span class='ocrx_word' id='word_1_265' title='bbox 526 2661 536 2677; x_wconf 77' lang='lat'>²</span> <span class='ocrx_word' id='word_1_266' title='bbox 549 2662 649 2691; x_wconf 74' lang='lat' dir='ltr'><strong>Horat„</strong></span> <span class='ocrx_word' id='word_1_267' title='bbox 663 2663 692 2686; x_wconf 79' lang='lat' dir='ltr'><strong>de</strong></span> <span class='ocrx_word' id='word_1_268' title='bbox 706 2664 769 2688; x_wconf 76' lang='lat' dir='ltr'><strong>Arte</strong></span> <span class='ocrx_word' id='word_1_269' title='bbox 782 2666 848 2695; x_wconf 80' lang='lat' dir='ltr'><strong>poet.</strong></span> 
     </span>
    </p>
   </div>
   <div class='ocr_carea' id='block_1_7' title="bbox 102 2704 850 2743">
    <p class='ocr_par' dir='ltr' id='par_1_10' title="bbox 102 2704 850 2743">
     <span class='ocr_line' id='line_1_45' title="bbox 102 2704 850 2743; baseline 0.013 -16"><span class='ocrx_word' id='word_1_270' title='bbox 102 2704 138 2736; x_wconf 86' lang='grc' dir='ltr'><strong>(α)</strong></span> <span class='ocrx_word' id='word_1_271' title='bbox 149 2704 215 2729; x_wconf 62' lang='lat' dir='ltr'><strong>Edit.</strong></span> <span class='ocrx_word' id='word_1_272' title='bbox 226 2704 362 2737; x_wconf 70' lang='lat' dir='ltr'><strong>Benedict„</strong></span> <span class='ocrx_word' id='word_1_273' title='bbox 375 2706 515 2738; x_wconf 83' lang='lat' dir='ltr'><strong>utite.—(b)</strong></span> <span class='ocrx_word' id='word_1_274' title='bbox 530 2709 678 2741; x_wconf 71' lang='lat' dir='ltr'><strong>quus.—(c)</strong></span> <span class='ocrx_word' id='word_1_275' title='bbox 693 2711 779 2742; x_wconf 79' lang='lat' dir='ltr'><strong>potius</strong></span> <span class='ocrx_word' id='word_1_276' title='bbox 790 2719 850 2743; x_wconf 89' lang='lat' dir='ltr'><strong>quo.</strong></span> 
     </span>
    </p>
   </div>
   <div class='ocr_carea' id='block_1_8' title="bbox 1647 223 1705 252">
    <p class='ocr_par' dir='ltr' id='par_1_11' title="bbox 1647 223 1705 252">
     <span class='ocr_line' id='line_1_46' title="bbox 1647 223 1705 252; baseline -0.017 0"><span class='ocrx_word' id='word_1_277' title='bbox 1647 223 1705 252; x_wconf 70' lang='lat'><strong>203</strong></span> 
     </span>
    </p>
   </div>
   <div class='ocr_carea' id='block_1_9' title="bbox 910 283 1706 2578">
    <p class='ocr_par' dir='ltr' id='par_1_12' title="bbox 919 283 1706 1552">
     <span class='ocr_line' id='line_1_47' title="bbox 930 283 1706 328; baseline 0.008 -15"><span class='ocrx_word' id='word_1_278' title='bbox 930 283 1036 321; x_wconf 88' lang='lat' dir='ltr'><strong>vioni‚</strong></span> <span class='ocrx_word' id='word_1_279' title='bbox 1060 293 1157 324; x_wconf 87' lang='lat' dir='ltr'><strong>quam</strong></span> <span class='ocrx_word' id='word_1_280' title='bbox 1180 294 1217 316; x_wconf 82' lang='lat' dir='ltr'><strong>ea</strong></span> <span class='ocrx_word' id='word_1_281' title='bbox 1233 294 1306 325; x_wconf 83' lang='lat' dir='ltr'><strong>quae</strong></span> <span class='ocrx_word' id='word_1_282' title='bbox 1326 287 1487 319; x_wconf 87' lang='lat' dir='ltr'><strong>videntur.</strong></span> <span class='ocrx_word' id='word_1_283' title='bbox 1511 288 1706 328; x_wconf 82' lang='lat' dir='ltr'><strong>Frequenter</strong></span> 
     </span>
     <span class='ocr_line' id='line_1_48' title="bbox 929 337 1702 382; baseline 0.006 -16"><span class='ocrx_word' id='word_1_284' title='bbox 929 337 1016 368; x_wconf 89' lang='lat' dir='ltr'><strong>enim</strong></span> <span class='ocrx_word' id='word_1_285' title='bbox 1032 338 1213 369; x_wconf 86' lang='lat' dir='ltr'><strong>verificatur</strong></span> <span class='ocrx_word' id='word_1_286' title='bbox 1227 339 1259 370; x_wconf 92' lang='lat' dir='ltr'><strong>in</strong></span> <span class='ocrx_word' id='word_1_287' title='bbox 1284 340 1393 371; x_wconf 89' lang='lat' dir='ltr'><strong>multis</strong></span> <span class='ocrx_word' id='word_1_288' title='bbox 1413 341 1490 373; x_wconf 89' lang='lat' dir='ltr'><strong>illud</strong></span> <span class='ocrx_word' id='word_1_289' title='bbox 1501 367 1509 381; x_wconf 93' lang='lat'><strong>,</strong></span> <span class='ocrx_word' id='word_1_290' title='bbox 1526 342 1611 382; x_wconf 77' lang='lat' dir='ltr'><strong>quod</strong></span> <span class='ocrx_word' id='word_1_291' title='bbox 1627 351 1702 371; x_wconf 82' lang='lat' dir='ltr'><strong>con-</strong></span> 
     </span>
     <span class='ocr_line' id='line_1_49' title="bbox 929 390 1705 435; baseline 0.009 -16"><span class='ocrx_word' id='word_1_292' title='bbox 929 390 1033 421; x_wconf 88' lang='lat' dir='ltr'><strong>suevit</strong></span> <span class='ocrx_word' id='word_1_293' title='bbox 1059 391 1119 421; x_wconf 89' lang='lat' dir='ltr'><strong>dici</strong></span> <span class='ocrx_word' id='word_1_294' title='bbox 1143 392 1308 423; x_wconf 85' lang='lat' dir='ltr'><strong>:Verbum</strong></span> <span class='ocrx_word' id='word_1_295' title='bbox 1330 393 1427 425; x_wconf 89' lang='lat' dir='ltr'><strong>intrat</strong></span> <span class='ocrx_word' id='word_1_296' title='bbox 1447 404 1502 435; x_wconf 81' lang='lat' dir='ltr'><strong>per</strong></span> <span class='ocrx_word' id='word_1_297' title='bbox 1526 404 1626 425; x_wconf 85' lang='lat' dir='ltr'><strong>unam</strong></span> <span class='ocrx_word' id='word_1_298' title='bbox 1649 405 1705 425; x_wconf 83' lang='lat' dir='ltr'><strong>au-</strong></span> 
     </span>
     <span class='ocr_line' id='line_1_50' title="bbox 928 445 1705 489; baseline 0.009 -16"><span class='ocrx_word' id='word_1_299' title='bbox 928 451 1008 481; x_wconf 87' lang='lat' dir='ltr'><strong>rem,</strong></span> <span class='ocrx_word' id='word_1_300' title='bbox 1023 446 1053 474; x_wconf 86' lang='lat' dir='ltr'><strong>et</strong></span> <span class='ocrx_word' id='word_1_301' title='bbox 1063 445 1129 475; x_wconf 84' lang='lat' dir='ltr'><strong>exit</strong></span> <span class='ocrx_word' id='word_1_302' title='bbox 1144 455 1199 485; x_wconf 84' lang='lat' dir='ltr'><strong>per</strong></span> <span class='ocrx_word' id='word_1_303' title='bbox 1210 446 1316 477; x_wconf 80' lang='lat' dir='ltr'><strong>aliam.</strong></span> <span class='ocrx_word' id='word_1_304' title='bbox 1332 447 1489 479; x_wconf 83' lang='lat' dir='ltr'><strong>Praeterea</strong></span> <span class='ocrx_word' id='word_1_305' title='bbox 1500 458 1563 479; x_wconf 89' lang='lat' dir='ltr'><strong>non</strong></span> <span class='ocrx_word' id='word_1_306' title='bbox 1581 458 1705 489; x_wconf 86' lang='lat' dir='ltr'><strong>semper</strong></span> 
     </span>
     <span class='ocr_line' id='line_1_51' title="bbox 927 499 1704 542; baseline 0.009 -16"><span class='ocrx_word' id='word_1_307' title='bbox 927 499 973 527; x_wconf 86' lang='lat' dir='ltr'><strong>est</strong></span> <span class='ocrx_word' id='word_1_308' title='bbox 993 500 1108 536; x_wconf 83' lang='lat' dir='ltr'><strong>praesto</strong></span> <span class='ocrx_word' id='word_1_309' title='bbox 1133 499 1187 538; x_wconf 90' lang='lat' dir='ltr'><strong>qui</strong></span> <span class='ocrx_word' id='word_1_310' title='bbox 1213 500 1367 531; x_wconf 81' lang='lat' dir='ltr'><strong>beneficia</strong></span> <span class='ocrx_word' id='word_1_311' title='bbox 1391 502 1483 532; x_wconf 87' lang='lat' dir='ltr'><strong>nobis</strong></span> <span class='ocrx_word' id='word_1_312' title='bbox 1505 503 1642 542; x_wconf 79' lang='lat' dir='ltr'><strong>praestita</strong></span> <span class='ocrx_word' id='word_1_313' title='bbox 1666 503 1704 533; x_wconf 88' lang='lat' dir='ltr'><strong>ad</strong></span> 
     </span>
     <span class='ocr_line' id='line_1_52' title="bbox 931 551 1706 595; baseline 0.01 -16"><span class='ocrx_word' id='word_1_314' title='bbox 931 551 1121 581; x_wconf 84' lang='lat' dir='ltr'><strong>memoriam</strong></span> <span class='ocrx_word' id='word_1_315' title='bbox 1138 552 1267 583; x_wconf 83' lang='lat' dir='ltr'><strong>reducat</strong></span> <span class='ocrx_word' id='word_1_316' title='bbox 1282 563 1338 593; x_wconf 82' lang='lat' dir='ltr'><strong>per</strong></span> <span class='ocrx_word' id='word_1_317' title='bbox 1353 555 1461 586; x_wconf 86' lang='lat' dir='ltr'><strong>verba.</strong></span> <span class='ocrx_word' id='word_1_318' title='bbox 1486 556 1557 586; x_wconf 82' lang='lat' dir='ltr'><strong>Ideo</strong></span> <span class='ocrx_word' id='word_1_319' title='bbox 1578 556 1706 595; x_wconf 85' lang='lat' dir='ltr'><strong>dispen-</strong></span> 
     </span>
     <span class='ocr_line' id='line_1_53' title="bbox 927 604 1706 648; baseline 0.009 -15"><span class='ocrx_word' id='word_1_320' title='bbox 927 604 1049 635; x_wconf 81' lang='lat' dir='ltr'><strong>satione</strong></span> <span class='ocrx_word' id='word_1_321' title='bbox 1068 604 1119 635; x_wconf 87' lang='lat' dir='ltr'><strong>Dei</strong></span> <span class='ocrx_word' id='word_1_322' title='bbox 1135 605 1253 636; x_wconf 85' lang='lat' dir='ltr'><strong>factum</strong></span> <span class='ocrx_word' id='word_1_323' title='bbox 1276 610 1338 644; x_wconf 90' lang='lat' dir='ltr'><strong>est,</strong></span> <span class='ocrx_word' id='word_1_324' title='bbox 1359 611 1395 638; x_wconf 90' lang='lat' dir='ltr'><strong>ut</strong></span> <span class='ocrx_word' id='word_1_325' title='bbox 1415 609 1572 648; x_wconf 78' lang='lat' dir='ltr'><strong>imagines</strong></span> <span class='ocrx_word' id='word_1_326' title='bbox 1593 610 1706 640; x_wconf 85' lang='lat' dir='ltr'><strong>fierent</strong></span> 
     </span>
     <span class='ocr_line' id='line_1_54' title="bbox 927 658 1704 698; baseline 0.01 -11"><span class='ocrx_word' id='word_1_327' title='bbox 927 658 1089 697; x_wconf 73' lang='lat' dir='ltr'><strong>praecipue</strong></span> <span class='ocrx_word' id='word_1_328' title='bbox 1104 658 1137 688; x_wconf 92' lang='lat' dir='ltr'><strong>in</strong></span> <span class='ocrx_word' id='word_1_329' title='bbox 1153 659 1301 698; x_wconf 87' lang='lat' dir='ltr'><strong>ecclesiis,</strong></span> <span class='ocrx_word' id='word_1_330' title='bbox 1316 663 1352 691; x_wconf 89' lang='lat' dir='ltr'><strong>ut</strong></span> <span class='ocrx_word' id='word_1_331' title='bbox 1372 662 1514 693; x_wconf 87' lang='lat' dir='ltr'><strong>videntes</strong></span> <span class='ocrx_word' id='word_1_332' title='bbox 1530 673 1582 693; x_wconf 82' lang='lat' dir='ltr'><strong>eas</strong></span> <span class='ocrx_word' id='word_1_333' title='bbox 1597 673 1704 695; x_wconf 83' lang='lat' dir='ltr'><strong>recor-</strong></span> 
     </span>
     <span class='ocr_line' id='line_1_55' title="bbox 926 709 1704 756; baseline 0.012 -16"><span class='ocrx_word' id='word_1_334' title='bbox 926 709 1040 741; x_wconf 86' lang='lat' dir='ltr'><strong>demur</strong></span> <span class='ocrx_word' id='word_1_335' title='bbox 1054 711 1092 742; x_wconf 91' lang='lat' dir='ltr'><strong>de</strong></span> <span class='ocrx_word' id='word_1_336' title='bbox 1114 712 1276 744; x_wconf 78' lang='lat' dir='ltr'><strong>beneficiis</strong></span> <span class='ocrx_word' id='word_1_337' title='bbox 1290 714 1381 745; x_wconf 89' lang='lat' dir='ltr'><strong>nobis</strong></span> <span class='ocrx_word' id='word_1_338' title='bbox 1404 716 1556 756; x_wconf 88' lang='lat' dir='ltr'><strong>impensis</strong></span> <span class='ocrx_word' id='word_1_339' title='bbox 1571 720 1602 748; x_wconf 82' lang='lat' dir='ltr'><strong>et</strong></span> <span class='ocrx_word' id='word_1_340' title='bbox 1617 727 1704 749; x_wconf 87' lang='lat' dir='ltr'><strong>sanc-</strong></span> 
     </span>
     <span class='ocr_line' id='line_1_56' title="bbox 926 765 1704 811; baseline 0.012 -18"><span class='ocrx_word' id='word_1_341' title='bbox 926 765 1035 794; x_wconf 86' lang='lat' dir='ltr'><strong>torum</strong></span> <span class='ocrx_word' id='word_1_342' title='bbox 1061 766 1211 805; x_wconf 82' lang='lat' dir='ltr'><strong>operibus</strong></span> <span class='ocrx_word' id='word_1_343' title='bbox 1236 767 1397 800; x_wconf 85' lang='lat' dir='ltr'><strong>virtuosis.</strong></span> <span class='ocrx_word' id='word_1_344' title='bbox 1434 769 1590 807; x_wconf 85' lang='lat' dir='ltr'><strong>Quoniam</strong></span> <span class='ocrx_word' id='word_1_345' title='bbox 1626 781 1704 811; x_wconf 82' lang='lat' dir='ltr'><strong>ergo</strong></span> 
     </span>
     <span class='ocr_line' id='line_1_57' title="bbox 927 818 1703 866; baseline 0.013 -18"><span class='ocrx_word' id='word_1_346' title='bbox 927 818 1035 858; x_wconf 84' lang='lat' dir='ltr'><strong>imago</strong></span> <span class='ocrx_word' id='word_1_347' title='bbox 1051 819 1167 852; x_wconf 84' lang='lat' dir='ltr'><strong>Christi</strong></span> <span class='ocrx_word' id='word_1_348' title='bbox 1189 822 1370 855; x_wconf 85' lang='lat' dir='ltr'><strong>introducta</strong></span> <span class='ocrx_word' id='word_1_349' title='bbox 1393 827 1440 856; x_wconf 86' lang='lat' dir='ltr'><strong>est</strong></span> <span class='ocrx_word' id='word_1_350' title='bbox 1463 826 1502 856; x_wconf 89' lang='lat' dir='ltr'><strong>ad</strong></span> <span class='ocrx_word' id='word_1_351' title='bbox 1525 835 1703 866; x_wconf 63' lang='lat' dir='ltr'><strong>repraesen-</strong></span> 
     </span>
     <span class='ocr_line' id='line_1_58' title="bbox 923 873 1701 919; baseline 0.013 -17"><span class='ocrx_word' id='word_1_352' title='bbox 923 873 1059 904; x_wconf 81' lang='lat' dir='ltr'><strong>tandum</strong></span> <span class='ocrx_word' id='word_1_353' title='bbox 1074 884 1161 914; x_wconf 87' lang='lat' dir='ltr'><strong>eum,</strong></span> <span class='ocrx_word' id='word_1_354' title='bbox 1185 877 1243 916; x_wconf 89' lang='lat' dir='ltr'><strong>qui</strong></span> <span class='ocrx_word' id='word_1_355' title='bbox 1265 887 1322 917; x_wconf 90' lang='lat' dir='ltr'><strong>pro</strong></span> <span class='ocrx_word' id='word_1_356' title='bbox 1341 879 1432 909; x_wconf 90' lang='lat' dir='ltr'><strong>nobis</strong></span> <span class='ocrx_word' id='word_1_357' title='bbox 1452 880 1627 911; x_wconf 77' lang='lat' dir='ltr'><strong>crucifixus</strong></span> <span class='ocrx_word' id='word_1_358' title='bbox 1643 883 1701 919; x_wconf 92' lang='lat' dir='ltr'><strong>est,</strong></span> 
     </span>
     <span class='ocr_line' id='line_1_59' title="bbox 924 928 1703 973; baseline 0.012 -17"><span class='ocrx_word' id='word_1_359' title='bbox 924 935 982 957; x_wconf 84' lang='lat' dir='ltr'><strong>nec</strong></span> <span class='ocrx_word' id='word_1_360' title='bbox 994 928 1086 958; x_wconf 80' lang='lat' dir='ltr'><strong>offert</strong></span> <span class='ocrx_word' id='word_1_361' title='bbox 1098 938 1130 959; x_wconf 87' lang='lat' dir='ltr'><strong>se</strong></span> <span class='ocrx_word' id='word_1_362' title='bbox 1145 930 1237 960; x_wconf 90' lang='lat' dir='ltr'><strong>nobis</strong></span> <span class='ocrx_word' id='word_1_363' title='bbox 1250 940 1307 971; x_wconf 90' lang='lat' dir='ltr'><strong>pro</strong></span> <span class='ocrx_word' id='word_1_364' title='bbox 1321 941 1365 971; x_wconf 88' lang='lat' dir='ltr'><strong>se,</strong></span> <span class='ocrx_word' id='word_1_365' title='bbox 1381 933 1435 963; x_wconf 89' lang='lat' dir='ltr'><strong>sed</strong></span> <span class='ocrx_word' id='word_1_366' title='bbox 1453 942 1509 973; x_wconf 88' lang='lat' dir='ltr'><strong>pro</strong></span> <span class='ocrx_word' id='word_1_367' title='bbox 1525 934 1579 964; x_wconf 90' lang='lat' dir='ltr'><strong>illo</strong></span> <span class='ocrx_word' id='word_1_368' title='bbox 1593 937 1618 972; x_wconf 71' lang='grc'><strong>8;</strong></span> <span class='ocrx_word' id='word_1_369' title='bbox 1634 934 1703 965; x_wconf 84' lang='lat' dir='ltr'><strong>ideo</strong></span> 
     </span>
     <span class='ocr_line' id='line_1_60' title="bbox 923 981 1701 1025; baseline 0.012 -15"><span class='ocrx_word' id='word_1_370' title='bbox 923 981 1028 1011; x_wconf 85' lang='lat' dir='ltr'><strong>omnis</strong></span> <span class='ocrx_word' id='word_1_371' title='bbox 1043 984 1231 1022; x_wconf 87' lang='lat' dir='ltr'><strong>reverentia,</strong></span> <span class='ocrx_word' id='word_1_372' title='bbox 1247 994 1319 1025; x_wconf 59' lang='lat' dir='ltr'><strong>quae</strong></span> <span class='ocrx_word' id='word_1_373' title='bbox 1344 986 1373 1016; x_wconf 93' lang='lat' dir='ltr'><strong>ei</strong></span> <span class='ocrx_word' id='word_1_374' title='bbox 1395 987 1539 1025; x_wconf 83' lang='lat' dir='ltr'><strong>offertur,</strong></span> <span class='ocrx_word' id='word_1_375' title='bbox 1566 988 1701 1020; x_wconf 77' lang='lat' dir='ltr'><strong>exhibe-</strong></span> 
     </span>
     <span class='ocr_line' id='line_1_61' title="bbox 923 1036 1701 1081; baseline 0.01 -16"><span class='ocrx_word' id='word_1_376' title='bbox 923 1037 976 1066; x_wconf 90' lang='lat' dir='ltr'><strong>tur</strong></span> <span class='ocrx_word' id='word_1_377' title='bbox 999 1036 1132 1068; x_wconf 83' lang='lat' dir='ltr'><strong>Christo.</strong></span> <span class='ocrx_word' id='word_1_378' title='bbox 1162 1038 1199 1069; x_wconf 84' lang='lat' dir='ltr'><strong>Et</strong></span> <span class='ocrx_word' id='word_1_379' title='bbox 1230 1042 1396 1080; x_wconf 86' lang='lat' dir='ltr'><strong>propterea</strong></span> <span class='ocrx_word' id='word_1_380' title='bbox 1420 1042 1557 1081; x_wconf 85' lang='lat' dir='ltr'><strong>imagini</strong></span> <span class='ocrx_word' id='word_1_381' title='bbox 1590 1043 1701 1073; x_wconf 83' lang='lat' dir='ltr'><strong>Christi</strong></span> 
     </span>
     <span class='ocr_line' id='line_1_62' title="bbox 922 1090 1702 1137; baseline 0.01 -17"><span class='ocrx_word' id='word_1_382' title='bbox 922 1090 1014 1121; x_wconf 84' lang='lat' dir='ltr'><strong>dehet</strong></span> <span class='ocrx_word' id='word_1_383' title='bbox 1030 1092 1134 1122; x_wconf 84' lang='lat' dir='ltr'><strong>cultus</strong></span> <span class='ocrx_word' id='word_1_384' title='bbox 1148 1093 1247 1124; x_wconf 60' lang='lat' dir='ltr'><strong>latrias</strong></span> <span class='ocrx_word' id='word_1_385' title='bbox 1264 1095 1419 1126; x_wconf 78' lang='lat' dir='ltr'><strong>exhiberi.</strong></span> <span class='ocrx_word' id='word_1_386' title='bbox 1434 1095 1472 1126; x_wconf 83' lang='lat' dir='ltr'><strong>Et</strong></span> <span class='ocrx_word' id='word_1_387' title='bbox 1486 1096 1547 1127; x_wconf 85' lang='grc'>1100</span> <span class='ocrx_word' id='word_1_388' title='bbox 1559 1097 1702 1137; x_wconf 78' lang='lat' dir='ltr'><strong>estquod</strong></span> 
     </span>
     <span class='ocr_line' id='line_1_63' title="bbox 921 1144 1701 1184; baseline 0.012 -10"><span class='ocrx_word' id='word_1_389' title='bbox 921 1144 996 1174; x_wconf 89' lang='lat' dir='ltr'><strong>dicit</strong></span> <span class='ocrx_word' id='word_1_390' title='bbox 1009 1145 1211 1184; x_wconf 83' lang='lat' dir='ltr'><strong>Augustinus</strong></span> <span class='ocrx_word' id='word_1_391' title='bbox 1225 1148 1258 1177; x_wconf 92' lang='lat' dir='ltr'><strong>in</strong></span> <span class='ocrx_word' id='word_1_392' title='bbox 1274 1148 1355 1179; x_wconf 87' lang='lat' dir='ltr'><strong>libro</strong></span> <span class='ocrx_word' id='word_1_393' title='bbox 1371 1149 1409 1180; x_wconf 74' lang='lat' dir='ltr'><strong>cle</strong></span> <span class='ocrx_word' id='word_1_394' title='bbox 1426 1151 1579 1181; x_wconf 79' lang='lat' dir='ltr'><strong>Doctrina</strong></span> <span class='ocrx_word' id='word_1_395' title='bbox 1593 1150 1701 1183; x_wconf 72' lang='lat' dir='ltr'><strong>Chris-</strong></span> 
     </span>
     <span class='ocr_line' id='line_1_64' title="bbox 922 1199 1700 1243; baseline 0.006 -14"><span class='ocrx_word' id='word_1_396' title='bbox 922 1199 1016 1230; x_wconf 73' lang='lat' dir='ltr'><strong>tiana</strong></span> <span class='ocrx_word' id='word_1_397' title='bbox 1031 1199 1041 1215; x_wconf 65' lang='lat'><strong>⁴</strong></span> <span class='ocrx_word' id='word_1_398' title='bbox 1056 1209 1067 1228; x_wconf 81' lang='lat'><strong>.-</strong></span> <span class='ocrx_word' id='word_1_399' title='bbox 1091 1211 1105 1228; x_wconf 88' lang='lat'>«</span> <span class='ocrx_word' id='word_1_400' title='bbox 1129 1200 1189 1237; x_wconf 81' lang='lat' dir='ltr'><strong>Qui</strong></span> <span class='ocrx_word' id='word_1_401' title='bbox 1213 1205 1387 1233; x_wconf 83' lang='lat' dir='ltr'><strong>veneratur</strong></span> <span class='ocrx_word' id='word_1_402' title='bbox 1410 1203 1471 1233; x_wconf 90' lang='lat' dir='ltr'><strong>tale</strong></span> <span class='ocrx_word' id='word_1_403' title='bbox 1501 1203 1539 1243; x_wconf 80' lang='lat' dir='ltr'><strong>(a)</strong></span> <span class='ocrx_word' id='word_1_404' title='bbox 1568 1204 1700 1243; x_wconf 90' lang='lat' dir='ltr'><strong>signum</strong></span> 
     </span>
     <span class='ocr_line' id='line_1_65' title="bbox 920 1251 1702 1295; baseline 0.006 -13"><span class='ocrx_word' id='word_1_405' title='bbox 920 1251 1076 1283; x_wconf 87' lang='lat' dir='ltr'><strong>divinitus</strong></span> <span class='ocrx_word' id='word_1_406' title='bbox 1097 1254 1277 1285; x_wconf 86' lang='lat' dir='ltr'><strong>institutum</strong></span> <span class='ocrx_word' id='word_1_407' title='bbox 1289 1279 1296 1293; x_wconf 93' lang='lat'><strong>,</strong></span> <span class='ocrx_word' id='word_1_408' title='bbox 1314 1256 1385 1295; x_wconf 85' lang='lat' dir='ltr'><strong>ejus</strong></span> <span class='ocrx_word' id='word_1_409' title='bbox 1401 1256 1437 1295; x_wconf 75' lang='lat' dir='ltr'><strong>(b)</strong></span> <span class='ocrx_word' id='word_1_410' title='bbox 1457 1256 1524 1286; x_wconf 87' lang='lat' dir='ltr'><strong>vim</strong></span> <span class='ocrx_word' id='word_1_411' title='bbox 1538 1257 1702 1295; x_wconf 77' lang='lat' dir='ltr'><strong>signitica-</strong></span> 
     </span>
     <span class='ocr_line' id='line_1_66' title="bbox 921 1307 1701 1348; baseline 0.006 -11"><span class='ocrx_word' id='word_1_412' title='bbox 921 1307 1104 1347; x_wconf 86' lang='lat' dir='ltr'><strong>tionemque</strong></span> <span class='ocrx_word' id='word_1_413' title='bbox 1131 1308 1281 1348; x_wconf 82' lang='lat' dir='ltr'><strong>intelligit</strong></span> <span class='ocrx_word' id='word_1_414' title='bbox 1309 1320 1316 1340; x_wconf 89' lang='lat'>:</span> <span class='ocrx_word' id='word_1_415' title='bbox 1345 1319 1410 1341; x_wconf 91' lang='lat' dir='ltr'><strong>non</strong></span> <span class='ocrx_word' id='word_1_416' title='bbox 1440 1310 1500 1341; x_wconf 88' lang='lat' dir='ltr'><strong>hoc</strong></span> <span class='ocrx_word' id='word_1_417' title='bbox 1528 1314 1701 1342; x_wconf 83' lang='lat' dir='ltr'><strong>veneratur</strong></span> 
     </span>
     <span class='ocr_line' id='line_1_67' title="bbox 920 1362 1700 1405; baseline 0.006 -14"><span class='ocrx_word' id='word_1_418' title='bbox 920 1362 1004 1400; x_wconf 82' lang='lat' dir='ltr'><strong>quod</strong></span> <span class='ocrx_word' id='word_1_419' title='bbox 1025 1362 1151 1393; x_wconf 85' lang='lat' dir='ltr'><strong>videtur</strong></span> <span class='ocrx_word' id='word_1_420' title='bbox 1166 1365 1195 1393; x_wconf 89' lang='lat' dir='ltr'><strong>et</strong></span> <span class='ocrx_word' id='word_1_421' title='bbox 1215 1365 1338 1402; x_wconf 86' lang='lat' dir='ltr'><strong>transit,</strong></span> <span class='ocrx_word' id='word_1_422' title='bbox 1362 1364 1415 1395; x_wconf 85' lang='lat' dir='ltr'><strong>scd</strong></span> <span class='ocrx_word' id='word_1_423' title='bbox 1431 1364 1509 1395; x_wconf 86' lang='lat' dir='ltr'><strong>illud</strong></span> <span class='ocrx_word' id='word_1_424' title='bbox 1528 1365 1644 1405; x_wconf 82' lang='lat' dir='ltr'><strong>potius,</strong></span> <span class='ocrx_word' id='word_1_425' title='bbox 1660 1366 1700 1397; x_wconf 85' lang='lat' dir='ltr'><strong>ad</strong></span> 
     </span>
     <span class='ocr_line' id='line_1_68' title="bbox 919 1415 1700 1454; baseline 0.006 -9"><span class='ocrx_word' id='word_1_426' title='bbox 919 1415 1004 1454; x_wconf 87' lang='lat' dir='ltr'><strong>quod</strong></span> <span class='ocrx_word' id='word_1_427' title='bbox 1023 1415 1056 1454; x_wconf 74' lang='lat' dir='ltr'><strong>(c)</strong></span> <span class='ocrx_word' id='word_1_428' title='bbox 1075 1415 1149 1446; x_wconf 81' lang='lat' dir='ltr'><strong>talia</strong></span> <span class='ocrx_word' id='word_1_429' title='bbox 1166 1419 1280 1447; x_wconf 89' lang='lat' dir='ltr'><strong>cuncta</strong></span> <span class='ocrx_word' id='word_1_430' title='bbox 1296 1419 1371 1448; x_wconf 87' lang='lat' dir='ltr'><strong>sunt</strong></span> <span class='ocrx_word' id='word_1_431' title='bbox 1385 1418 1560 1448; x_wconf 81' lang='lat' dir='ltr'><strong>referenda.</strong></span> <span class='ocrx_word' id='word_1_432' title='bbox 1582 1429 1596 1446; x_wconf 75' lang='lat'><strong>›)</strong></span> <span class='ocrx_word' id='word_1_433' title='bbox 1619 1418 1700 1449; x_wconf 88' lang='lat' dir='ltr'><strong>Con-</strong></span> 
     </span>
     <span class='ocr_line' id='line_1_69' title="bbox 920 1467 1698 1510; baseline 0.006 -13"><span class='ocrx_word' id='word_1_434' title='bbox 920 1467 1067 1499; x_wconf 81' lang='lat' dir='ltr'><strong>cedendae</strong></span> <span class='ocrx_word' id='word_1_435' title='bbox 1080 1478 1158 1508; x_wconf 91' lang='lat' dir='ltr'><strong>ergo</strong></span> <span class='ocrx_word' id='word_1_436' title='bbox 1175 1472 1250 1500; x_wconf 88' lang='lat' dir='ltr'><strong>sunt</strong></span> <span class='ocrx_word' id='word_1_437' title='bbox 1264 1470 1414 1509; x_wconf 87' lang='lat' dir='ltr'><strong>rationes,</strong></span> <span class='ocrx_word' id='word_1_438' title='bbox 1434 1480 1506 1510; x_wconf 81' lang='lat' dir='ltr'><strong>quae</strong></span> <span class='ocrx_word' id='word_1_439' title='bbox 1523 1471 1583 1502; x_wconf 91' lang='grc'>1100</span> <span class='ocrx_word' id='word_1_440' title='bbox 1597 1473 1698 1502; x_wconf 81' lang='lat' dir='ltr'><strong>osten-</strong></span> 
     </span>
     <span class='ocr_line' id='line_1_70' title="bbox 920 1520 1012 1552; baseline 0.022 -2"><span class='ocrx_word' id='word_1_441' title='bbox 920 1520 1012 1552; x_wconf 59' lang='lat' dir='ltr'><strong>dunt</strong></span> 
     </span>
    </p>

    <p class='ocr_par' dir='ltr' id='par_1_13' title="bbox 910 1576 1698 2578">
     <span class='ocr_line' id='line_1_71' title="bbox 961 1576 1697 1618; baseline 0.007 -13"><span class='ocrx_word' id='word_1_442' title='bbox 961 1577 973 1604; x_wconf 87' lang='lat'><strong>1</strong></span> <span class='ocrx_word' id='word_1_443' title='bbox 992 1576 1022 1605; x_wconf 88' lang='lat' dir='ltr'><strong>et</strong></span> <span class='ocrx_word' id='word_1_444' title='bbox 1037 1577 1066 1606; x_wconf 74' lang='lat'><strong>2.</strong></span> <span class='ocrx_word' id='word_1_445' title='bbox 1089 1576 1137 1607; x_wconf 85' lang='lat' dir='ltr'><strong>Ad</strong></span> <span class='ocrx_word' id='word_1_446' title='bbox 1160 1576 1238 1607; x_wconf 87' lang='lat' dir='ltr'><strong>illud</strong></span> <span class='ocrx_word' id='word_1_447' title='bbox 1263 1586 1342 1616; x_wconf 86' lang='lat' dir='ltr'><strong>ergo</strong></span> <span class='ocrx_word' id='word_1_448' title='bbox 1362 1579 1447 1617; x_wconf 87' lang='lat' dir='ltr'><strong>quod</strong></span> <span class='ocrx_word' id='word_1_449' title='bbox 1470 1579 1643 1618; x_wconf 87' lang='lat' dir='ltr'><strong>opponitur</strong></span> <span class='ocrx_word' id='word_1_450' title='bbox 1664 1579 1697 1610; x_wconf 92' lang='lat' dir='ltr'><strong>in</strong></span> 
     </span>
     <span class='ocr_line' id='line_1_72' title="bbox 920 1629 1698 1672; baseline 0.006 -14"><span class='ocrx_word' id='word_1_451' title='bbox 920 1629 1134 1667; x_wconf 80' lang='lat' dir='ltr'><strong>contrarium,</strong></span> <span class='ocrx_word' id='word_1_452' title='bbox 1160 1630 1247 1669; x_wconf 84' lang='lat' dir='ltr'><strong>quod</strong></span> <span class='ocrx_word' id='word_1_453' title='bbox 1271 1632 1317 1661; x_wconf 85' lang='lat' dir='ltr'><strong>est</strong></span> <span class='ocrx_word' id='word_1_454' title='bbox 1339 1631 1537 1670; x_wconf 87' lang='lat' dir='ltr'><strong>prohibitum</strong></span> <span class='ocrx_word' id='word_1_455' title='bbox 1561 1642 1601 1663; x_wconf 88' lang='lat' dir='ltr'><strong>ne</strong></span> <span class='ocrx_word' id='word_1_456' title='bbox 1627 1633 1698 1672; x_wconf 87' lang='lat' dir='ltr'><strong>quis</strong></span> 
     </span>
     <span class='ocr_line' id='line_1_73' title="bbox 918 1682 1697 1725; baseline 0.006 -14"><span class='ocrx_word' id='word_1_457' title='bbox 918 1682 1010 1712; x_wconf 81' lang='lat' dir='ltr'><strong>faciat</strong></span> <span class='ocrx_word' id='word_1_458' title='bbox 1026 1682 1082 1712; x_wconf 85' lang='lat' dir='ltr'><strong>sihi</strong></span> <span class='ocrx_word' id='word_1_459' title='bbox 1099 1682 1287 1721; x_wconf 82' lang='lat' dir='ltr'><strong>imaginem,</strong></span> <span class='ocrx_word' id='word_1_460' title='bbox 1304 1684 1474 1715; x_wconf 84' lang='lat' dir='ltr'><strong>dicendum</strong></span> <span class='ocrx_word' id='word_1_461' title='bbox 1490 1685 1574 1724; x_wconf 88' lang='lat' dir='ltr'><strong>quod</strong></span> <span class='ocrx_word' id='word_1_462' title='bbox 1588 1695 1644 1725; x_wconf 85' lang='lat' dir='ltr'><strong>pro</strong></span> <span class='ocrx_word' id='word_1_463' title='bbox 1660 1695 1697 1716; x_wconf 93' lang='lat' dir='ltr'><strong>eo</strong></span> 
     </span>
     <span class='ocr_line' id='line_1_74' title="bbox 918 1736 1698 1777; baseline 0.006 -12"><span class='ocrx_word' id='word_1_464' title='bbox 918 1736 1062 1775; x_wconf 86' lang='lat' dir='ltr'><strong>tempore</strong></span> <span class='ocrx_word' id='word_1_465' title='bbox 1079 1736 1277 1775; x_wconf 81' lang='lat' dir='ltr'><strong>prohibitum</strong></span> <span class='ocrx_word' id='word_1_466' title='bbox 1293 1738 1349 1775; x_wconf 87' lang='lat' dir='ltr'><strong>est,</strong></span> <span class='ocrx_word' id='word_1_467' title='bbox 1364 1737 1396 1767; x_wconf 91' lang='lat' dir='ltr'><strong>in</strong></span> <span class='ocrx_word' id='word_1_468' title='bbox 1409 1747 1473 1777; x_wconf 86' lang='lat' dir='ltr'><strong>quo</strong></span> <span class='ocrx_word' id='word_1_469' title='bbox 1488 1738 1569 1769; x_wconf 88' lang='lat' dir='ltr'><strong>Deus</strong></span> <span class='ocrx_word' id='word_1_470' title='bbox 1583 1739 1698 1770; x_wconf 86' lang='lat' dir='ltr'><strong>huma-</strong></span> 
     </span>
     <span class='ocr_line' id='line_1_75' title="bbox 917 1790 1697 1831; baseline 0.006 -13"><span class='ocrx_word' id='word_1_471' title='bbox 917 1797 993 1818; x_wconf 85' lang='lat' dir='ltr'><strong>nam</strong></span> <span class='ocrx_word' id='word_1_472' title='bbox 1013 1791 1161 1819; x_wconf 83' lang='lat' dir='ltr'><strong>naturam</strong></span> <span class='ocrx_word' id='word_1_473' title='bbox 1184 1790 1329 1820; x_wconf 89' lang='lat' dir='ltr'><strong>nondum</strong></span> <span class='ocrx_word' id='word_1_474' title='bbox 1351 1794 1566 1831; x_wconf 83' lang='lat' dir='ltr'><strong>assumpserat</strong></span> <span class='ocrx_word' id='word_1_475' title='bbox 1591 1801 1599 1822; x_wconf 78' lang='lat'>2</span> <span class='ocrx_word' id='word_1_476' title='bbox 1620 1795 1697 1823; x_wconf 91' lang='lat' dir='ltr'><strong>tunc</strong></span> 
     </span>
     <span class='ocr_line' id='line_1_76' title="bbox 917 1842 1697 1884; baseline 0.006 -13"><span class='ocrx_word' id='word_1_477' title='bbox 917 1842 1014 1880; x_wconf 89' lang='lat' dir='ltr'><strong>enim,</strong></span> <span class='ocrx_word' id='word_1_478' title='bbox 1030 1851 1105 1872; x_wconf 86' lang='lat' dir='ltr'><strong>cum</strong></span> <span class='ocrx_word' id='word_1_479' title='bbox 1120 1842 1202 1873; x_wconf 84' lang='lat' dir='ltr'><strong>Deus</strong></span> <span class='ocrx_word' id='word_1_480' title='bbox 1214 1843 1346 1874; x_wconf 89' lang='lat' dir='ltr'><strong>omniuo</strong></span> <span class='ocrx_word' id='word_1_481' title='bbox 1362 1844 1494 1884; x_wconf 87' lang='lat' dir='ltr'><strong>spiritus</strong></span> <span class='ocrx_word' id='word_1_482' title='bbox 1509 1848 1599 1883; x_wconf 80' lang='lat' dir='ltr'><strong>esset,</strong></span> <span class='ocrx_word' id='word_1_483' title='bbox 1623 1846 1697 1876; x_wconf 88' lang='lat' dir='ltr'><strong>infi-</strong></span> 
     </span>
     <span class='ocr_line' id='line_1_77' title="bbox 917 1896 1698 1938; baseline 0.008 -13"><span class='ocrx_word' id='word_1_484' title='bbox 917 1896 1076 1934; x_wconf 88' lang='lat' dir='ltr'><strong>gurabilis</strong></span> <span class='ocrx_word' id='word_1_485' title='bbox 1098 1898 1165 1927; x_wconf 87' lang='lat' dir='ltr'><strong>erat</strong></span> <span class='ocrx_word' id='word_1_486' title='bbox 1184 1908 1190 1927; x_wconf 92' lang='lat'>:</span> <span class='ocrx_word' id='word_1_487' title='bbox 1210 1899 1241 1928; x_wconf 90' lang='lat' dir='ltr'><strong>et</strong></span> <span class='ocrx_word' id='word_1_488' title='bbox 1256 1897 1326 1928; x_wconf 85' lang='lat' dir='ltr'><strong>ideo</strong></span> <span class='ocrx_word' id='word_1_489' title='bbox 1340 1898 1446 1937; x_wconf 81' lang='lat' dir='ltr'><strong>ipsum</strong></span> <span class='ocrx_word' id='word_1_490' title='bbox 1463 1899 1605 1938; x_wconf 86' lang='lat' dir='ltr'><strong>figurare</strong></span> <span class='ocrx_word' id='word_1_491' title='bbox 1630 1903 1698 1931; x_wconf 80' lang='lat' dir='ltr'><strong>crat</strong></span> 
     </span>
     <span class='ocr_line' id='line_1_78' title="bbox 916 1950 1697 1993; baseline 0.006 -14"><span class='ocrx_word' id='word_1_492' title='bbox 916 1958 1005 1980; x_wconf 88' lang='lat' dir='ltr'><strong>error</strong></span> <span class='ocrx_word' id='word_1_493' title='bbox 1020 1952 1051 1980; x_wconf 82' lang='lat' dir='ltr'><strong>ct</strong></span> <span class='ocrx_word' id='word_1_494' title='bbox 1077 1950 1223 1990; x_wconf 80' lang='lat' dir='ltr'><strong>impietas</strong></span> <span class='ocrx_word' id='word_1_495' title='bbox 1244 1959 1252 1981; x_wconf 78' lang='lat' dir='ltr'>z</span> <span class='ocrx_word' id='word_1_496' title='bbox 1277 1953 1307 1981; x_wconf 89' lang='lat' dir='ltr'><strong>et</strong></span> <span class='ocrx_word' id='word_1_497' title='bbox 1330 1961 1387 1991; x_wconf 82' lang='lat' dir='ltr'><strong>pro</strong></span> <span class='ocrx_word' id='word_1_498' title='bbox 1411 1952 1464 1982; x_wconf 91' lang='grc'>1110</span> <span class='ocrx_word' id='word_1_499' title='bbox 1487 1954 1629 1993; x_wconf 86' lang='lat' dir='ltr'><strong>tempore</strong></span> <span class='ocrx_word' id='word_1_500' title='bbox 1649 1954 1697 1984; x_wconf 94' lang='lat' dir='ltr'><strong>lo-</strong></span> 
     </span>
     <span class='ocr_line' id='line_1_79' title="bbox 916 2002 1696 2045; baseline 0.006 -13"><span class='ocrx_word' id='word_1_501' title='bbox 916 2002 1025 2041; x_wconf 83' lang='lat' dir='ltr'><strong>quitur</strong></span> <span class='ocrx_word' id='word_1_502' title='bbox 1040 2002 1270 2042; x_wconf 75' lang='lat' dir='ltr'><strong>Damaseenus,</strong></span> <span class='ocrx_word' id='word_1_503' title='bbox 1289 2013 1363 2034; x_wconf 85' lang='lat' dir='ltr'><strong>cum</strong></span> <span class='ocrx_word' id='word_1_504' title='bbox 1379 2005 1452 2035; x_wconf 90' lang='lat' dir='ltr'><strong>dicit</strong></span> <span class='ocrx_word' id='word_1_505' title='bbox 1467 2005 1487 2043; x_wconf 86' lang='lat'><strong>⁵,</strong></span> <span class='ocrx_word' id='word_1_506' title='bbox 1511 2006 1595 2045; x_wconf 86' lang='lat' dir='ltr'><strong>quod</strong></span> <span class='ocrx_word' id='word_1_507' title='bbox 1617 2007 1696 2037; x_wconf 84' lang='lat' dir='ltr'><strong>insi-</strong></span> 
     </span>
     <span class='ocr_line' id='line_1_80' title="bbox 916 2055 1695 2098; baseline 0.008 -13"><span class='ocrx_word' id='word_1_508' title='bbox 916 2055 1045 2094; x_wconf 82' lang='lat' dir='ltr'><strong>pientiae</strong></span> <span class='ocrx_word' id='word_1_509' title='bbox 1060 2058 1089 2086; x_wconf 87' lang='lat' dir='ltr'><strong>et</strong></span> <span class='ocrx_word' id='word_1_510' title='bbox 1105 2056 1275 2096; x_wconf 88' lang='lat' dir='ltr'><strong>impietatis</strong></span> <span class='ocrx_word' id='word_1_511' title='bbox 1291 2059 1337 2087; x_wconf 88' lang='lat' dir='ltr'><strong>est</strong></span> <span class='ocrx_word' id='word_1_512' title='bbox 1353 2058 1495 2097; x_wconf 83' lang='lat' dir='ltr'><strong>figurare</strong></span> <span class='ocrx_word' id='word_1_513' title='bbox 1508 2060 1593 2098; x_wconf 85' lang='lat' dir='ltr'><strong>quod</strong></span> <span class='ocrx_word' id='word_1_514' title='bbox 1609 2060 1695 2091; x_wconf 89' lang='lat' dir='ltr'><strong>divi—</strong></span> 
     </span>
     <span class='ocr_line' id='line_1_81' title="bbox 915 2108 1694 2153; baseline 0.008 -15"><span class='ocrx_word' id='word_1_515' title='bbox 915 2108 1021 2138; x_wconf 86' lang='lat' dir='ltr'><strong>nitatis</strong></span> <span class='ocrx_word' id='word_1_516' title='bbox 1036 2110 1082 2139; x_wconf 88' lang='lat' dir='ltr'><strong>est</strong></span> <span class='ocrx_word' id='word_1_517' title='bbox 1099 2120 1104 2139; x_wconf 88' lang='lat'>:</span> <span class='ocrx_word' id='word_1_518' title='bbox 1124 2109 1211 2149; x_wconf 86' lang='lat' dir='ltr'><strong>quod</strong></span> <span class='ocrx_word' id='word_1_519' title='bbox 1225 2119 1338 2140; x_wconf 89' lang='lat' dir='ltr'><strong>verum</strong></span> <span class='ocrx_word' id='word_1_520' title='bbox 1357 2113 1402 2141; x_wconf 85' lang='lat' dir='ltr'><strong>est</strong></span> <span class='ocrx_word' id='word_1_521' title='bbox 1418 2112 1594 2143; x_wconf 85' lang='lat' dir='ltr'><strong>secundum</strong></span> <span class='ocrx_word' id='word_1_522' title='bbox 1610 2114 1694 2153; x_wconf 88' lang='lat' dir='ltr'><strong>quod</strong></span> 
     </span>
     <span class='ocr_line' id='line_1_82' title="bbox 915 2162 1695 2207; baseline 0.009 -16"><span class='ocrx_word' id='word_1_523' title='bbox 915 2162 1088 2193; x_wconf 87' lang='lat' dir='ltr'><strong>divinitatis</strong></span> <span class='ocrx_word' id='word_1_524' title='bbox 1103 2165 1168 2201; x_wconf 84' lang='lat' dir='ltr'><strong>est,</strong></span> <span class='ocrx_word' id='word_1_525' title='bbox 1191 2164 1267 2203; x_wconf 84' lang='lat' dir='ltr'><strong>quia</strong></span> <span class='ocrx_word' id='word_1_526' title='bbox 1291 2166 1337 2195; x_wconf 89' lang='lat' dir='ltr'><strong>est</strong></span> <span class='ocrx_word' id='word_1_527' title='bbox 1356 2165 1695 2207; x_wconf 84' lang='lat' dir='ltr'><strong>incircnmscriptibilis</strong></span> 
     </span>
     <span class='ocr_line' id='line_1_83' title="bbox 914 2216 1694 2259; baseline 0.009 -14"><span class='ocrx_word' id='word_1_528' title='bbox 914 2217 944 2246; x_wconf 86' lang='lat' dir='ltr'><strong>et</strong></span> <span class='ocrx_word' id='word_1_529' title='bbox 958 2216 1187 2256; x_wconf 80' lang='lat' dir='ltr'><strong>inligurabilis3</strong></span> <span class='ocrx_word' id='word_1_530' title='bbox 1205 2218 1259 2248; x_wconf 81' lang='lat' dir='ltr'><strong>sed</strong></span> <span class='ocrx_word' id='word_1_531' title='bbox 1276 2227 1339 2248; x_wconf 89' lang='lat' dir='ltr'><strong>non</strong></span> <span class='ocrx_word' id='word_1_532' title='bbox 1352 2221 1399 2249; x_wconf 83' lang='lat' dir='ltr'><strong>est</strong></span> <span class='ocrx_word' id='word_1_533' title='bbox 1409 2219 1463 2256; x_wconf 86' lang='lat' dir='ltr'><strong>sic,</strong></span> <span class='ocrx_word' id='word_1_534' title='bbox 1479 2223 1638 2259; x_wconf 88' lang='lat' dir='ltr'><strong>quantum</strong></span> <span class='ocrx_word' id='word_1_535' title='bbox 1655 2222 1694 2252; x_wconf 83' lang='lat' dir='ltr'><strong>ad</strong></span> 
     </span>
     <span class='ocr_line' id='line_1_84' title="bbox 912 2269 1693 2312; baseline 0.009 -13"><span class='ocrx_word' id='word_1_536' title='bbox 912 2269 1090 2300; x_wconf 86' lang='lat' dir='ltr'><strong>humanam</strong></span> <span class='ocrx_word' id='word_1_537' title='bbox 1102 2272 1262 2302; x_wconf 82' lang='lat' dir='ltr'><strong>naturam.</strong></span> <span class='ocrx_word' id='word_1_538' title='bbox 1275 2270 1364 2302; x_wconf 85' lang='lat' dir='ltr'><strong>Unde</strong></span> <span class='ocrx_word' id='word_1_539' title='bbox 1375 2272 1544 2312; x_wconf 84' lang='lat' dir='ltr'><strong>subjungit</strong></span> <span class='ocrx_word' id='word_1_540' title='bbox 1557 2284 1563 2304; x_wconf 90' lang='lat'>:</span> <span class='ocrx_word' id='word_1_541' title='bbox 1579 2274 1693 2311; x_wconf 81' lang='lat' dir='ltr'><strong>«Quod</strong></span> 
     </span>
     <span class='ocr_line' id='line_1_85' title="bbox 913 2323 1690 2364; baseline 0.006 -11"><span class='ocrx_word' id='word_1_542' title='bbox 913 2323 994 2354; x_wconf 87' lang='lat' dir='ltr'><strong>Dens</strong></span> <span class='ocrx_word' id='word_1_543' title='bbox 1008 2326 1136 2364; x_wconf 86' lang='lat' dir='ltr'><strong>propter</strong></span> <span class='ocrx_word' id='word_1_544' title='bbox 1153 2324 1273 2355; x_wconf 84' lang='lat' dir='ltr'><strong>viscera</strong></span> <span class='ocrx_word' id='word_1_545' title='bbox 1291 2325 1516 2357; x_wconf 63' lang='lat' dir='ltr'><strong>misericordiae</strong></span> <span class='ocrx_word' id='word_1_546' title='bbox 1537 2336 1604 2358; x_wconf 82' lang='lat' dir='ltr'><strong>suae</strong></span> <span class='ocrx_word' id='word_1_547' title='bbox 1626 2328 1690 2357; x_wconf 85' lang='lat' dir='ltr'><strong>fac-</strong></span> 
     </span>
     <span class='ocr_line' id='line_1_86' title="bbox 911 2378 1692 2416; baseline 0.005 -9"><span class='ocrx_word' id='word_1_548' title='bbox 911 2379 963 2408; x_wconf 92' lang='lat' dir='ltr'><strong>tus</strong></span> <span class='ocrx_word' id='word_1_549' title='bbox 978 2379 1024 2408; x_wconf 88' lang='lat' dir='ltr'><strong>est</strong></span> <span class='ocrx_word' id='word_1_550' title='bbox 1037 2378 1146 2416; x_wconf 86' lang='lat' dir='ltr'><strong>homo,</strong></span> <span class='ocrx_word' id='word_1_551' title='bbox 1161 2381 1192 2409; x_wconf 86' lang='lat' dir='ltr'><strong>et</strong></span> <span class='ocrx_word' id='word_1_552' title='bbox 1202 2388 1275 2409; x_wconf 87' lang='lat' dir='ltr'><strong>cnm</strong></span> <span class='ocrx_word' id='word_1_553' title='bbox 1287 2379 1473 2410; x_wconf 84' lang='lat' dir='ltr'><strong>hominibus</strong></span> <span class='ocrx_word' id='word_1_554' title='bbox 1486 2383 1692 2411; x_wconf 85' lang='lat' dir='ltr'><strong>conversatus</strong></span> 
     </span>
     <span class='ocr_line' id='line_1_87' title="bbox 911 2431 1689 2473; baseline 0.005 -12"><span class='ocrx_word' id='word_1_555' title='bbox 911 2433 968 2468; x_wconf 85' lang='lat' dir='ltr'><strong>est,</strong></span> <span class='ocrx_word' id='word_1_556' title='bbox 987 2431 1140 2462; x_wconf 82' lang='lat' dir='ltr'><strong>miracula</strong></span> <span class='ocrx_word' id='word_1_557' title='bbox 1156 2432 1239 2470; x_wconf 85' lang='lat' dir='ltr'><strong>fecit,</strong></span> <span class='ocrx_word' id='word_1_558' title='bbox 1257 2442 1369 2472; x_wconf 89' lang='lat' dir='ltr'><strong>passus</strong></span> <span class='ocrx_word' id='word_1_559' title='bbox 1379 2435 1436 2472; x_wconf 84' lang='lat' dir='ltr'><strong>est,</strong></span> <span class='ocrx_word' id='word_1_560' title='bbox 1450 2434 1622 2465; x_wconf 79' lang='lat' dir='ltr'><strong>crucifixus</strong></span> <span class='ocrx_word' id='word_1_561' title='bbox 1631 2437 1689 2473; x_wconf 87' lang='lat' dir='ltr'><strong>est;</strong></span> 
     </span>
     <span class='ocr_line' id='line_1_88' title="bbox 910 2485 1688 2527; baseline 0.004 -12"><span class='ocrx_word' id='word_1_562' title='bbox 910 2485 980 2516; x_wconf 83' lang='lat' dir='ltr'><strong>haee</strong></span> <span class='ocrx_word' id='word_1_563' title='bbox 1004 2486 1040 2516; x_wconf 86' lang='lat' dir='ltr'><strong>ad</strong></span> <span class='ocrx_word' id='word_1_564' title='bbox 1062 2486 1252 2517; x_wconf 87' lang='lat' dir='ltr'><strong>memoriam</strong></span> <span class='ocrx_word' id='word_1_565' title='bbox 1271 2486 1442 2518; x_wconf 89' lang='lat' dir='ltr'><strong>hominum</strong></span> <span class='ocrx_word' id='word_1_566' title='bbox 1471 2488 1585 2527; x_wconf 85' lang='lat' dir='ltr'><strong>scripta</strong></span> <span class='ocrx_word' id='word_1_567' title='bbox 1603 2491 1688 2526; x_wconf 90' lang='lat' dir='ltr'><strong>sunt,</strong></span> 
     </span>
     <span class='ocr_line' id='line_1_89' title="bbox 910 2539 1690 2578; baseline 0.005 -9"><span class='ocrx_word' id='word_1_568' title='bbox 910 2541 941 2570; x_wconf 86' lang='lat' dir='ltr'><strong>et</strong></span> <span class='ocrx_word' id='word_1_569' title='bbox 958 2540 996 2570; x_wconf 88' lang='lat' dir='ltr'><strong>ad</strong></span> <span class='ocrx_word' id='word_1_570' title='bbox 1013 2539 1189 2570; x_wconf 85' lang='lat' dir='ltr'><strong>doctrinam</strong></span> <span class='ocrx_word' id='word_1_571' title='bbox 1214 2543 1369 2572; x_wconf 87' lang='lat' dir='ltr'><strong>nostram.</strong></span> <span class='ocrx_word' id='word_1_572' title='bbox 1399 2553 1414 2571; x_wconf 79' lang='lat'>«</span> <span class='ocrx_word' id='word_1_573' title='bbox 1439 2541 1518 2578; x_wconf 83' lang='lat' dir='ltr'><strong>Quia</strong></span> <span class='ocrx_word' id='word_1_574' title='bbox 1533 2550 1609 2573; x_wconf 85' lang='lat' dir='ltr'><strong>vero</strong></span> <span class='ocrx_word' id='word_1_575' title='bbox 1624 2551 1690 2573; x_wconf 90' lang='lat' dir='ltr'><strong>non</strong></span> 
     </span>
    </p>
   </div>
   <div class='ocr_carea' id='block_1_10' title="bbox 909 2641 1690 2747">
    <p class='ocr_par' dir='ltr' id='par_1_14' title="bbox 909 2641 1690 2747">
     <span class='ocr_line' id='line_1_90' title="bbox 909 2641 1690 2675; baseline 0.005 -10"><span class='ocrx_word' id='word_1_576' title='bbox 909 2641 942 2665; x_wconf 81' lang='lat' dir='ltr'><strong>ad</strong></span> <span class='ocrx_word' id='word_1_577' title='bbox 954 2641 1047 2671; x_wconf 61' lang='lat' dir='ltr'><strong>pison„</strong></span> <span class='ocrx_word' id='word_1_578' title='bbox 1063 2648 1130 2666; x_wconf 82' lang='lat' dir='ltr'><strong>vers.</strong></span> <span class='ocrx_word' id='word_1_579' title='bbox 1144 2643 1309 2667; x_wconf 77' lang='lat'>180-182.-³</span> <span class='ocrx_word' id='word_1_580' title='bbox 1321 2643 1442 2673; x_wconf 84' lang='lat' dir='ltr'><strong>Habetur,</strong></span> <span class='ocrx_word' id='word_1_581' title='bbox 1456 2643 1534 2668; x_wconf 83' lang='lat' dir='ltr'><strong>Cone.</strong></span> <span class='ocrx_word' id='word_1_582' title='bbox 1549 2644 1634 2675; x_wconf 90' lang='lat' dir='ltr'><strong>Trid.,</strong></span> <span class='ocrx_word' id='word_1_583' title='bbox 1646 2645 1690 2670; x_wconf 89' lang='lat' dir='ltr'><strong>ubi</strong></span> 
     </span>
     <span class='ocr_line' id='line_1_91' title="bbox 910 2677 1690 2709; baseline 0.005 -9"><span class='ocrx_word' id='word_1_584' title='bbox 910 2684 997 2708; x_wconf 85' lang='lat' dir='ltr'><strong>supra,</strong></span> <span class='ocrx_word' id='word_1_585' title='bbox 1013 2679 1038 2701; x_wconf 87' lang='lat' dir='ltr'><strong>et</strong></span> <span class='ocrx_word' id='word_1_586' title='bbox 1057 2678 1134 2702; x_wconf 82' lang='lat' dir='ltr'><strong>Cone.</strong></span> <span class='ocrx_word' id='word_1_587' title='bbox 1149 2677 1204 2702; x_wconf 90' lang='lat' dir='ltr'><strong>Nic.</strong></span> <span class='ocrx_word' id='word_1_588' title='bbox 1220 2684 1260 2709; x_wconf 86' lang='lat'><strong>11,</strong></span> <span class='ocrx_word' id='word_1_589' title='bbox 1274 2680 1323 2703; x_wconf 81' lang='lat' dir='ltr'><strong>art.</strong></span> <span class='ocrx_word' id='word_1_590' title='bbox 1333 2680 1395 2703; x_wconf 82' lang='lat'><strong>3.—-</strong></span> <span class='ocrx_word' id='word_1_591' title='bbox 1407 2679 1505 2709; x_wconf 69' lang='lat' dir='ltr'><strong>⁸Aug.,</strong></span> <span class='ocrx_word' id='word_1_592' title='bbox 1526 2679 1555 2703; x_wconf 82' lang='lat' dir='ltr'><strong>de</strong></span> <span class='ocrx_word' id='word_1_593' title='bbox 1569 2680 1690 2704; x_wconf 74' lang='lat' dir='ltr'><strong>Doctrina</strong></span> 
     </span>
     <span class='ocr_line' id='line_1_92' title="bbox 911 2713 1688 2747; baseline 0.006 -11"><span class='ocrx_word' id='word_1_594' title='bbox 911 2713 1016 2742; x_wconf 67' lang='lat' dir='ltr'><strong>Christ„</strong></span> <span class='ocrx_word' id='word_1_595' title='bbox 1028 2714 1070 2738; x_wconf 89' lang='lat' dir='ltr'><strong>lib.</strong></span> <span class='ocrx_word' id='word_1_596' title='bbox 1081 2714 1124 2739; x_wconf 86' lang='grc'>111.</span> <span class='ocrx_word' id='word_1_597' title='bbox 1138 2721 1160 2737; x_wconf 84' lang='lat' dir='ltr'><strong>c.</strong></span> <span class='ocrx_word' id='word_1_598' title='bbox 1174 2720 1209 2745; x_wconf 78' lang='lat' dir='ltr'><strong>ix,</strong></span> <span class='ocrx_word' id='word_1_599' title='bbox 1221 2721 1247 2738; x_wconf 88' lang='lat' dir='ltr'><strong>n.</strong></span> <span class='ocrx_word' id='word_1_600' title='bbox 1258 2716 1294 2740; x_wconf 83' lang='lat'><strong>13.</strong></span> <span class='ocrx_word' id='word_1_601' title='bbox 1309 2728 1334 2732; x_wconf 83' lang='lat'>-</span> <span class='ocrx_word' id='word_1_602' title='bbox 1347 2715 1357 2731; x_wconf 58' lang='grc' dir='ltr'>Β</span> <span class='ocrx_word' id='word_1_603' title='bbox 1367 2715 1494 2743; x_wconf 74' lang='lat' dir='ltr'><strong>Damaso..</strong></span> <span class='ocrx_word' id='word_1_604' title='bbox 1516 2715 1565 2740; x_wconf 86' lang='grc'>100.</span> <span class='ocrx_word' id='word_1_605' title='bbox 1575 2715 1628 2747; x_wconf 80' lang='lat' dir='ltr'><strong>jam</strong></span> <span class='ocrx_word' id='word_1_606' title='bbox 1646 2716 1688 2741; x_wconf 79' lang='lat' dir='ltr'><strong>cit.</strong></span> 
     </span>
    </p>
   </div>
  </div>
 </body>
</html>
