2017 2960
60 1162 93 1182 Ad
114 1169 164 1189 opp.

660 181 757 212 DIST.
780 180 888 211 XVIII.
911 180 1000 212 ΛΒΤ.
1026 181 1048 212 I.
1072 180 1219 218 QUAEST.
1244 181 1296 212 III.

178 256 258 287 opus
285 247 468 287 patientiae;
494 250 621 287 propter
649 248 733 288 qnod
759 247 834 278 dicit
861 246 952 278 Jaco-

179 301 257 332 bus¹
278 311 284 331 :
303 300 466 331 Patientia
481 309 559 339 opus
573 302 746 340 perfectum
767 301 866 332 lzabrt.
891 300 952 331 Sed

179 355 328 394 patientia
350 354 492 385 consistit
507 354 539 384 in
557 355 723 385 tolerantia
744 355 924 394 passionum
943 365 949 384 :

179 416 256 446 ergo
271 407 397 438 videtur
412 408 496 447 quod
511 407 650 438 Christus
666 408 696 437 in
714 407 791 447 pass}
810 417 856 437 >ne
873 407 953 437 mul-

178 462 247 491 tum
262 461 424 492 meruerit.

219 513 308 551 Item,
331 514 410 545 nihil
433 517 478 545 est
502 515 756 553 satisfactorium,
782 515 843 545 nisi
868 515 952 555 quod

178 569 225 598 est
248 568 447 599 meritorium
465 578 472 599 :
490 569 543 600 sed
559 569 661 609 passio
683 569 795 599 Christi
817 569 877 599 fnit
899 577 952 598 sa-

179 621 365 659 tisfactoria,
390 621 471 652 sicut
498 622 609 652 dieunt
632 621 731 652 sancti
757 631 763 652 :
789 630 867 660 ergo
894 621 953 651 suit

179 674 341 705 meritoria
358 684 365 705 :
382 684 459 714 ergo
475 675 615 706 Christus
631 675 749 706 meruit
764 674 920 715 patiendo,

219 728 297 759 Item
322 728 425 759 omnis
452 728 506 767 qui
533 728 669 767 patitur,
691 731 746 758 aut
773 728 952 768 passionem

179 781 371 821 promeruit,
403 783 459 811 aut
489 790 544 820 per
572 781 749 820 passionem
777 783 918 811 meretur
945 792 951 811 :

178 835 321 875 alioquin
349 836 509 874 pateretur
534 834 604 865 sine
625 835 766 875 justitia,
793 837 954 874 pateretur

177 888 271 919 etiam
286 889 413 919 frustra.
432 888 491 919 Sed
510 888 652 919 Christus
668 898 732 918 non
749 889 866 919 meruit
881 898 954 928 pas-

177 942 315 980 sionem,
332 942 408 982 qnia
428 942 583 972 immunis
604 942 663 972 fuit
686 952 705 972 a
726 942 819 982 culpa
839 942 926 972 omni
946 953 951 972 :

181 995 298 1025 meruit
313 1004 391 1034 ergo
403 1004 459 1034 per
472 995 669 1035 passionem3
686 995 828 1035 alioquin
845 1005 955 1035 passus

179 1050 260 1079 esset
280 1048 397 1088 injuste
420 1051 450 1079 et
474 1049 606 1086 frustra,
624 1049 710 1089 quod
729 1051 811 1079 esset
826 1058 954 1088 magnae

180 1101 351 1141 impietatis
364 1104 394 1133 et
410 1102 553 1133 insaniae.

221 1156 281 1187 Sed
308 1159 417 1187 contra
436 1167 442 1188 :
462 1159 486 1187 t.
509 1156 566 1187 Pro
584 1156 783 1196 passionibus
800 1158 859 1195 (a).
876 1157 957 1186 sicut

180 1209 255 1240 dicit
270 1210 481 1250 Philosophus
493 1213 516 1248 ²,
533 1219 591 1240 nee
605 1210 785 1247 laudamur,
802 1219 860 1240 nee
875 1210 958 1240 vitn-

180 1273 330 1303 peramur
342 1273 349 1294 :
362 1264 415 1294 sed
427 1266 554 1304 propter
566 1264 602 1303 (b)
616 1273 722 1302 omne,
733 1273 789 1303 per
799 1265 883 1304 quod
895 1274 958 1295 me-

179 1326 300 1356 remur,
312 1317 483 1348 laudamur
496 1327 502 1348 :
513 1327 591 1357 ergo
602 1318 801 1357 passionibus
812 1328 875 1349 non
891 1328 958 1349 me-

180 1380 290 1401 remur
306 1382 312 1401 :
330 1381 409 1411 ergo
427 1371 569 1402 Christus
585 1372 732 1411 patiendo
748 1381 812 1403 non
828 1373 956 1403 meruit.

221 1426 250 1455 9..
270 1424 346 1455 Item
362 1425 464 1464 passio
488 1428 534 1455 est
548 1425 678 1456 effectus
693 1428 724 1456 et
742 1426 840 1456 illatio
861 1426 959 1456 actio-

182 1479 230 1509 nis
247 1490 253 1509 :
271 1479 325 1511 sed
340 1479 442 1519 qualis
459 1481 507 1510 est
521 1489 630 1516 causa,
647 1479 718 1510 talis
739 1482 786 1510 est
802 1480 932 1511 effectus
950 1491 956 1511 z

180 1532 206 1562 si
234 1541 312 1571 ergo
336 1532 417 1563 actio
442 1533 622 1572 passionem
648 1533 785 1564 inferens
810 1543 874 1564 non
900 1534 960 1564 suit

181 1586 359 1623 meritoria,
376 1586 500 1617 videtur
515 1586 601 1626 quod
615 1596 672 1617 nec
687 1587 754 1626 ipsa
769 1588 873 1627 passio
890 1588 959 1618 fue-

181 1640 222 1670 rit
238 1640 400 1671 meritoria
415 1651 421 1671 :
436 1649 515 1680 ergo
530 1640 672 1671 Christus
683 1640 715 1671 in
731 1641 878 1680 passione
894 1651 958 1672 non

181 1694 309 1725 meruit.

222 1750 250 1779 3.
273 1747 351 1778 Item
374 1748 454 1778 nihil
475 1750 521 1779 est
544 1748 764 1786 meritorium,
789 1748 848 1778 nisi
874 1749 958 1789 quod

181 1803 227 1832 est
247 1801 465 1832 voluntarium
484 1812 490 1832 :
509 1801 590 1832 nihil
611 1804 719 1832 autem
741 1804 787 1832 est
811 1802 958 1833 volunta-

181 1854 278 1893 rium,
295 1854 357 1885 nisi
376 1855 462 1895 quod
485 1864 504 1885 a
526 1855 681 1896 principio
703 1855 874 1886 intrinseco
901 1858 958 1894 est,

182 1908 264 1939 sicut
297 1910 382 1948 patet
417 1917 473 1947 per
504 1908 725 1939 diffinitionem
765 1909 937 1940 voluntarii
950 1933 958 1948 ,

183 1970 281 2001 quam
297 1961 386 2001 ponit
400 1961 612 2000 Philosophus
626 1962 659 1992 in
676 1962 820 1994 Ethicis³
839 1974 845 1993 :
867 1974 881 1992 α
895 1962 961 1994 Vo-

183 2014 361 2045 luntarium
400 2017 465 2050 est,
496 2016 589 2054 cujus
623 2015 817 2054 principium
849 2019 896 2047 est
928 2017 962 2047 in

183 2067 262 2107 ipso.
278 2078 293 2095 »
312 2067 372 2098 Sed
388 2068 490 2107 passio
505 2067 617 2099 Christi
633 2068 692 2099 fuit
706 2069 746 2099 ab
761 2071 862 2106 extra,
880 2070 962 2101 sicut

184 2123 269 2161 patet
285 2131 292 2152 :
310 2131 387 2160 ergo
403 2130 468 2152 non
485 2121 544 2152 fuit
558 2122 731 2153 meritoria.

223 2176 253 2205 4.
277 2173 355 2205 Item
380 2175 460 2205 nihil
483 2178 527 2206 est
553 2176 770 2214 meritorium,
795 2176 856 2207 nisi
876 2177 960 2216 quod

184 2230 231 2258 est
247 2228 425 2258 secundum
447 2231 594 2260 naturam
612 2240 617 2259 :
639 2229 692 2260 sed
708 2229 812 2269 passio
827 2232 873 2260 est
888 2239 961 2260 mo-

183 2283 235 2312 tus
263 2285 372 2313 contra
399 2284 547 2313 naturam
562 2306 569 2320 ‚
594 2282 677 2313 sieut
697 2283 772 2314 dicit
792 2283 962 2314 Damasce-

184 2344 246 2366 nus
258 2335 267 2352 ⁴
281 2346 288 2366 ι
305 2345 383 2375 ergo
397 2335 592 2376 impossihile
606 2338 652 2367 est
664 2336 808 2377 passione
824 2336 960 2368 mereri:

185 2396 274 2427 ergo,
291 2391 350 2420 etc.

227 2442 256 2472 5.
282 2441 360 2473 Item
384 2452 480 2474 omne
503 2443 654 2474 meritum
677 2445 784 2475 ortum
807 2443 903 2474 habet
924 2442 963 2474 ab

185 2493 294 2534 aliqua
306 2495 425 2527 virtute
442 2507 450 2527 ε
465 2497 571 2527 omnis
585 2499 693 2528 autem
706 2497 810 2528 virtus
824 2497 964 2528 consistit

218 2579 300 2607 Uoc..
317 2585 335 2610 1,
350 2581 372 2604 4.
386 2593 411 2597 -—
428 2581 532 2613 'Arist.‚
549 2582 641 2613 Ethic„
661 2582 706 2613 lib,
725 2583 756 2614 ll,
773 2589 795 2606 e.
809 2587 834 2606 ιν
849 2584 874 2606 et
896 2588 918 2606 v.
934 2594 964 2600 —

219 2628 256 2694 (cg
270 2629 331 2653 Caet.
344 2629 402 2653 edit.
421 2631 599 2662 l'assionibus;
618 2632 685 2656 deest
697 2639 753 2664 pro.
763 2645 790 2648 -
805 2631 840 2660 (b)
857 2631 894 2654 ⁴ll·
909 2638 963 2661 per.

187 2677 212 2681 -
237 2672 249 2688 c
269 2668 362 2688 utilem.

1727 186 1784 215 393

1005 247 1041 278 in
1056 249 1189 286 ratione,
1206 251 1242 280 ut
1257 249 1336 280 ratio
1354 252 1417 280 est:
1431 259 1509 288 ergo
1524 259 1618 280 omne
1633 251 1784 282 meritum

1008 302 1149 333 consistit
1171 303 1255 333 circa
1278 303 1445 341 rationem,
1473 305 1509 333 ut
1530 303 1610 334 ratio
1634 306 1680 334 est
1702 314 1708 334 :
1729 304 1782 334 sed

1010 356 1110 394 passio
1127 356 1240 387 Christi
1260 357 1460 387 solummodo
1481 357 1538 387 fuit
1553 357 1635 388 circa
1649 367 1782 388 sensua-

1007 408 1139 446 litatem,
1155 411 1185 439 et
1199 410 1281 440 circa
1296 410 1452 440 rationem
1468 419 1523 450 per
1540 410 1671 441 modum
1685 412 1783 441 natn-

1008 471 1053 492 rae
1070 472 1076 492 ι
1094 471 1171 500 ergo
1187 471 1251 492 non
1266 462 1393 493 videtur
1407 464 1491 503 quod
1508 463 1649 494 Christus
1664 464 1698 494 in
1717 473 1783 504 pas-

1008 515 1095 545 sione
1110 515 1230 554 aliquid
1244 516 1422 546 meruisset.

1285 638 1509 671 CONCLUSIO.

1012 719 1132 746 Christus
1150 726 1201 745 non
1222 721 1327 746 tuntum
1347 720 1446 746 meruit
1461 720 1491 746 in
1510 721 1629 753 actione,
1646 720 1692 746 sed
1706 722 1787 747 etiam

1046 765 1075 790 in
1088 765 1228 798 passi'one;
1246 766 1270 791 et
1286 765 1356 791 inter
1372 765 1464 791 omnio
1480 765 1575 791 merita
1593 766 1683 800 passio
1701 766 1787 792 temti't

1044 809 1242 843 principatum.

1052 887 1144 928 Resp.
1173 889 1211 919 atl
1238 897 1310 927 arg.
1341 888 1513 919 Distendum
1540 889 1624 928 qnod
1649 888 1790 920 Christus

1012 951 1076 972 non
1091 944 1217 972 tantum
1240 942 1357 973 meruit
1371 943 1403 972 ln
1418 942 1540 973 actione
1551 966 1558 979 ,
1576 942 1629 973 sed
1645 943 1741 973 etiam
1758 943 1790 973 in

1012 995 1168 1036 passione.
1186 995 1257 1026 Non
1272 996 1357 1026 enim
1374 1005 1483 1035 passus
1504 996 1562 1026 fuit
1580 996 1713 1034 frustra,
1739 995 1792 1026 sed

1014 1057 1053 1079 ex
1069 1049 1247 1079 rationabili
1263 1058 1359 1079 eausa
1376 1060 1382 1079 :
1401 1058 1458 1079 nec
1481 1058 1591 1089 passus
1613 1049 1671 1081 fuit
1693 1058 1793 1089 prop-

1013 1104 1060 1132 ter
1076 1102 1265 1133 demeritum
1288 1103 1408 1142 culpae,
1427 1103 1481 1133 sed
1501 1105 1627 1143 propter
1649 1111 1792 1133 amorem

1013 1156 1154 1186 veritatis
1169 1158 1199 1185 et
1210 1156 1354 1195 justitiae.
1372 1156 1408 1186 Et
1420 1159 1586 1196 propterea
1601 1156 1790 1193 notandum,

1013 1209 1098 1249 qnod
1118 1210 1150 1239 in
1168 1210 1313 1249 passione
1327 1212 1375 1240 est
1390 1210 1453 1240 (luo
1469 1210 1668 1240 considerare
1679 1233 1687 1247 ,
1704 1210 1792 1240 vide-

1013 1262 1084 1293 licet
1100 1263 1254 1302 passionis
1268 1272 1409 1301 causam,
1421 1264 1451 1293 et
1467 1263 1620 1302 passionis
1634 1263 1793 1293 sustinen-

1013 1316 1102 1347 tiam.
1120 1315 1278 1347 Passionis
1297 1325 1393 1347 causa
1413 1318 1460 1347 est
1480 1326 1498 1346 a
1514 1315 1666 1347 violentia
1690 1325 1793 1355 agen-

1014 1370 1053 1401 tis
1068 1382 1075 1408 ;
1105 1371 1159 1401 sed
1186 1370 1340 1410 passionis
1371 1370 1562 1401 sustinentia
1590 1380 1608 1401 a
1629 1370 1793 1401 voluntate

1014 1424 1174 1464 patientis.
1200 1424 1363 1461 Quantum
1377 1424 1417 1455 ad
1432 1424 1586 1464 primum,
1604 1423 1707 1463 passio
1728 1432 1794 1453 non

1015 1480 1061 1508 est
1081 1478 1257 1515 meritoria,
1275 1486 1332 1508 nec
1350 1477 1570 1515 demeritoria,
1587 1477 1665 1517 quia
1686 1479 1732 1507 est
1754 1477 1794 1507 ab

1015 1533 1115 1562 extra.
1127 1531 1289 1568 Quantum
1301 1531 1338 1561 ad
1349 1531 1535 1569 secundum,
1547 1533 1722 1571 potestesse
1730 1540 1794 1561 me-

1016 1585 1138 1623 ritoria,
1151 1586 1182 1615 et
1192 1584 1394 1615 demeritorie
1406 1593 1413 1614 z
1427 1584 1588 1614 meritoria
1599 1583 1728 1623 quidem
1743 1584 1777 1623 (c)
1785 1608 1792 1621 ‚

1016 1638 1042 1668 si
1057 1638 1129 1678 quis
1146 1648 1216 1668 eam
1232 1638 1367 1678 perferat
1382 1647 1422 1669 ex
1438 1638 1600 1669 voluntate
1621 1638 1722 1675 bona;
1740 1637 1794 1668 de-

1016 1691 1179 1722 meritoria
1194 1693 1316 1729 autem⁷
1333 1691 1360 1722 si
1374 1691 1446 1731 quis
1469 1701 1540 1722 eam
1561 1691 1715 1722 sustineat
1730 1691 1794 1721 im-

1016 1745 1190 1786 patienter,
1209 1746 1240 1775 et
1254 1754 1294 1775 ex
1309 1745 1472 1775 voluntate
1489 1745 1611 1784 iniqua.
1638 1744 1795 1782 Quoniam

1018 1808 1097 1838 ergo
1117 1798 1259 1829 Christus
1278 1798 1459 1838 passionem
1481 1798 1611 1838 pertulit
1633 1807 1698 1828 non
1722 1800 1797 1828 tan-

1016 1855 1088 1883 tum
1103 1861 1144 1883 ex
1166 1852 1330 1882 voluntate
1354 1852 1457 1888 bona,
1474 1852 1539 1882 imo
1561 1851 1657 1882 etiam
1676 1861 1716 1882 ex
1738 1860 1796 1882 vo-

1016 1906 1137 1937 luntate
1162 1905 1282 1945 optima
1297 1915 1304 1943 ;
1320 1905 1395 1935 hinc
1421 1907 1466 1935 est
1491 1905 1576 1945 quod
1601 1905 1703 1944 passio
1727 1906 1796 1944 eJus

1016 1959 1076 1990 fuit
1104 1959 1282 1996 meritoria,
1310 1967 1376 1988 non
1402 1958 1507 1989 solum
1529 1958 1612 1988 sicut
1637 1957 1797 1997 passiones

1017 2015 1216 2050 sanctorum,
1242 2011 1297 2043 sed
1318 2011 1400 2042 inter
1424 2011 1532 2042 omnia
1557 2011 1670 2041 merita
1694 2011 1798 2044 tenuit

1017 2066 1243 2106 principatum.
1263 2064 1301 2095 Et
1317 2064 1525 2095 concedendae
1540 2066 1615 2095 sunt
1637 2063 1794 2100 rationes,

1017 2128 1090 2160 quae
1105 2120 1165 2150 hoc
1179 2119 1360 2150 ostendunt.

1058 2175 1087 2204 1.
1109 2173 1157 2204 Ad
1184 2173 1262 2203 illud
1286 2181 1378 2209 vero,
1405 2171 1489 2211 quod
1515 2170 1684 2211 objicitur,
1710 2171 1796 2210 quod

1017 2236 1074 2268 pro
1087 2228 1125 2267 (a)
1136 2226 1334 2267 passionibus
1347 2235 1404 2256 nec
1415 2225 1596 2263 laudamur,
1608 2233 1666 2254 nec
1675 2223 1798 2263 vitupe-

1017 2292 1140 2320 ramur,
1153 2282 1324 2314 dicendum
1335 2281 1420 2321 quod
1429 2289 1545 2311 verum
1553 2281 1610 2317 est,
1621 2278 1797 2309 secundum

1019 2340 1104 2380 quod
1131 2341 1205 2370 sunt
1230 2346 1322 2378 purae
1347 2337 1529 2377 passiones,
1559 2337 1656 2376 prout
1688 2336 1797 2365 autem

1019 2394 1088 2434 conj
1094 2395 1189 2424 uncta
1204 2394 1250 2423 est
1264 2392 1309 2422 eis
1333 2391 1482 2422 voluntas
1495 2390 1579 2420 bona
1592 2413 1600 2427 ‚
1617 2388 1668 2419 vel
1690 2387 1775 2418 mala
1787 2411 1795 2425 ‚

1019 2447 1063 2478 sic
1077 2446 1195 2477 hahent
1209 2445 1316 2476 sortiri
1330 2444 1487 2475 rationem
1501 2441 1624 2478 meriti,
1641 2443 1673 2473 et.
1686 2441 1798 2471 deme-

1019 2499 1090 2538 riti,
1106 2499 1211 2530 laudis
1221 2522 1229 2537 ‚
1244 2498 1297 2530 vel
1310 2496 1471 2537 vituperii.
1492 2495 1531 2527 Et
1546 2495 1590 2525 sic
1604 2494 1665 2525 fuit
1678 2493 1712 2524 in
1725 2502 1798 2534 pas-

1019 2553 1106 2584 sione
1120 2552 1245 2590 Christi,
1262 2551 1320 2591 qui
1332 2550 1343 2568 ⁵
1355 2549 1478 2583 oblatus
1489 2551 1547 2585 esc,
1563 2547 1717 2588 quoniam
1729 2547 1799 2587 ipse

1019 2631 1390 2660 ’lbid..lib.tll,e.11,111,iv;
1405 2626 1637 2657 Physic.,1ib.vni.
1648 2627 1709 2649 cont.
1727 2625 1797 2650 34.—

1019 2668 1164 2697 ‘Damasc.,
1173 2666 1203 2690 de
1211 2665 1273 2690 Fide
1280 2663 1387 2694 orthod„
1395 2662 1437 2687 lib.
1447 2663 1478 2692 Il,
1487 2669 1510 2686 c.
1521 2661 1764 2692 xxll.·-⁶Isu.,ull‚
1774 2661 1797 2684 ἵ.
