2017 2960
252 161 309 190 386

250 225 348 257 Dixit
360 225 515 256 Dominus
526 225 660 256 Domino
671 230 755 254 meo:
768 221 843 252 Sede
858 229 877 252 a
891 220 1019 252 dextris

249 279 339 310 mess.
357 278 416 309 Sed
433 287 494 309 non
519 280 564 308 est
584 276 715 316 (equalis
737 274 819 306 Patri
841 273 1017 304 secundum

249 332 383 362 formam
399 331 494 367 servi,
520 330 571 359 sed
587 328 762 359 secundum
778 328 912 357 sormam
934 326 1017 357 dlvi-

248 385 354 415 nitatis
373 393 380 414 z
397 393 474 421 ergo
490 382 665 413 secundum
690 390 760 411 eam
775 380 931 411 exaltatus
945 379 1013 409 suit.

249 437 337 472 Item.
354 437 381 467 ei
393 436 538 474 competit
555 434 715 472 exaltatio,
733 433 804 464 cui¹
823 441 911 464 (inrue
934 440 1016 471 ,qerm

247 490 394 528 flectitur,
411 489 589 525 cales-tium,
608 489 819 524 terrestrium,
831 490 858 518 ec
875 487 1016 525 inferno-

247 551 335 573 rum:
355 542 407 573 sed
421 542 481 573 hoc
497 544 542 572 est
556 542 663 572 divina
678 543 792 571 natura
811 551 817 571 :
841 549 931 579 ergo,
956 541 1014 570 etc.

247 595 307 625 Sed
324 598 433 626 contra
458 605 465 626 :
481 594 558 635 Ejus
572 596 618 625 est
631 594 773 631 exaltari,
791 594 882 633 cujus
899 595 945 623 est
959 593 1018 623 hu-

247 648 362 678 miliari
379 659 385 679 :
402 649 455 679 sed
468 648 575 679 divina
590 650 704 679 natura
720 657 783 678 non
794 649 895 686 potest
912 646 1016 677 humi-

247 700 328 739 liari,
341 701 503 732 sicutdicit
518 701 688 732 Aust—lmus
702 704 712 720 ²
727 701 758 730 in
769 700 851 731 libro
866 699 903 731 cle
912 700 1018 731 Incar-

246 755 373 786 ualione
392 754 486 786 Verbi
502 763 512 784 .·
527 763 605 793 ergo
621 763 677 784 nec
692 753 834 784 exaltari.
850 752 1015 791 Praeterea,

246 807 329 846 quod
348 810 393 837 est
421 807 622 842 altissimum,
638 806 798 847 quomodo
814 807 913 845 potest
927 807 1015 837 exal-

246 860 325 890 tari?
342 860 374 890 Si
401 869 478 899 ergo
494 860 604 891 divina
627 862 742 891 natura
756 862 803 890 est
817 859 1014 899 hujusmodi,

245 913 381 951 videtur,
399 915 457 944 etc.

284 965 376 1006 Resp.
388 966 572 1004 Dicendum,
588 966 673 1006 quod
683 966 764 996 sicut
774 966 950 996 nominatio
962 965 1017 996 de-

243 1019 336 1049 betur
353 1029 497 1059 persona:
519 1020 640 1050 ratione
666 1020 802 1059 alicujus
819 1021 956 1057 naturae,
973 1019 1017 1050 sic

243 1074 274 1102 et
288 1072 446 1103 exaltatio,
465 1072 524 1103 Sed
537 1072 764 1103 attendendum
780 1074 825 1104 est
835 1072 919 1112 quod
928 1072 1018 1103 exal-

243 1125 318 1155 tatio
335 1125 502 1165 dupliciter
527 1126 623 1156 hahet
647 1126 782 1165 intelligi
805 1126 887 1157 circa
911 1126 1016 1157 Chris-

243 1180 311 1208 tum
330 1189 337 1209 ι
362 1181 417 1209 aut
444 1179 621 1209 secundum
649 1188 729 1217 rem,
759 1181 814 1210 aut
840 1179 1015 1210 secundum

244 1238 385 1266 nostram
405 1237 633 1276 cognitionem.
657 1236 811 1268 Exaltatio
838 1237 950 1267 Christi
966 1246 1016 1268 se-

244 1289 385 1320 cundum
408 1299 475 1319 rem
492 1292 538 1320 est
558 1290 738 1320 sublimatio
754 1290 865 1321 Christi
881 1290 919 1321 (le
933 1292 1015 1321 statu

243 1343 406 1382 praesentis
421 1343 495 1373 vitae
518 1343 556 1373 ad
571 1343 733 1374 dexteram
752 1343 853 1373 Patris
871 1354 876 1373 :
896 1345 926 1373 et
956 1344 1015 1374 hoc

243 1396 371 1435 quidem
386 1396 445 1427 fuit
461 1397 493 1426 in
521 1397 702 1426 ascensione
723 1407 730 1426 ε
756 1398 787 1426 et
804 1397 872 1427 haee
886 1397 1015 1436 quidem

243 1449 390 1479 exaltatio
418 1450 566 1480 convenit
592 1449 620 1480 ei
646 1450 821 1480 secundum
836 1449 1015 1480 humanam

243 1506 401 1541 naturam,
419 1512 492 1543 quae
507 1504 566 1533 fuit
582 1503 703 1533 elevata
723 1503 755 1533 in
770 1503 887 1534 coelum
905 1513 912 1541 ;
927 1506 957 1534 et
972 1504 1015 1534 sic

243 1556 373 1587 exaltari
389 1557 427 1587 ad
442 1557 603 1587 dexteram
616 1556 726 1594 Patris,
739 1559 785 1587 est
799 1557 964 1587 sublimari
975 1557 1015 1588 ad

244 1610 364 1649 potiora
379 1610 463 1640 bona
479 1609 590 1641 Patris.
606 1610 676 1640 Alio
692 1610 785 1641 modo
804 1613 850 1641 est
866 1610 1015 1641 exaltatio

243 1663 418 1693 secundum
434 1666 574 1693 nostram
583 1663 798 1702 cognitionem
812 1673 818 1692 :
839 1665 870 1694 et
883 1663 926 1693 sic
937 1663 1013 1694 diei-

242 1721 295 1746 tur
325 1716 465 1747 Christus
492 1716 623 1747 exaltari
648 1716 680 1746 in
708 1716 856 1746 cordibus
887 1716 1012 1754 nostris,

242 1769 368 1808 quando
385 1769 543 1800 credimus
568 1778 642 1799 eum
671 1769 827 1809 aequalem
844 1768 928 1799 Patri
957 1777 965 1798 ε
984 1770 1015 1799 et

241 1822 284 1851 sic
297 1822 428 1852 exaltari
454 1823 493 1852 ad
514 1823 676 1853 dexteram
694 1821 803 1860 Patris,
821 1825 867 1853 est
881 1822 1013 1853 exaltari

241 1874 280 1904 ad
295 1875 510 1914 aequalitatem
526 1874 626 1905 Patris
644 1885 650 1905 ;
668 1877 698 1905 et
711 1875 772 1905 hoc
784 1874 877 1905 modo
893 1875 1013 1905 exalta-

241 1927 284 1957 tio
312 1928 459 1958 convenit
476 1927 597 1958 Christo
619 1927 795 1958 secundum
823 1937 893 1959 eam
917 1930 1014 1959 natu—-

240 1989 320 2017 ram,
352 1980 527 2010 secundum
557 1989 655 2020 quam
684 1980 779 2011 habet
805 1981 927 2020 aequari
951 1982 1012 2020 ipsi

242 2031 336 2062 Patri.
354 2031 391 2062 Et
405 2032 581 2063 secundum
596 2033 679 2063 hanc
701 2033 935 2064 distinctionem
955 2043 1013 2074 pa-

242 2087 287 2115 tet
301 2085 520 2116 determinatio
535 2086 759 2116 controversias
773 2087 953 2127 apparentis
967 2088 1014 2118 in-

240 2141 287 2169 ter
302 2138 523 2178 Augustinum
531 2141 561 2169 et
576 2139 781 2170 Ambrosium
797 2148 805 2170 z
822 2142 906 2179 patet
915 2140 1011 2171 etiam

240 2191 402 2231 responsio
428 2191 466 2221 ad
489 2192 620 2231 obiecta.
638 2192 838 2231 Augustinus
854 2193 941 2223 enim
963 2192 1013 2225 lo-

240 2244 349 2284 quitur
361 2244 398 2275 de
412 2245 601 2275 exaltatione
615 2246 702 2283 reali,
713 2248 743 2276 et
757 2246 801 2276 sic
814 2248 949 2277 currunt
960 2255 1012 2277 ra-

240 2297 342 2328 tiones
369 2298 407 2329 ad
435 2298 607 2328 secundam
636 2301 780 2338 partem3
806 2299 1009 2337 Ambrosius,

240 2351 277 2381 de
295 2350 485 2381 exaltatione
507 2351 683 2382 secundum
709 2352 923 2391 cognitionem
942 2362 1013 2384 nos-

239 2406 337 2442 tram,
349 2405 379 2434 et
394 2403 437 2434 sic
453 2405 587 2434 currunt
601 2403 737 2435 rationes
744 2404 783 2435 ad
793 2405 929 2445 primam
945 2414 1014 2446 par-

238 2457 313 2485 tem.

271 2533 492 2565 ¹·l'lzz'lis1..11‚10.
508 2548 529 2551 -
542 2534 742 2563 2Ansolm.,1n›-
758 2536 777 2564 Ι,
792 2543 813 2558 c.
834 2537 952 2559 V111.-³
967 2538 1013 2567 ld„

239 2568 289 2590 Cur
304 2569 365 2592 Deus
381 2569 464 2597 homo,
481 2570 522 2593 lib.
540 2570 571 2600 ll,
587 2577 607 2593 c.
627 2576 680 2594 ur.

810 153 1118 186 SENTENTIARUM
1142 155 1214 186 LlB.
1240 156 1291 186 111.

1391 262 1457 285 DUB.
1480 264 1524 286 1v.

1088 322 1151 345 Nam
1166 321 1207 346 alii
1221 322 1338 347 homines
1353 323 1480 349 debitores
1495 329 1580 358 erant,
1596 330 1621 352 et
1635 329 1677 353 vix
1691 329 1825 361 unicuique

1304 366 1349 383 sua
1363 360 1442 384 virtus
1457 362 1607 387 sufficiebat.

1111 436 1265 477 Objicitur
1274 439 1449 470 contrahoc
1460 449 1514 480 per
1527 440 1587 472 hoc
1596 443 1679 482 quod
1694 443 1767 475 dicit
1780 445 1802 475 A
1810 454 1843 475 n—

1072 490 1189 521 selmus
1202 491 1234 521 in
1246 490 1326 521 libro
1344 491 1406 523 Cur
1420 492 1504 524 Deus
1518 493 1605 525 homo
1621 497 1631 513 ³
1647 504 1684 526 :«
1702 495 1840 528 Nullate-

1073 553 1134 574 nus
1147 546 1248 584 potest
1260 544 1356 575 homo
1381 545 1486 584 magis
1508 545 1662 578 honorem
1677 548 1752 579 dare
1766 549 1838 589 Deo,

1071 606 1169 637 qnam
1197 607 1271 628 cum
1294 607 1326 628 se
1342 598 1435 628 tradit
1464 599 1557 629 morti
1582 599 1619 630 ad
1635 600 1720 631 illius
1739 601 1840 632 hono-

1071 658 1151 680 rem.
1168 661 1182 678 »
1202 649 1233 681 Si
1249 660 1326 690 ergo
1341 651 1468 682 servitia
1480 654 1598 691 quanto
1607 653 1712 692 magis
1726 653 1841 692 debita,

1071 705 1158 733 tanto
1172 705 1245 733 sunt
1260 704 1366 734 minus
1380 707 1483 743 grata,
1500 705 1625 736 videtur
1637 706 1722 746 quod
1735 707 1843 738 homi-

1071 764 1126 786 nes
1139 765 1203 787 non
1213 759 1288 787 sunt
1301 757 1457 788 debitores
1469 758 1591 788 mortis.
1608 758 1699 796 item,
1712 760 1845 800 quilibet

1071 810 1117 838 est
1133 808 1254 840 debitor
1270 810 1373 840 omnis
1387 811 1457 849 ejus
1469 811 1553 850 quod
1567 814 1625 849 est,
1643 814 1673 843 et
1686 813 1770 852 quod
1786 823 1843 853 po-

1071 862 1140 900 test,
1157 862 1232 902 quia
1242 864 1344 893 totum
1358 872 1376 893 a
1394 863 1456 894 Deo
1473 864 1591 904 accepit
1608 875 1614 895 :
1632 874 1710 904 ergo
1719 866 1845 898 videtur

1071 915 1156 954 quod
1185 915 1294 946 nullus
1308 915 1404 955 possit
1427 915 1546 956 aliquid
1563 917 1647 957 apud
1662 918 1762 949 Deum
1777 929 1845 950 me-

1071 968 1145 1006 reri,
1170 977 1229 999 nee
1256 969 1433 1007 moriendo,
1459 978 1516 999 nec
1543 969 1661 1010 aliquid
1690 971 1842 1003 faciendo.

1071 1020 1150 1052 Item
1164 1022 1308 1052 Christus
1322 1022 1454 1053 debehat
1469 1023 1596 1054 obedire
1606 1023 1691 1055 Patri
1707 1025 1780 1056 :sed
1791 1024 1846 1057 Pa-

1071 1077 1119 1105 ter
1132 1075 1335 1115 praecipiebat
1349 1075 1433 1116 quod
1445 1076 1578 1107 debebat
1592 1077 1675 1108 mori
1691 1087 1748 1118 pro
1764 1079 1845 1110 salu-

1071 1129 1101 1158 te
1115 1128 1248 1159 humani
1262 1129 1389 1168 generis
1404 1139 1410 1160 ε
1427 1139 1505 1169 ergo
1516 1130 1644 1162 videtur
1658 1131 1743 1172 quod
1755 1131 1846 1163 Chri-

1071 1182 1138 1212 stus
1148 1184 1227 1212 esset
1238 1182 1361 1213 debitor
1376 1183 1500 1214 mortis.

1111 1234 1202 1275 Resp.
1221 1235 1394 1266 Dicendum
1410 1236 1495 1276 quod
1509 1237 1705 1268 estdebitum
1715 1246 1754 1269 ex
1768 1237 1843 1269 cha-

1070 1287 1172 1326 ritate,
1188 1290 1219 1319 et
1232 1291 1278 1319 est
1300 1288 1441 1319 debitum
1457 1298 1497 1320 ex
1522 1290 1717 1321 necessitate.
1748 1290 1842 1321 Debi-

1070 1344 1139 1372 tum
1168 1351 1209 1372 ex
1236 1342 1388 1373 charitate
1414 1351 1479 1372 non
1506 1343 1587 1373 tollit
1615 1343 1841 1382 perfectionem

1071 1395 1189 1432 meriti3
1205 1395 1347 1425 debitum
1363 1404 1439 1426 vero
1455 1405 1496 1426 ex
1507 1396 1690 1427 necessitate
1704 1397 1842 1436 quodam

1070 1448 1164 1478 modo
1187 1447 1348 1479 diminuit.
1378 1448 1536 1485 Quoniam
1557 1457 1635 1488 ergo
1656 1458 1767 1481 omnes
1789 1450 1842 1481 alii

1070 1501 1226 1532 debitores
1251 1504 1341 1532 erant
1368 1501 1479 1532 mortis
1506 1501 1612 1533 debito
1638 1503 1839 1542 necessitatis,

1070 1563 1143 1594 quae
1157 1554 1287 1594 quidem
1302 1555 1448 1594 provenit
1456 1564 1496 1586 ex
1508 1557 1597 1586 reatu
1607 1557 1638 1586 et
1647 1555 1839 1595 obligatione

1070 1608 1172 1647 culpae
1187 1617 1195 1646 3
1213 1607 1283 1638 ideo
1299 1607 1374 1638 dicit
1389 1607 1552 1648 Magister,
1564 1608 1649 1649 quod
1664 1608 1772 1640 nullus
1783 1618 1841 1649 po-

1070 1662 1149 1691 terat
1186 1660 1284 1691 Deum
1308 1661 1431 1700 placare
1445 1685 1454 1698 ‚
1485 1662 1633 1702 quamvis
1661 1662 1841 1694 voluntarie

1070 1713 1255 1752 perferendo
1266 1715 1401 1744 mortem
1410 1716 1515 1753 posset
1530 1713 1590 1745 Deo
1599 1715 1732 1754 placere.
1749 1714 1841 1746 Chri—

1069 1768 1139 1797 stus
1152 1768 1271 1805 autem,
1287 1767 1363 1806 quia
1387 1767 1454 1798 sine
1471 1767 1575 1799 debito
1590 1768 1700 1799 mortis
1713 1767 1842 1808 pertulit

1070 1821 1217 1857 mortem,
1239 1821 1271 1850 et
1285 1820 1406 1859 placere
1422 1820 1537 1860 potuit,
1556 1822 1587 1852 et
1602 1820 1725 1860 placare
1740 1831 1747 1852 ε
1772 1821 1842 1861 pla-

1069 1880 1150 1909 cere,
1167 1872 1243 1912 quia
1257 1881 1297 1903 ex
1311 1873 1394 1903 bona
1409 1872 1571 1904 voluntate
1584 1884 1592 1910 ς
1609 1873 1732 1913 placare
1753 1883 1841 1913 vero,

1069 1925 1144 1966 quia
1158 1928 1273 1965 praeter
1287 1926 1514 1957 necessitatem.
1524 1926 1571 1957 Ad
1583 1926 1660 1958 illud
1671 1935 1748 1958 vero
1756 1927 1843 1967 quod

1069 1979 1174 2019 primo
1204 1979 1354 2019 objicitur
1387 1979 1426 2010 de
1455 1979 1606 2010 Anselmo
1621 2003 1630 2018 ‚
1672 1979 1843 2011 dicendum

1069 2033 1165 2072 quod,
1182 2033 1264 2064 sicut
1283 2034 1368 2073 patet
1390 2040 1431 2063 ex
1455 2033 1523 2072 ipsa
1538 2033 1618 2064 serie
1641 2034 1758 2072 textus,
1775 2033 1842 2064 An·

1069 2085 1188 2116 seimus
1212 2086 1355 2126 loquitur
1377 2085 1421 2116 ibi
1447 2085 1486 2116 de
1514 2085 1636 2117 Christo
1666 2097 1674 2117 :
1705 2088 1844 2118 attamen

1069 2140 1134 2169 esto
1149 2138 1235 2178 quod
1249 2138 1327 2169 illud
1351 2138 1389 2169 de
1403 2138 1473 2169 aliis
1487 2138 1696 2178 intelligatur,
1714 2148 1780 2170 non
1793 2148 1844 2170 se-

1069 2191 1180 2230 quitur
1191 2193 1319 2231 propter
1334 2191 1404 2228 hoc,
1415 2191 1502 2232 quod
1512 2191 1610 2223 homo
1625 2200 1690 2223 non
1703 2191 1743 2222 sit
1757 2190 1841 2222 debi-

1068 2246 1118 2275 tor
1133 2244 1254 2282 mortis,
1271 2245 1346 2284 quia
1359 2247 1461 2285 potest
1485 2245 1582 2276 homo
1594 2245 1697 2276 facere
1712 2253 1769 2284 per
1783 2243 1843 2275 ho-

1069 2306 1145 2329 nam
1175 2297 1372 2329 voluntatem
1396 2298 1436 2329 de
1468 2298 1650 2329 necessitate
1673 2297 1838 2329 virtutem.

1069 2349 1226 2382 Praeterea
1256 2351 1369 2391 aliquis
1398 2354 1445 2383 est
1466 2350 1622 2383 moriendi
1651 2350 1777 2389 modus,
1803 2350 1842 2382 ad

1069 2413 1166 2444 quem
1179 2413 1244 2434 non
1259 2413 1372 2435 sumus
1386 2404 1563 2436 necessario
1579 2403 1722 2443 obligati.
1738 2403 1777 2435 Et
1786 2412 1843 2444 per

1068 2457 1130 2488 hoc
1156 2460 1241 2497 patet
1255 2467 1400 2498 sequens,
1424 2457 1500 2498 quia
1526 2457 1669 2488 debitum
1683 2466 1748 2488 non
1761 2456 1842 2488 tollit

1070 2511 1220 2542 meritum
1232 2512 1425 2551 simpliciter,
1442 2511 1495 2542 sed
1510 2512 1660 2543 meritum
1672 2511 1759 2542 illius
1773 2519 1841 2550 per-

1068 2564 1156 2595 fectae
1171 2564 1365 2605 placationis,
1376 2574 1441 2604 qua
1460 2564 1542 2596 Deus
1557 2564 1776 2596 reconciliatus
1793 2566 1838 2595 est

1070 2617 1122 2646 toti
1137 2617 1278 2648 humano
1295 2617 1417 2655 generi.
1436 2617 1481 2648 Ad
1497 2618 1575 2648 illud
1590 2618 1675 2657 quod
1691 2617 1839 2656 objicitur
