2017 2960
802 195 992 229 DISTINCT.
1016 196 1094 229 ΧΧΙ.

141 271 314 310 figentium
329 269 474 309 respectu
483 269 622 305 naturae,
637 268 691 298 sed
705 267 850 307 respectu
864 274 919 296 vo·

141 324 271 355 luntatis
291 323 422 354 divinae.
448 321 487 352 Et
506 321 541 352 in
567 322 626 351 hoe
652 321 719 352 vult
741 319 917 356 ostendere,

141 378 226 418 quod
236 385 337 408 nemo
351 377 456 416 posset
470 375 576 416 ipsum
592 375 734 406 occidere
749 398 757 411 ,
773 373 833 404 nisi
851 373 919 412 ipse

141 431 235 462 vellet
259 432 395 462 mortem
415 430 571 461 sustinere
592 429 770 460 secundum
786 426 919 467 disposi-

140 484 259 515 tionem
287 483 461 515 voluntatis
483 492 561 514 suae.
586 482 673 514 Unde
698 489 815 522 ponere
846 480 920 510 ani-

139 546 227 568 mam
255 537 298 568 ibi
330 546 397 569 non
426 539 472 568 est
506 546 563 577 per
590 534 833 572 executionem,
864 533 917 563 sed

138 600 195 631 per
212 591 428 622 voluntariam
451 589 710 631 permissionem
728 589 758 618 et
775 587 819 617 sie
834 587 919 627 patet

139 644 228 676 illud.

468 718 536 739 DUB.
560 717 592 738 11.

214 786 264 810 Sed
280 791 339 809 caro
354 784 465 808 animam
476 782 571 814 posuit,
584 781 687 813 quando
698 781 835 813 expiravit.

177 860 310 892 Videtur
323 860 409 901 quod
425 859 530 900 potius
546 858 674 889 deberet
694 857 797 889 dicere
813 866 830 888 e
845 866 918 888 con-

139 924 242 953 verso,
259 914 345 955 quod
362 914 470 945 anima
482 913 587 953 posuit
601 921 742 949 carnem,
759 911 835 951 quia
848 911 918 951 plus

138 968 233 999 habet
249 968 402 999 virtutem
420 967 527 997 anima
546 975 641 1006 super
656 974 796 1003 carnem,
818 974 917 1005 quam

139 1031 212 1052 earo
235 1031 332 1062 super
355 1021 507 1052 animam.
533 1020 609 1051 Item
633 1020 666 1050 iu
687 1020 917 1050 resurrectione

138 1075 244 1115 potius
271 1075 387 1106 dieitur
408 1074 515 1106 anima
543 1073 753 1114 resumpsisse
774 1082 915 1111 carnem,

137 1138 235 1170 quam
256 1139 329 1160 caro
352 1130 493 1160 animam
512 1140 518 1159 ς
538 1138 617 1168 ergo
642 1128 675 1158 in
695 1129 796 1158 morte
812 1128 917 1167 potius

137 1182 265 1213 deberet
287 1182 348 1213 dici
373 1182 480 1213 anima
503 1182 571 1222 ipsa
601 1181 742 1221 posuisse
773 1190 914 1219 carnem,

136 1245 232 1276 quam
245 1245 262 1267 e
277 1244 442 1267 converso.

177 1286 270 1327 Resp.
300 1286 476 1317 Dicendum
500 1286 585 1326 quod
610 1285 714 1325 magis
738 1284 852 1317 dieitur
877 1287 916 1316 de

135 1349 230 1372 carne
254 1340 338 1380 quod
361 1340 467 1380 posuit
492 1340 633 1370 animam
647 1364 654 1378 ,
679 1348 777 1379 quam
798 1348 815 1370 e
839 1348 916 1370 con-

135 1403 229 1425 verso
246 1404 252 1425 :
270 1403 337 1425 non
352 1394 429 1434 quia
443 1403 516 1424 caro
530 1393 683 1424 virtutem
694 1393 915 1433 babuitsuper

135 1448 293 1486 animam,
311 1447 362 1478 sed
379 1447 466 1487 quia,
484 1456 578 1477 carne
595 1448 790 1485 remanente,
807 1446 916 1477 anima

135 1512 154 1533 a
173 1511 268 1533 carne
291 1501 435 1533 decessit.
457 1500 519 1532 Sed
537 1501 612 1541 quia
628 1509 685 1540 per
705 1500 848 1531 animam
864 1501 915 1531 in-

135 1556 294 1597 telligitur
317 1557 403 1595 vita,
421 1565 494 1596 quae
516 1555 621 1595 magis
642 1555 737 1586 habet
757 1555 915 1586 rationem

135 1611 247 1651 pretii,
268 1612 300 1641 et
323 1610 477 1651 quoniam
503 1610 598 1641 etiam
619 1609 727 1640 anima
748 1609 916 1649 praesideat

137 1665 237 1702 carni,
253 1665 323 1696 ideo
344 1664 449 1704 magis
474 1664 589 1694 dicitur
609 1663 646 1694 de
665 1671 759 1693 carne
785 1663 913 1703 deponi,

137 1728 234 1759 quam
249 1727 265 1749 e
280 1727 445 1749 converso.
462 1717 500 1747 Et
514 1726 571 1757 per
583 1717 644 1747 hoc
656 1718 741 1756 patet
751 1717 915 1756 responsio

136 1772 174 1803 ad
189 1772 323 1812 objecta.
345 1770 417 1802 Non
435 1770 522 1802 enim
546 1770 663 1801 dicitur
684 1779 757 1801 caro
771 1771 914 1810 posuisse

136 1825 278 1856 animam
293 1826 422 1865 propter
433 1825 504 1862 hoc,
520 1824 605 1864 quod
621 1833 693 1855 caro
707 1824 836 1864 propria
847 1825 913 1855 vir-

136 1880 203 1909 tute
218 1878 326 1909 fecerit
338 1889 344 1916 ;
359 1878 412 1909 sed
428 1878 504 1918 quia
516 1877 619 1909 virtus
627 1877 736 1909 divina
746 1880 814 1909 erat
824 1879 915 1910 uuita

136 1931 236 1970 carni,
253 1932 320 1962 sine
333 1932 424 1971 cujus
439 1931 646 1971 permissione
660 1932 766 1963 anima
781 1942 847 1964 non
861 1942 914 1973 po-

135 1987 216 2017 terat
228 1985 344 2026 deponi
358 1995 376 2016 a
390 1994 495 2016 carne.

457 2080 527 2102 DUB.
544 2080 589 2101 111.

135 2144 205 2168 Idem
217 2149 278 2174 ergo
293 2142 451 2174 patiebatur,
466 2144 491 2167 et
505 2149 558 2167 non
578 2142 730 2174 patiebatur,
748 2143 913 2175 moriebatur,

384 2181 409 2203 et
424 2186 476 2204 non
491 2179 659 2203 moriebatur.

174 2256 240 2287 Hoc
257 2255 385 2287 videtur
398 2255 529 2294 falsum,
546 2255 622 2295 quia
638 2255 830 2296 principium
846 2257 911 2297 pri-

134 2320 224 2342 mum
241 2312 288 2342 est
302 2311 332 2341 in
348 2310 454 2351 prima
466 2309 677 2350 philosophia,
692 2311 777 2350 quod
792 2311 912 2352 impos-

134 2364 223 2395 sibile
235 2366 281 2395 est
296 2364 393 2395 simul
408 2365 439 2395 et
454 2363 553 2394 semel
567 2363 604 2394 de
615 2373 681 2394 uno
693 2365 842 2396 eteoclem
852 2366 911 2396 dici

134 2416 197 2447 duo
221 2418 464 2449 contradictorie
492 2417 656 2458 opposita:
672 2427 762 2458 ergo,
791 2418 818 2449 si
841 2419 912 2450 haec

133 2472 180 2501 est
210 2479 286 2502 vera
310 2480 318 2502 :
340 2482 354 2500 a
381 2471 522 2502 Christus
552 2471 772 2511 moriebatur,
798 2483 812 2501 »
841 2472 911 2504 haec

133 2524 318 2564 simpliciter
339 2525 400 2555 erit
423 2525 524 2556 falsa:
546 2537 560 2555 «
581 2525 722 2557 Christus
746 2534 811 2556 non
840 2536 909 2558 mo-

132 2577 285 2609 riebatur.
302 2589 316 2606 »
335 2577 369 2609 Si
382 2579 418 2608 tu
433 2578 516 2609 dicas
532 2578 617 2619 quod
633 2578 678 2609 ibi
693 2588 758 2611 non
775 2581 822 2611 est
838 2590 910 2612 con-

132 2631 296 2670 tradictio,
324 2631 400 2672 quia
425 2631 486 2662 hoc
513 2633 696 2664 attribuitur
732 2634 761 2665 ei
792 2643 909 2667 secun-

132 2685 210 2717 dum
236 2685 379 2717 diversas
402 2686 552 2724 naturas,
575 2687 604 2717 et
623 2686 663 2717 ad
684 2687 744 2718 hoc
767 2689 853 2728 quod
868 2690 907 2720 sit

1695 197 1752 226 443

977 265 1181 297 contradictio
1193 289 1200 303 ‚
1219 265 1342 305 oportet
1355 263 1441 304 quod
1456 263 1600 304 opposita
1619 272 1685 293 non
1700 272 1753 294 5οο

975 318 1043 349 111111
1061 319 1279 350 attribuantur
1300 318 1401 349 eidem
1414 342 1421 356 ‚
1439 318 1492 348 sed
1516 317 1613 348 etiam
1639 326 1751 347 secun-

976 372 1054 402 dum
1072 372 1155 403 idem
1170 382 1177 402 :
1195 373 1257 403 hoc
1278 381 1347 403 non
1371 372 1481 410 solvit,
1499 371 1575 411 quia
1593 371 1619 401 si
1638 370 1754 410 aliquis

976 426 1093 457 diceret
1118 425 1248 457 Petrum
1273 435 1340 456 esse
1365 426 1487 463 album,
1504 425 1578 465 quia
1597 426 1644 455 est
1663 424 1754 455 albus

976 479 1153 509 secundum
1175 488 1309 518 corpus,
1332 481 1361 510 et
1377 488 1442 509 non
1458 488 1525 509 esse
1539 478 1660 516 album,
1678 478 1755 518 (111111

975 541 1040 563 non
1060 534 1105 563 est
1125 532 1215 563 albus
1238 533 1414 563 secundum
1438 533 1592 570 animam,
1609 531 1690 562 nihil
1705 531 1754 562 di-

975 588 1078 623 ceret;
1096 585 1201 625 prima
1209 585 1294 616 enim
1310 587 1390 616 esset
1407 586 1591 626 simpliciter
1605 595 1693 624 vera⁷
1710 594 1754 616 se-

974 639 1080 670 cunda
1090 639 1274 679 simpliciter
1289 638 1367 669 salsa
1384 649 1391 669 ε
1407 648 1485 678 ergo
1499 639 1525 669 si
1539 639 1608 669 11100
1619 641 1665 669 est
1678 648 1754 669 vera

973 693 1151 724 secundum
1185 692 1419 723 humanitatem
1447 701 1454 723 ι
1489 704 1503 721 «
1533 692 1674 723 Christus
1708 694 1755 723 est

973 749 1139 785 mortuus3
1175 757 1188 774 1)
1227 746 1286 776 ista
1319 746 1379 777 erit
1410 746 1594 786 simpliciter
1629 746 1707 777 falsa
1745 757 1752 778 z

978 812 992 829 «
1008 801 1151 832 Christus
1163 809 1227 831 11011
1242 802 1288 831 est
1300 801 1458 831 mortuus.
1477 811 1490 828 1)
1511 799 1588 830 Item
1605 799 1674 830 haee
1685 800 1754 830 abs-

974 863 1036 894 que
1064 855 1160 885 dubio
1183 856 1229 885 est
1251 863 1328 885 vera
1352 863 1358 883 z
1379 865 1394 883 «
1414 853 1556 884 Christus
1582 855 1628 884 est
1656 854 1753 885 homo

973 917 1085 948 passus
1102 910 1133 939 et
1148 910 1305 939 mortuus.
1327 918 1340 935 1)
1361 907 1394 938 Si
1412 916 1490 946 ergo
1510 909 1556 938 est
1571 908 1753 938 communi-

974 963 1054 994 catio
1080 963 1286 1000 idiomatum,
1304 962 1373 992 haec
1386 961 1446 991 erit
1460 970 1536 992 vera
1554 972 1559 992 :
1583 961 1689 992 «Deus
1708 964 1754 993 est

973 1019 1132 1048 mortuus.
1155 1029 1169 1045 »
1198 1016 1285 1055 Ergo
1313 1016 1457 1046 Christus
1487 1016 1584 1046 homo
1615 1018 1646 1046 et
1670 1016 1753 1047 Deus

973 1073 1019 1101 est
1047 1073 1201 1102 mortuus.
1233 1070 1265 1102 Si
1290 1079 1368 1109 ergo
1393 1070 1462 1100 haee
1483 1071 1530 1100 est
1559 1079 1636 1101 vera
1663 1071 1750 1101 omni

974 1125 1068 1156 modo
1086 1137 1092 1155 ;
1109 1136 1124 1155 α
1141 1124 1282 1156 Christus
1301 1126 1348 1154 est
1363 1125 1527 1162 mortuus,
1546 1136 1560 1152 »
1580 1124 1639 1154 erit
1653 1133 1753 1165 oppo-

972 1178 1031 1209 sita
1046 1179 1116 1218 ejus
1129 1178 1314 1218 simpliciter
1327 1177 1414 1208 falsa.

1013 1231 1104 1272 Resp.
1122 1231 1298 1262 Dicendum
1314 1231 1397 1270 quod
1412 1231 1531 1271 absque
1546 1231 1642 1261 dubio
1659 1229 1749 1271 illud,

972 1286 1057 1326 quod
1073 1285 1222 1317 convenit
1235 1284 1358 1315 Christo
1372 1284 1550 1315 seeundum
1570 1284 1750 1316 humanam

971 1342 1132 1377 naturam,
1151 1340 1246 1370 etiam
1261 1338 1591 1370 secundum'divinam
1603 1338 1752 1379 simpliei—

971 1395 1020 1425 ter
1034 1396 1064 1424 et
1079 1402 1155 1425 vere
1168 1394 1268 1433 potest
1282 1393 1311 1424 ei
1323 1393 1465 1424 attribui.
1482 1392 1571 1423 Unde
1588 1402 1663 1424 vere
1678 1393 1751 1424 dici-

971 1449 1024 1478 tur
1041 1456 1047 1476 :
1064 1447 1231 1479 «Christus
1241 1447 1287 1477 est
1295 1447 1419 1477 creator
1429 1446 1593 1485 omnium;
1607 1446 1751 1478 Christus

972 1503 1066 1532 natus
1085 1502 1131 1531 est
1146 1501 1184 1532 de
1198 1499 1342 1540 Virgine.
1362 1511 1376 1529 1)
1393 1499 1473 1531 Vere
1493 1500 1589 1531 etiam
1608 1500 1724 1532 dicitur
1740 1510 1747 1533 ε

975 1567 989 1585 α
1006 1554 1147 1586 Christus
1161 1556 1207 1585 est
1222 1554 1379 1592 mortalis;
1395 1553 1539 1585 Christus
1554 1556 1601 1585 est
1615 1555 1750 1586 immor-

971 1609 1052 1640 talis.
1076 1619 1091 1637 1)
1122 1609 1275 1646 Quamvis
1298 1611 1405 1639 autem
1436 1608 1558 1648 aliquid
1582 1609 1750 1640 conveniat

971 1663 1092 1694 Christo
1101 1662 1278 1694 secundum
1286 1664 1435 1693 naturam
1445 1664 1653 1702 assumptam,
1664 1663 1745 1703 quod

971 1726 1037 1748 non
1058 1717 1206 1748 convenit
1231 1716 1260 1747 ei
1286 1716 1464 1747 secundum
1488 1716 1649 1755 divinam,
1683 1725 1747 1748 non

970 1772 1073 1811 potest
1091 1773 1197 1801 tamen
1219 1770 1258 1800 ab
1281 1779 1318 1800 ea
1344 1769 1529 1810 simpliciter
1553 1770 1712 1801 removeri
1737 1778 1745 1801 :

971 1824 1046 1864 quia
1060 1824 1131 1865 plus
1154 1824 1235 1854 tollit
1255 1823 1396 1863 negatio,
1420 1832 1517 1863 quam
1540 1823 1637 1863 ponat
1659 1823 1746 1854 affir-

971 1878 1078 1909 matio.
1100 1878 1137 1909 Et
1153 1877 1223 1908 ideo
1240 1877 1441 1908 affirmativae
1452 1877 1662 1908 concedendae
1674 1880 1749 1909 sunt

968 1934 1123 1972 tanquam
1153 1940 1259 1969 verae3
1296 1931 1457 1970 negativae
1486 1940 1563 1962 vero
1590 1932 1748 1971 negaudae

970 1989 1044 2018 sunt
1066 1988 1221 2026 tanquam
1243 1986 1329 2017 falsae
1343 2010 1350 2024 ,
1379 1985 1436 2016 11151
1461 1987 1682 2025 proponantur
1696 1985 1748 2017 vel

969 2040 1192 2079 intelligantur
1223 2048 1298 2070 eum
1329 2039 1436 2070 addita
1469 2039 1745 2071 determinatione.

973 2094 1058 2125 Unde
1072 2094 1141 2124 haec
1153 2095 1200 2125 est
1214 2102 1290 2124 vera
1304 2103 1312 2124 :
1333 2104 1347 2123 α
1363 2093 1505 2125 Christus
1520 2102 1583 2124 non
1596 2095 1643 2124 est
1658 2103 1746 2125 mor-

968 2150 1045 2179 tuus
1057 2147 1235 2179 secundum
1250 2147 1414 2185 deitatem;
1428 2158 1442 2175 »
1461 2147 1530 2178 haec
1545 2149 1652 2179 autem
1667 2148 1747 2179 sim—

969 2202 1091 2242 pliciter
1115 2201 1237 2242 prolata
1261 2209 1268 2232 :
1295 2212 1309 2231 <1
1331 2201 1476 2232 Christus
1499 2210 1564 2232 non
1586 2203 1633 2232 est
1657 2211 1746 2233 mor-

968 2258 1059 2295 tuus,
1097 2267 1111 2285 1>
1150 2255 1227 2286 falsa
1260 2257 1316 2287 est.
1351 2255 1539 2286 Ambrosius
1573 2257 1681 2287 autem
1717 2258 1747 2287 et

969 2310 1119 2350 Magister
1148 2309 1317 2350 praedictas
1350 2309 1526 2340 locutiones
1561 2310 1746 2349 intelligunt

968 2373 1042 2395 cum
1056 2363 1321 2395 determinatione
1348 2363 1499 2403 adjuncta
1524 2374 1530 2394 :
1554 2363 1640 2404 quod
1661 2364 1747 2404 patet

967 2426 1024 2459 per
1044 2418 1143 2448 finem
1163 2417 1360 2448 auctoritatis
1380 2417 1493 2458 primae
1520 2418 1562 2455 (a)
1590 2425 1597 2447 ε
1622 2426 1662 2447 ex
1685 2417 1746 2448 hoc

967 2472 1034 2512 ipso
1048 2471 1134 2512 quod
1148 2471 1297 2512 proponit
1318 2471 1393 2502 istas
1408 2471 1503 2502 simul
1527 2482 1533 2502 :
1555 2482 1569 2500 t(
1591 2470 1746 2501 morieba-

965 2527 1030 2564 tur,
1047 2536 1062 2554 »
1079 2527 1111 2556 et
1129 2536 1143 2555 «
1157 2534 1222 2556 non
1237 2524 1443 2562 moriebatur,
1468 2536 1482 2553 »
1510 2525 1651 2555 arctatur
1672 2532 1745 2564 pars

966 2581 1159 2613 affirmativa
1172 2580 1211 2612 ad
1226 2580 1405 2612 humanam
1420 2581 1581 2618 naturam,
1599 2581 1629 2610 et
1643 2588 1745 2619 nega-

965 2635 1031 2666 tiva
1053 2635 1092 2667 ad
1116 2634 1270 2667 divinam.
1298 2634 1371 2666 Ideo
1394 2642 1460 2665 non
1480 2634 1527 2664 est
1549 2632 1593 2664 ihi
1617 2635 1743 2665 contra-

999 2698 1030 2729 (α)
1044 2698 1105 2723 Caet.
1120 2698 1181 2721 edit.
1197 2696 1368 2726 auctoritatis,
1383 2695 1466 2726 primo
1482 2702 1513 2720 ex
1525 2695 1575 2720 hoe
1585 2715 1591 2726 ,
1603 2698 1654 2722 ete.
