2017 2960
829 204 1018 236 nisrlNst'r.
1045 206 1096 237 111.
1731 214 1770 242 55

161 270 380 315 Augustinus,
397 281 492 315 super
509 271 662 305 Genesim
679 275 687 293 ¹
704 285 714 305 .·
736 285 752 304 «
767 271 860 306 Sicut
875 273 980 306 Adam
998 278 1162 319 peccante,
1180 275 1238 320 qui
1255 275 1289 308 in
1305 275 1429 308 lumbis
1445 276 1516 319 ejus
1531 281 1636 318 erant,
1661 290 1770 321 pccca-

161 333 295 370 verunt;
312 329 357 362 sic
372 329 540 362 Abraham
556 330 654 363 dante
667 331 826 372 «lecimus,
847 332 905 376 qui
930 332 962 364 iu
979 332 1103 365 lumbis
1127 333 1198 376 ejus
1217 337 1310 366 eraut
1326 361 1333 374 ‚
1352 333 1503 367 decimati
1520 339 1608 368 suut.
1627 334 1690 368 Sed
1708 336 1767 368 hoc

160 398 225 421 non
240 387 391 433 sequitur
405 388 438 420 iu
454 388 596 430 Christo,
612 389 686 422 licet
702 389 735 422 in
751 389 874 422 lumbis
890 390 969 424 Adae
984 396 1015 423 et
1032 391 1172 424 Abrabm
1190 391 1301 432 fuerit,
1315 392 1394 437 quia
1409 404 1474 425 uon
1492 393 1673 427 secundum
1692 405 1769 427 con-

159 445 390 490 cupiscentiam
407 446 515 479 caruis
531 446 606 480 inde
621 447 798 481 descendit.
817 448 900 481 Cum
916 460 993 492 ergo
1011 448 1088 482 Levi
1104 454 1135 482 et
1152 449 1302 483 Clu-istus
1317 451 1498 484 secundum
1514 462 1645 484 carnem
1662 458 1769 486 esseut

159 503 192 536 in
208 503 330 537 lumbis
344 504 503 546 Abrahae,
520 505 653 550 quando
669 505 850 538 decimatus
865 511 928 548 est,
946 506 1018 540 ideo
1037 508 1157 550 pariter
1179 508 1330 541 decimati
1347 520 1412 542 non
1438 514 1533 551 sunt,
1550 510 1629 555 quia
1653 522 1767 544 secun-

157 561 237 595 dum
249 561 394 606 aliquem
410 562 544 596 modum
557 574 623 596 nou
636 567 705 596 erat
718 563 762 596 ibi
773 563 936 605 Christus,
949 576 1016 609 quo
1028 569 1096 598 erat
1107 565 1152 598 ibi
1162 565 1253 599 Levi.
1269 566 1458 600 Secundum
1471 568 1632 602 rationem
1647 569 1768 614 quippe

157 619 249 653 illam
265 621 457 654 seminalem
473 621 518 654 ibi
536 621 598 654 fuit
612 621 712 663 Levi,
739 634 805 667 qua
831 623 956 656 ratione
971 634 1028 668 per
1050 624 1263 657 concubitum
1280 629 1442 658 venturus
1457 630 1525 658 erat
1550 626 1583 659 iu
1608 632 1765 669 matrem,

157 678 338 712 secuudum
354 690 455 724 quam
471 679 631 712 rationem
647 691 713 713 non
729 684 798 713 erat
814 680 858 714 ibi
874 680 995 714 Christi
1011 692 1102 724 caro,
1121 683 1274 727 quamvis
1289 683 1472 717 secundum
1487 684 1589 729 ipsum
1608 685 1652 717 ibi
1668 685 1768 718 fuerit

158 736 268 771 Μαι-ἰῶ
282 748 369 770 caro.
388 737 446 771 lile
464 748 542 781 ergo
566 737 748 771 decimatus
762 743 810 772 est
825 739 859 771 in
877 739 1044 773 Abraham
1059 766 1066 781 ,
1083 740 1142 785 qui
1157 740 1202 773 sic
1219 741 1282 774 fuit
1298 741 1331 774 in
1350 742 1475 774 lumbis
1499 742 1660 785 Abrahae,
1684 743 1768 776 sicut

157 793 214 829 ille
229 795 293 828 fuit
307 795 341 829 in
356 795 480 830 lumbis
495 796 596 841 patris
609 796 661 829 sui
673 823 681 838 ‚
697 796 729 829 id
745 801 810 839 est,
837 797 895 842 qui
919 797 964 830 sic
982 803 1029 831 est
1045 803 1141 832 uatus
1165 798 1205 832 de
1228 803 1319 844 patre
1341 800 1530 842 Abraham,
1548 801 1632 834 sicut
1650 801 1705 834 ille
1727 802 1767 836 de

158 857 249 899 patre
263 865 322 887 suo
337 858 434 888 natus
449 859 517 896 est,
533 855 656 888 scilicet
671 866 730 900 per
746 855 853 899 legem
869 856 977 889 caruis
991 861 1022 889 et
1038 857 1239 891 invisibilem
1254 858 1564 903 concupiscentiam.
1583 873 1599 891 »

201 912 360 953 Quocirca
375 913 536 958 primitias
548 917 666 947 nostrae
682 925 795 948 massae
807 918 891 948 recte
907 915 1121 960 assumpsisse
1133 916 1447 958 diciturChristus’‚
1463 918 1620 963 quianon
1635 930 1764 952 carnem
1816 954 1860 978 Qua

158 970 296 1017 peccati,
326 971 381 1004 sed
397 970 649 1005 similitudinem
666 972 774 1006 caruis
790 973 910 1018 peccati
928 974 1062 1019 aceepit.
1082 974 1173 1007 Misit
1202 975 1291 1008 enim
1307 976 1392 1010 Dens
1404 976 1515 1020 filium
1531 988 1626 1009 suum
1641 1003 1649 1019 ,
1671 982 1706 1010 ut
1722 977 1767 1010 ait
1798 987 1879 1004 rau-me

1808 1023 1859 1036 (³¹⁴)

158 1030 336 1075 Apostolus
351 1030 372 1071 ³,
389 1030 424 1063 in
439 1030 695 1064 similitudinem
708 1031 816 1065 carnis
828 1032 974 1076 peccati.
994 1032 1179 1077 Assumpsit
1194 1033 1282 1066 euim
1294 1033 1315 1066 N
1328 1033 1444 1067 erbum
1455 1046 1586 1068 caruem
1599 1036 1765 1080 peccatrici
1797 1048 1875 1068 cunm

157 1088 342 1121 similemin
354 1099 462 1133 poeua,
475 1100 540 1122 nou
559 1089 591 1122 in
608 1089 716 1134 culpa,
728 1094 759 1122 et
774 1090 847 1123 ideo
858 1101 923 1123 uon
939 1091 1163 1135 peccatricem„
1181 1096 1376 1125 caeterorum
1388 1103 1465 1125 vero
1478 1092 1767 1127 hominumomuis
1782 1079 1890 1136 iifssssffi

157 1157 232 1180 caro
248 1147 370 1192 peccati
385 1152 443 1180 est.
463 1147 541 1180 Sola
557 1147 648 1180 illius
666 1159 730 1180 uou
755 1152 802 1180 est
825 1159 900 1181 caro
916 1148 1038 1193 peccati
1050 1175 1057 1189 ,
1076 1149 1154 1193 quia
1170 1161 1236 1181 nou
1262 1161 1339 1183 eum
1367 1155 1471 1183 mater
1487 1151 1764 1196 coucupiscentia,
1787 1145 1885 1193 'usffssss'gn

1782 1207 1890 1230 pta—cairi(

155 1205 210 1239 sed
225 1205 331 1249 gratia
344 1205 502 1251 concepit.
521 1205 627 1239 Ilabet
642 1210 751 1239 tamen
768 1206 1021 1239 similitudinem
1038 1207 1145 1240 curuis
1160 1208 1280 1252 peccati
1297 1219 1354 1253 per
1371 1209 1616 1253 passibilitatem
1634 1214 1665 1243 et
1682 1222 1764 1243 mor·
1782 1236 1818 1255 5¹„
1836 1242 1890 1262 psc-

155 1263 326 1306 talitatem,
338 1264 417 1310 quia
432 1265 577 1306 esuriit‘,
600 1264 681 1297 sitiit
695 1266 716 1306 ⁵,
731 1269 763 1298 et
778 1264 982 1309 hujusmodi.
1001 1264 1090 1298 Licet
1105 1277 1182 1309 ergo
1199 1266 1312 1299 eadem
1328 1278 1403 1300 caro
1419 1268 1461 1300 sit
1475 1268 1546 1312 ejus
1564 1280 1637 1313 quae
1650 1273 1682 1302 et
1693 1281 1767 1303 nos-
1793 1267 1872 1318 fflsff

156 1326 206 1356 tra
219 1349 227 1365 ,
244 1334 311 1356 non
327 1327 437 1357 tamen
453 1323 498 1356 ita
513 1324 597 1356 facta
611 1328 659 1357 est
677 1323 710 1356 in
729 1327 821 1356 utero
835 1323 920 1356 sicut
935 1328 1056 1357 nostra.
1074 1323 1131 1357 Est
1145 1325 1234 1357 euim
1251 1325 1453 1359 sanctificata
1466 1327 1501 1359 in
1516 1331 1627 1366 utero,
1643 1332 1674 1360 et
1691 1333 1767 1361 nata
1782 1335 1826 1354 '¹¹¹0
1837 1336 1889 1355 w·-

1810 1361 1864 1380 ritur

154 1382 225 1416 siue
242 1387 382 1427 peccato,
400 1386 431 1415 et
447 1393 506 1416 nec
521 1383 589 1428 ipse
604 1382 742 1416 inillam
759 1394 908 1427 unquam
925 1383 1080 1427 peccavit.
1103 1384 1138 1416 In
1152 1395 1247 1428 poena
1262 1395 1340 1428 ergo
1355 1385 1474 1418 similis
1487 1390 1534 1419 est
1550 1391 1680 1427 nostrae,
1699 1397 1764 1419 non
1781 1398 1867 1443 ’,ηις-Ἦ

157 1440 191 1474 in
206 1441 364 1487 qualitate
380 1442 500 1486 peccati
511 1467 519 1483 ,
535 1441 614 1487 quia
631 1441 866 1486 pollutionem,
885 1452 957 1486 qum
973 1452 1014 1474 ex
1028 1442 1300 1487 concupiscentiae
1321 1448 1414 1476 motu
1439 1449 1595 1489 concepta
1609 1449 1655 1477 est
1669 1471 1676 1486 ,
1694 1456 1765 1478 om-
1789 1431 1889 1506 iscciisilit

1796 1493 1836 1506 num
1859 1493 1878 1506 ul

156 1501 236 1535 nino
251 1512 317 1534 non
334 1500 451 1534 habuit
462 1528 471 1541 ,
491 1511 549 1534 nec
564 1511 605 1533 ex
619 1492 746 1533 carnali
762 1500 978 1533 delectatione
997 1504 1073 1533 nata
1087 1505 1145 1534 est.
1165 1501 1266 1534 Venit
1281 1512 1359 1545 ergo
1374 1502 1415 1535 ad
1438 1513 1557 1548 corpus
1572 1503 1766 1537 immacula-
1780 1517 1892 1538 incure-io

156 1561 245 1602 tum,
262 1559 351 1604 quod
368 1564 483 1604 praeter
508 1559 656 1592 libidinis
678 1558 975 1604 concupiscentiam
993 1558 1055 1591 fuit
1070 1564 1286 1604 conceptum,·
1302 1571 1361 1593 uec
1376 1560 1460 1594 illud
1476 1561 1510 1595 iu
1523 1573 1556 1594 se
1579 1562 1698 1595 habuit
1715 1562 1763 1595 vi-

156 1618 253 1661 tium,
270 1618 358 1663 quod
374 1617 409 1651 in
427 1617 500 1651 aliis
513 1622 561 1651 est
575 1628 671 1651 causa
684 1617 804 1662 peccati
818 1630 825 1659 ;
843 1616 947 1650 necin
962 1628 1000 1651 eo
1015 1618 1173 1662 peccavit.
1189 1617 1333 1663 Ideoque
1347 1630 1424 1653 vere
1439 1619 1561 1653 dicitur
1572 1620 1675 1654 Verbi
1690 1632 1764 1654 caro

155 1687 223 1710 non
238 1676 336 1709 fuisse
351 1676 386 1709 in
400 1675 530 1710 Christo
545 1675 693 1718 obligata
707 1679 850 1720 peccato.

199 1733 252 1767 Illi
267 1737 377 1767 autem
401 1733 586 1775 sententiae,
612 1746 679 1779 qua
702 1745 802 1778 supra
824 1733 970 1766 diximus
991 1745 1124 1767 carnem
1150 1735 1253 1768 Verbi
1275 1748 1342 1769 nou
1368 1741 1443 1770 ante
1462 1736 1561 1771 fuisse
1576 1742 1764 1783 conceptam

1791 1764 1883 1788 Quidam

155 1805 254 1841 quam
270 1797 471 1839 assumptam
483 1819 492 1835 ‚
510 1792 641 1826 videtur
655 1792 790 1828 obviare
805 1792 894 1838 quod
912 1793 1123 1836 Augustinus
1141 1794 1186 1827 ait
1200 1806 1297 1840 super
1310 1797 1473 1829 loannem
1487 1823 1495 1837 ‚
1518 1796 1575 1829 uhi
1591 1797 1713 1841 legitur
1728 1804 1738 1820 ⁶
1757 1809 1764 1830 :
1782 1795 1891 1849 gfffssss'

155 1853 278 1890 Solvite
292 1853 450 1898 templum
465 1852 525 1886 Ιιοσ
535 1878 542 1892 ,
559 1858 590 1885 et
604 1852 640 1885 in
656 1851 759 1885 tribus
774 1850 885 1885 diebus
899 1851 1048 1885 eaecicabo
1070 1852 1166 1886 illud.
1186 1854 1351 1888 Dixermzt
1367 1867 1442 1900 erqo
1457 1855 1567 1889 Judoei
1583 1869 1593 1888 .·
1613 1855 1766 1897 szclrcz-
1791 1860 1821 1880 2¹¹³
1833 1866 1884 1879 ⁵⁰¹¹-

1795 1891 1866 1911 umine
1884 1907 1889 1913 .

153 1913 250 1960 qima
263 1918 294 1946 et
304 1924 361 1946 seae
370 1912 469 1946 annis
484 1910 691 1956 aedificatum
707 1917 754 1944 est
769 1910 829 1944 leoc
844 1911 1017 1956 templum,
1035 1917 1066 1944 et
1078 1917 1114 1944 eu
1125 1912 1229 1946 tribus
1241 1912 1353 1946 diebus
1367 1914 1527 1947 excitabis
1539 1914 1645 1948 illud?
1663 1927 1680 1945 «
1691 1914 1764 1955 Hic,
1782 1930 1822 1949 «ιν-ι
1834 1924 1880 1942 ‹¹¹0-

1793 1958 1836 1974 tum
1847 1957 1879 1974 cs:

154 1972 310 2018 iuquit»,
336 1981 497 2004 numerus
513 1969 703 2016 perfectioni
717 1969 874 2003 dominici
892 1969 1037 2014 corporis
1062 1971 1229 2012 convenit,
1256 1972 1347 2017 quia,
1372 1977 1409 2006 ut
1426 1973 1541 2007 dicunt
1558 1973 1702 2019 physici,
1721 1977 1767 2005 tot
1792 1991 1879 2037 Ἔρος)

1807 2032 1810 2036 .
1821 2023 1857 2037 ΙΙἹΞ
1869 2025 1874 2038 Ι

155 2031 271 2066 diebus
284 2031 390 2064 forma
404 2029 543 2063 humani
558 2028 704 2074 corporis
719 2027 899 2073 perficitur.
917 2041 933 2058 n
958 2028 1086 2061 Horum
1108 2029 1277 2063 occasione
1297 2031 1475 2066 verborum
1498 2032 1634 2078 quidam
1659 2032 1765 2065 dicere
1783 2050 1891 2074 ,mumius

155 2093 438 2137 praesumpsei·unt
453 2088 609 2123 dominici
624 2087 769 2132 corporis
784 2086 924 2120 formam
942 2091 987 2119 tot
1003 2086 1120 2120 diebus
1134 2087 1173 2120 ad
1192 2088 1327 2122 modum
1341 2090 1485 2124 alioruin
1501 2103 1676 2137 corporum
1692 2102 1766 2136 per·
1792 2087 1883 2132 “ssfJ'*

154 2149 290 2193 sectam,
307 2152 339 2182 et
354 2148 580 2182 membrorum
596 2145 803 2180 lineamentis
817 2145 1005 2178 distinctam
1016 2172 1024 2187 ,
1041 2150 1072 2179 et
1085 2157 1158 2180 mox
1178 2147 1328 2182 Verbum
1343 2149 1465 2183 dicitur
1479 2151 1541 2184 sibi
1559 2152 1681 2186 uniisse
1696 2164 1766 2186 car·
1781 2150 1889 2202 3:1553353,

155 2219 231 2242 nem
245 2212 278 2242 et
292 2208 437 2241 animam
449 2233 457 2249 ,
475 2211 507 2240 et
522 2206 583 2240 hoc
598 2205 695 2239 modo
709 2204 824 2238 dicunt
839 2204 935 2237 illum
954 2215 1132 2238 numerum
1148 2206 1341 2251 perfectioni
1356 2208 1514 2242 dominici
1527 2211 1672 2256 corporis
1688 2222 1765 2245 con-

154 2267 279 2301 venire.
297 2267 361 2300 Sed
377 2266 441 2300 alia
456 2266 539 2299 ratio
554 2265 647 2298 illius
657 2264 734 2298 dicti
746 2263 865 2303 extitit,
883 2274 923 2296 ex
938 2274 1004 2308 qua
1019 2274 1098 2297 sana
1114 2265 1221 2298 oritur
1237 2265 1456 2311 intelligentia
1468 2268 1572 2302 verbi.
1590 2269 1663 2303 Non
1676 2271 1764 2304 euim

155 2325 228 2360 ideo
244 2325 327 2359 illud
342 2325 427 2359 dixit
441 2324 666 2368 Augustinus,
684 2323 764 2368 quia
779 2333 856 2355 mox
879 2325 916 2354 ut
929 2332 1005 2354 caro
1021 2322 1078 2355 illa
1095 2334 1193 2368 opere
1208 2324 1352 2369 Spiritus
1368 2326 1470 2359 sancti
1493 2328 1714 2370 sanctificata,
1732 2333 1763 2362 et

155 2397 175 2420 a
189 2384 317 2430 reliqua
332 2387 480 2430 separata
491 2383 566 2425 fuit,
583 2382 694 2416 Verbo
707 2381 767 2414 Dei
782 2392 858 2414 cum
873 2380 985 2413 anima
1001 2380 1166 2423 uniretur,
1183 2386 1220 2415 ut
1235 2383 1395 2428 perfectus
1409 2390 1441 2418 et
1452 2397 1550 2419 verus
1565 2387 1664 2428 Deus,
1683 2392 1766 2421 esset

157 2444 320 2490 perfectus
333 2447 366 2477 et
381 2454 478 2476 verus
493 2442 604 2483 homo;
617 2440 671 2474 sed
687 2440 767 2486 quia
783 2439 1008 2472 membrorum
1025 2439 1117 2472 illius
1131 2439 1290 2475 dominici
1305 2444 1450 2488 corporis
1464 2444 1629 2479 distinctio
1646 2445 1679 2478 in
1695 2445 1765 2491 ipso

158 2507 325 2538 momento
339 2500 561 2547 conceptionis
581 2503 613 2533 et
628 2498 762 2532 unionis
778 2497 836 2531 Dei
851 2502 882 2530 et
899 2496 1040 2530 hominis
1063 2498 1144 2532 adeo
1166 2500 1274 2533 tenuis
1294 2505 1362 2535 erat
1378 2508 1408 2535 et
1423 2514 1542 2547 parva,
1561 2507 1597 2536 ut
1618 2503 1766 2538 humano

192 2588 200 2604 Ι
215 2588 290 2616 Aug„
302 2585 333 2609 de
348 2585 409 2609 Gen.
425 2582 459 2607 ad
475 2583 538 2611 ΠΗ..
552 2582 596 2606 tib.
614 2582 644 2612 X,
662 2588 686 2606 c.
699 2586 743 2611 xx,
758 2587 784 2604 n.
798 2582 826 2604 35
841 2581 865 2604 et
878 2580 917 2608 210,
931 2578 1016 2609 quoad
1031 2586 1149 2610 sensum,
1165 2581 1208 2606 cit.
1222 2581 1247 2606 iu
1257 2582 1330 2606 0105,-
1353 2591 1409 2614 cap.
1422 2590 1465 2608 ru.
1477 2596 1508 2601 —-
1522 2584 1532 2600 ¹
1543 2585 1578 2608 Ex
1598 2585 1727 2615 θυώδεα,
1737 2584 1767 2609 do

161 2622 222 2646 Fide
234 2621 312 2652 oreti„
327 2620 371 2644 lib.
391 2620 432 2650 iu,
449 2628 470 2644 c.
490 2624 507 2643 n
526 2620 551 2642 et
566 2623 605 2642 ιιι.
625 2617 676 2635 —³
695 2616 772 2645 Rom,
791 2621 845 2643 xiii,
862 2617 885 2638 3.
907 2627 932 2630 —
945 2614 954 2630 δ
974 2614 1074 2644 Mami„
1092 2621 1130 2644 iu,
1147 2618 1169 2641 2.
1183 2630 1212 2635 -—
1227 2617 1331 2646 ⁵Jmm„
1356 2624 1413 2649 xix,
1426 2621 1494 2643 28.—
1508 2620 1610 2650 ⁸!ouu.‚
1625 2625 1656 2650 11,
1674 2621 1710 2651 59,
1727 2622 1766 2644 20.

159 2659 210 2679 -7
223 2661 298 2692 Aug„
313 2659 339 2683 i'n
353 2658 416 2683 Ιοαη
430 2659 492 2682 trac.
510 2657 539 2686 X,
554 2662 580 2680 n.
599 2656 642 2687 ¹²5
655 2653 686 2678 dc:
701 2654 780 2685 Trin.,
795 2653 838 2678 lib.
855 2653 897 2682 iv,
913 2659 937 2683 c,
949 2657 975 2684 V,
991 2659 1016 2676 u.
1029 2653 1098 2684 ss;1le
1111 2654 1488 2687 ‹tu-ers.1,x.x·X1110L'AEsr..
1502 2664 1528 2689 q.
1544 2663 1593 2682 isi.
1609 2658 1666 2683 x'id.
1683 2659 1765 2683 Closs.

161 2706 186 2722 m
199 2699 272 2724 loon.
