2017 2960
162 883 173 894 ΙΙ

160 911 171 926 t.

154 938 179 956 ὼ
192 941 195 955 ι

145 969 213 988 φιΙιιΙι,

175 1001 208 1018 «la.

147 1317 187 1336 Ali«
199 1324 228 1335 «ui

139 1352 182 1367 §ent
202 1351 243 1366 ntia

139 1385 174 1404 (llll
183 1385 193 1396 Η
206 1385 229 1397 ΝΗ

140 1410 204 1429 adom
218 1417 227 1427 u

139 1446 186 1459 liu-:u
196 1445 245 1459 utri·

139 1477 179 1496 qut·
190 1481 193 1487 ι
204 1471 221 1489 xl

146 1502 153 1521 l
152 1509 191 1521 ιιιιιι
196 1503 236 1520 lani

146 1533 229 1551 trahunt

261 215 317 244 196
823 214 1129 246 SENTENTIARUM
1151 215 1223 247 LIB.
1248 216 1299 246 lll.

793 375 1212 420 DlSTlNCTIO
1257 376 1330 421 lX

261 515 362 537 L'TRL'M
376 516 452 537 CAno
466 515 581 537 CHRISTI
595 515 641 536 SIT
655 514 817 536 AnonANDA
833 515 1025 537 ADORATloNss
1040 516 1156 538 LATRIAE
1169 518 1176 546 ζ
1198 516 1277 542 QUOD
1301 517 1355 538 EST
1376 516 1556 538 PROPRIETAS
1579 519 1691 540 mvaAE
1711 519 1852 542 NATURAE.

307 616 467 648 Praeterea
481 615 669 657 investigari
685 619 822 659 oportet,
841 620 953 648 utrum
968 627 1041 648 caro
1064 616 1184 648 Christi
1205 621 1237 648 et
1251 617 1361 649 anima
1376 628 1443 649 una
1457 617 1635 661 eademqne
1649 629 1725 651 cum
1743 619 1853 653 Verbo

166 694 244 707 mm..
263 674 377 705 debeat
391 673 579 706 adoratione
607 674 748 715 adorari,
778 674 835 706 illa
863 674 983 706 seilicet
1010 685 1084 718 quae
1108 675 1203 706 latria
1226 674 1356 708 dicitur.
1385 674 1419 707 Si
1441 675 1529 707 enim
1558 675 1678 708 animae
1699 676 1750 708 vel
1765 678 1856 709 carni

213 725 437 767 ‘ffexhibetur
463 732 570 772 latria,
600 744 672 776 quse
704 732 903 775 intelligitur
933 733 1084 773 servitus,
1117 732 1183 765 sive
1211 733 1318 764 cultus
1344 733 1404 765 soli
1432 732 1575 765 Creatori
1605 733 1749 775 debitus-3
1780 745 1855 766 cum

181 791 221 831 ..ᾎῙ
245 790 373 821 ‘anima
388 789 506 822 Christi
536 790 585 822 vel
614 801 689 822 caro
715 795 862 823 creatura
892 794 1019 822 tantum
1045 790 1097 830 sit,
1128 794 1282 823 creaturae
1307 790 1491 829 exhibetur,
1521 791 1609 834 quod
1639 791 1700 823 soli
1715 792 1857 824 Creatori

184 848 241 893 ''1¹1³‘'
263 847 423 879 debetur:
443 847 530 891 quod
552 848 682 880 facienti
709 848 741 880 in
771 848 989 879 idololatriam
1019 848 1207 892 deputatur.
1243 848 1318 881 Ideo
1347 848 1544 892 quibusdam
1572 848 1703 881 videtur
1718 860 1785 881 non
1800 849 1858 882 illa

192 915 195 924 ¹
215 910 233 955 fl*
263 905 462 946 adoratione,
478 917 549 949 quzu
565 905 660 937 latria
683 911 741 946 cst,
765 916 893 937 carnem
919 905 1050 946 Christi,
1074 905 1125 937 vel
1146 905 1289 937 animani
1313 917 1379 937 esse
1402 906 1615 947 adorandam,
1644 906 1698 939 sed
1714 906 1771 938 illa
1785 917 1857 950 quae

225 975 245 986 ¹1⁴
262 967 308 995 ost
322 963 413 995 dulia
432 975 437 994 :
455 963 549 1006 cujus
563 963 643 995 duas
667 964 788 1006 species
813 963 863 995 vel
889 963 1000 995 modos
1021 975 1087 996 esse
1111 963 1235 995 dieunt.
1261 963 1317 995 Est
1341 963 1427 995 enim
1447 964 1618 1007 cujusdam
1642 964 1729 996 modi
1751 963 1854 1005 dulia,

261 1032 335 1064 quae
352 1025 509 1053 ereaturae
523 1020 657 1052 cuilibet
671 1020 818 1052 exhiberi
834 1024 951 1063 potest;
971 1025 1000 1052 et
1017 1025 1063 1053 est
1079 1021 1227 1065 quaedam
1243 1021 1303 1053 soli
1314 1021 1511 1053 humanitati
1527 1021 1648 1053 Christi
1660 1021 1856 1062 exhibenda,

260 1090 326 1110 non
342 1078 397 1110 alii
412 1083 588 1119 creaturae,
619 1078 697 1122 quia
720 1078 840 1110 Christi
865 1078 1053 1111 humanitas
1073 1090 1170 1123 super
1195 1090 1325 1111 omnem
1350 1083 1532 1111 creaturam
1557 1083 1603 1111 est
1626 1078 1812 1112 veneranda
1826 1083 1858 1111 et

259 1136 424 1178 diligenda
443 1147 533 1168 :non
558 1140 664 1167 tamen
690 1136 769 1167 adeo
794 1140 830 1167 ut
851 1136 959 1168 cultus
980 1136 1144 1169 divinitati
1171 1137 1311 1178 debitus,
1338 1137 1366 1169 ei
1391 1136 1596 1177 exhibeatur,
1620 1136 1678 1181 qui
1701 1135 1810 1169 cultus
1823 1136 1858 1168 in

259 1193 430 1225 dilectione
445 1198 476 1225 et
491 1193 639 1226 sacrificii
657 1193 855 1225 exhibitione
876 1198 973 1238 atque
1000 1195 1181 1226 reverentia
1200 1194 1345 1226 consistit
1363 1206 1368 1226 :
1398 1195 1456 1239 qui
1482 1194 1582 1227 latine
1609 1195 1729 1227 dicitur
1744 1193 1856 1238 pietas,

259 1264 362 1295 grzece
377 1257 485 1285 autem
503 1252 678 1292 theosebia,
696 1252 727 1284 id
744 1255 790 1283 est
814 1251 871 1283 Dei
893 1252 1014 1293 cultus,
1035 1252 1087 1284 vel
1113 1252 1255 1295 eusebia,
1274 1253 1306 1285 id
1322 1257 1368 1284 est
1383 1253 1488 1285 bonus
1503 1253 1622 1285 cultus.

304 1311 387 1343 Aliis
401 1315 509 1343 autem
532 1310 634 1354 placet
655 1310 773 1342 Christi
798 1309 1036 1342 humanitatem
1053 1321 1119 1342 una
1134 1310 1322 1343 adoratione
1341 1323 1416 1343 cum
1432 1311 1542 1343 Verbo
1557 1322 1624 1343 esse
1640 1309 1856 1350 adorandam,

199 1386 202 1396 v
233 1386 243 1397 ιι
260 1380 324 1401 non
356 1373 485 1413 propter
513 1380 557 1410 se,
588 1368 642 1401 sed
671 1372 802 1412 propter
829 1368 938 1409 illum,
965 1367 1059 1412 cujus
1082 1368 1259 1400 scabellum
1284 1373 1342 1409 est,
1369 1369 1421 1400 cui
1452 1372 1498 1400 est
1523 1367 1629 1400 unita.
1659 1367 1772 1411 Neque
1787 1367 1858 1410 ipsa

238 1420 245 1423 ⁴
261 1427 446 1459 humanitas
461 1426 528 1458 sola
545 1427 594 1458 vel
610 1426 710 1467 nuda,
728 1426 782 1457 sed
806 1437 880 1458 Cum
909 1425 1027 1466 Verbo,
1057 1426 1109 1458 cui
1138 1430 1184 1458 est
1211 1426 1318 1466 unita3
1349 1437 1407 1458 nec
1431 1430 1562 1470 propter
1583 1436 1628 1466 se,
1649 1425 1702 1457 sed
1730 1428 1860 1468 propter

225 1479 245 1490 '¹‘
260 1485 369 1524 illum,
387 1485 439 1516 cui
455 1489 501 1516 est
518 1484 621 1525 unita,
638 1488 684 1516 est
705 1483 881 1516 adoranda.
906 1483 971 1515 Nec
993 1483 1051 1527 qui
1071 1483 1131 1515 hoc
1154 1483 1241 1524 facit,
1262 1484 1455 1516 idololatriae
1476 1494 1551 1516 reus
1570 1482 1713 1526 judicari
1728 1486 1832 1526 potest
1849 1494 1856 1514 :

233 1546 239 1553 ’
261 1543 339 1587 quia
354 1554 412 1575 nec
425 1543 485 1575 soli
499 1547 666 1583 creaturae,
684 1553 742 1574 nec
754 1546 884 1586 propter
900 1542 1016 1586 ipsam,
1033 1541 1087 1573 sed
1104 1541 1248 1573 Creatori
1265 1553 1339 1573 cum
1354 1541 1557 1573 humanitate
1567 1544 1598 1573 et
1609 1540 1643 1572 in
1654 1539 1859 1572 humanitate

260 1601 434 1634 suaservit.
448 1600 494 1633 De
505 1601 564 1633 hoc
578 1600 719 1633 Joannes
733 1600 927 1632 Damascens
940 1599 985 1631 ita
1000 1599 1059 1631 ait¹
1073 1611 1103 1630 z«
1114 1599 1192 1631 Duae
1203 1603 1280 1631 sunt
1290 1603 1415 1631 naturae
1429 1598 1561 1638 Christi,
1577 1597 1702 1630 ratione
1718 1600 1750 1629 et
1763 1596 1859 1630 modo

259 1659 443 1691 differentes
459 1658 560 1690 unitae
576 1669 652 1690 vero
671 1657 851 1689 secundum
872 1657 1082 1700 hypostasim.
1102 1656 1195 1689 Unus
1217 1668 1293 1699 ergo
1309 1656 1457 1689 Christus
1475 1660 1520 1688 est
1535 1656 1621 1688 Deus
1638 1654 1812 1699 perfectuS,
1829 1659 1860 1687 et

259 1717 356 1749 homo
368 1716 527 1760 perfectus
542 1727 548 1747 :
562 1726 660 1759 quem
673 1715 847 1747 adoramus
857 1725 931 1746 cum
946 1714 1041 1746 Patre
1054 1717 1085 1746 et
1100 1713 1223 1757 Spiritu
1236 1725 1301 1745 una
1315 1713 1503 1745 adoratione
1517 1724 1591 1745 cum
1605 1712 1860 1744 incontaminata

259 1785 354 1806 carne
375 1774 456 1817 ejus.
480 1773 553 1805 Non
568 1772 803 1804 inadorabilem
822 1782 952 1804 carnem
973 1771 1114 1804 dicentes
1131 1783 1138 1803 2
1157 1771 1310 1803 adoratur
1326 1771 1412 1803 enim
1428 1771 1461 1803 in
1477 1782 1543 1803 una
1557 1769 1658 1804 Verbi
1679 1769 1857 1813 hypostasi,

259 1843 331 1875 quae
359 1830 540 1875 hypostasis
576 1833 728 1872 generata
757 1833 821 1869 est,
848 1840 914 1861 non
941 1833 1098 1861 creatura:
1132 1828 1376 1861 venerationem
1404 1828 1595 1872 praebentes.
1621 1827 1694 1860 Non
1718 1838 1794 1870 ergo
1822 1831 1860 1859 ut

259 1889 381 1921 nudam
403 1899 532 1920 carnem
554 1887 741 1927 adoramus,
761 1887 814 1918 sed
837 1890 873 1918 ut
897 1887 1024 1918 unitam
1039 1887 1170 1927 deitati,
1188 1887 1222 1918 in
1248 1898 1348 1919 unam
1365 1886 1563 1930 hypostasim
1583 1886 1642 1918 Dei
1661 1884 1763 1918 Verbi
1778 1883 1860 1916 dua-

261 1949 321 1979 bus
340 1946 481 1978 reductis
499 1945 636 1977 naturis.
662 1945 775 1976 Timeo
795 1944 967 1976 carbonem
990 1948 1122 1987 tangere
1142 1948 1272 1988 propter
1290 1945 1380 1987 ligno
1398 1944 1586 1988 copulatum
1609 1943 1731 1986 ignem.
1748 1941 1859 1974 Adoro

259 2004 377 2037 Christi
394 2003 450 2036 Dei
472 2003 535 2036 mei
563 2002 661 2035 simul
690 2006 864 2046 utramque
895 2005 1046 2034 naturam
1076 2006 1207 2046 propter
1235 2002 1324 2035 carni
1349 2002 1475 2035 unitam
1498 2001 1664 2034 deitatem.
1681 1999 1755 2032 Non
1770 1998 1858 2031 enim

260 2066 410 2106 quartam
426 2072 553 2106 appono
569 2071 740 2104 personam
756 2059 791 2091 in
813 2059 990 2100 Trinitate3
1017 2060 1071 2092 sed
1092 2071 1193 2092 uuam
1216 2071 1387 2104 personam
1405 2060 1562 2092 confiteor
1582 2057 1686 2092 Verbi
1705 2061 1737 2089 et
1751 2055 1860 2089 carnis

259 2119 341 2163 ejus.
360 2132 374 2149 »
393 2119 452 2151 His
467 2119 573 2151 verbis
589 2117 751 2150 insinuari
775 2116 904 2149 videtur
932 2117 1052 2149 Christi
1080 2117 1320 2150 humanitatem
1347 2129 1413 2150 una
1444 2117 1634 2150 adoratione
1656 2126 1732 2147 cum
1747 2113 1857 2147 Verbo

260 2188 327 2209 esse
342 2177 552 2209 adorandam.
572 2175 617 2207 De
642 2175 701 2207 hoe
728 2175 826 2206 etiam
849 2175 1057 2217 Augustinus
1081 2175 1126 2207 ait
1144 2186 1184 2207 ex
1206 2186 1354 2208 sermone
1378 2174 1524 2214 Domini,
1555 2173 1612 2206 ubi
1640 2171 1743 2205 dicit*
1758 2183 1766 2204 :
1784 2172 1859 2205 Non

262 2235 407 2267 turbetur
424 2246 477 2267 cor
488 2240 641 2272 vestrum,
660 2233 705 2265 ita
719 2232 796 2264 dicit
810 2236 819 2251 ³
837 2244 843 2264 z
863 2245 879 2263 «
898 2232 1016 2265 Dicunt
1038 2233 1182 2266 haeretiei
1207 2233 1329 2265 Filium
1355 2244 1422 2264 non
1444 2236 1563 2264 natura
1586 2241 1654 2263 esse
1668 2230 1788 2269 Deum,
1803 2228 1859 2261 sed

260 2298 453 2326 creaturam.
467 2291 593 2330 Quibus
609 2289 871 2334 respondendum
887 2294 944 2330 est,
963 2290 1041 2334 quia
1056 2290 1082 2322 si
1107 2290 1211 2322 Filius
1229 2301 1295 2322 non
1311 2294 1358 2322 est
1372 2289 1458 2322 Deus
1473 2293 1604 2329 natura,
1622 2287 1677 2320 sed
1691 2290 1854 2327 ereatura,

262 2362 320 2383 nec
333 2350 489 2383 colendus
505 2348 710 2388 cstomnino,
742 2359 800 2379 nec
829 2352 864 2379 ut
891 2347 978 2379 Deus
1003 2347 1201 2389 adorandus,
1232 2347 1358 2379 dicente
1384 2346 1540 2391 Apostolo
1556 2350 1592 2377 ⁴:
1624 2344 1801 2377 Coluerunt
1827 2349 1858 2375 et

260 2408 440 2441 servierunt
452 2407 562 2451 pocius
578 2411 749 2445 creulmw,
771 2416 870 2448 quam
890 2406 1052 2438 Creatori.
1085 2405 1147 2438 Sed
1175 2405 1224 2437 illi
1253 2405 1293 2437 ad
1323 2405 1383 2437 hoc
1411 2403 1629 2448 replicabunt,
1664 2406 1694 2434 et
1723 2401 1855 2433 dicent:

265 2466 373 2505 «Quid
393 2463 541 2508 estquod
563 2474 692 2495 carnem
716 2463 798 2506 ejus,
815 2474 915 2506 quam
938 2467 1120 2495 creaturam
1145 2474 1212 2495 esse
1241 2474 1307 2495 non
1332 2474 1442 2506 negas,
1461 2461 1560 2494 simul
1583 2471 1658 2492 cum
1683 2458 1858 2492 divinitate

261 2524 388 2564 adoras,
413 2527 443 2555 ct
467 2522 496 2554 ei
518 2532 583 2553 non
619 2520 739 2560 minus,
769 2531 869 2563 quam
890 2520 1054 2553 divinitati
1079 2521 1245 2554 deservis?
1263 2534 1278 2551 »
1301 2521 1369 2563 Ego
1392 2519 1589 2552 dominicam
1613 2528 1757 2558 carnem,
1792 2516 1858 2549 imo

264 2582 437 2625 perfectam
458 2580 493 2612 in
516 2578 643 2612 Christo
668 2577 906 2609 humanitatem
929 2578 1001 2610 ideo
1021 2579 1132 2619 adoro,
1159 2578 1247 2622 quod
1269 2590 1289 2611 a
1310 2577 1481 2611 divinitate
1503 2579 1664 2621 suscepta,
1689 2579 1721 2608 et
1745 2573 1858 2607 deitati

295 2665 302 2680 ¹
319 2665 445 2693 Dama:c.,
457 2662 485 2685 (le
495 2661 554 2685 Falx:
567 2659 675 2687 orthod„
691 2659 787 2689 hb.111,
799 2666 820 2682 c.
835 2665 890 2683 vni.
903 2672 931 2677 -—
944 2671 949 2675 ν
962 2660 1043 2690 loun„
1059 2667 1112 2690 xiv,
1128 2663 1175 2683 1.-
1193 2661 1202 2676 ³
1215 2662 1289 2691 Aug„
1303 2661 1332 2683 tle
1347 2660 1413 2684 verb.
1432 2660 1513 2688 Dom„
1528 2666 1605 2683 serm.
1621 2664 1684 2683 Lvlu
1695 2657 1745 2689 ‚aL
1756 2662 1858 2687 ccxmn,

262 2706 287 2722 u.
303 2701 327 2729 5,
344 2699 368 2722 in
384 2698 500 2729 Append.
517 2699 533 2721 S
557 2699 620 2726 Aug.
631 2695 768 2724 —⁴11'0m.‚
784 2701 805 2725 1,
820 2696 858 2718 223.
