2017 2960
666 202 762 236 DlST.
785 204 822 236 Π.
846 203 936 236 ΛΒΤ.
963 205 985 236 1.
1007 205 1158 243 QUAEST.
1185 206 1222 238 ΙΙ.

140 273 226 310 tum,
246 270 435 312 intelligitur
452 271 492 303 de
511 271 660 303 distantia
681 281 736 312 per
756 281 914 303 recessum

140 325 181 356 ab
198 325 392 365 aequalitatc,
411 328 441 356 et
460 326 698 366 participatione
714 329 843 357 aeternae
861 336 918 357 na-

141 379 221 409 turae
237 389 244 409 ε
263 378 338 418 quia
356 378 434 409 nihil
451 379 624 410 univocum
646 383 691 411 est
707 382 861 412 creaturae
879 381 915 411 ad

140 430 331 467 Creatorem,
349 432 382 463 in
401 433 490 463 nullo
509 434 595 464 enim
616 437 761 464 creatura
780 435 916 464 Creatori

141 487 241 524 potest
257 486 378 525 aequari
398 497 404 516 :
424 486 476 517 sed
501 496 563 517 non
582 486 677 517 habet
697 487 863 517 veritatem
879 487 918 517 de

139 538 286 570 distantia
307 549 381 579 quae
405 540 582 571 attenditur
604 548 660 580 per
682 540 916 580 oppositionem

139 592 178 622 ud
203 593 459 624 convenientiam
481 593 658 624 secundum
683 594 837 624 rationem
864 604 918 625 or-

139 645 222 676 dinis
235 649 266 677 et
281 646 466 678 imitationis
479 658 486 677 :
505 656 579 677 uam
594 647 757 678 rationalis
772 650 917 678 creatura

140 701 322 732 immediate
340 701 373 732 in
389 701 488 732 Deum
503 702 680 739 ordinatur.
697 705 727 733 ct
741 703 918 743 expressis-

139 755 219 786 sime
235 755 318 786 inter
331 758 493 786 creaturas
513 755 613 787 Deum
629 756 773 788 imitatur
790 768 796 787 :
813 759 845 788 et
864 767 917 788 ra-

141 809 225 840 tione
245 809 344 848 hujus
365 809 603 840 assimilationis
624 812 655 840 et
672 810 916 849 convenientiae,

140 862 235 894 habet
258 863 414 894 rationem
441 863 606 903 imaginis,
631 866 663 894 et
682 864 917 903 congruitatem

140 918 284 956 respectu
297 916 415 947 divinae
429 917 567 948 unionis.

180 971 210 1001 3.
235 969 284 1001 Ad
299 969 377 1001 illud
393 970 480 1010 quod
495 971 684 1011 opponitur,
709 971 795 1012 quod
810 971 916 1003 incar-

141 1023 228 1055 natio
243 1024 316 1054 tacit
330 1022 369 1054 ad
383 1023 628 1064 completionem
642 1025 796 1065 universi,
816 1026 919 1057 dicen-

140 1077 218 1109 dum
236 1078 321 1118 quod
337 1077 396 1109 hoc
416 1077 547 1109 accidit:
565 1081 671 1109 tamen
686 1080 918 1119 congruentius

140 1131 214 1162 tacit
229 1132 268 1163 ad
285 1132 557 1172 complementum
571 1133 713 1163 universi
729 1132 761 1163 in
775 1142 917 1173 assump-

140 1185 227 1217 tione
239 1186 446 1217 nobilissimae
458 1189 625 1225 creaturae,
639 1196 737 1227 quam
748 1187 894 1219 omnium
908 1199 914 1219 ε

139 1239 292 1280 quoniam
309 1240 481 1272 multitudo
497 1240 591 1272 habet
605 1241 713 1272 reduci
730 1241 769 1271 ad
787 1241 915 1282 aliquod

140 1302 255 1331 unum,
270 1293 354 1325 sicut
364 1294 403 1325 ad
416 1294 687 1334 complementum
700 1306 707 1325 :
726 1295 803 1335 quia
816 1297 917 1326 status

139 1349 186 1378 est
200 1347 233 1378 in
249 1347 372 1379 unitate
387 1348 503 1388 magis,
518 1357 617 1388 quam
628 1348 660 1379 in
677 1348 894 1380 multitudine.

178 1403 210 1432 ⁴.
235 1401 283 1432 Ad
302 1401 381 1433 illud
402 1402 488 1442 quod
507 1402 676 1442 objicitur,
701 1403 787 1443 quod
812 1403 917 1443 magis

139 1454 333 1486 assimilatur
349 1455 538 1486 universum
553 1459 656 1487 totum
669 1480 678 1494 ,
699 1465 796 1497 quam
818 1457 916 1488 ratio-

139 1507 219 1539 nalis
230 1511 387 1546 creatura,
403 1508 574 1540 dicendum
586 1509 674 1550 quod
689 1510 857 1541 assimilari
872 1510 917 1541 di-

139 1561 222 1593 citur
242 1562 411 1602 dupliciter
428 1573 434 1593 :
462 1563 640 1600 intensive,
667 1563 718 1593 vel
740 1564 914 1595 extensive.

141 1614 179 1646 Et
190 1615 355 1646 extensive
372 1625 484 1647 verum
497 1618 544 1647 est
565 1616 651 1656 quod
667 1617 773 1656 magis
791 1617 914 1647 assimi-

139 1669 224 1700 latur
243 1669 365 1701 mundo
387 1669 580 1709 archetypo,
609 1669 677 1700 sive
701 1669 783 1708 Deo,
814 1671 918 1710 major

139 1722 290 1761 mundus,
305 1731 404 1763 quam
422 1722 536 1761 minor,
552 1723 618 1754 sive
634 1723 826 1755 universitas
839 1726 915 1762 tota,

137 1785 236 1817 quam
257 1776 420 1808 rationalis
439 1779 594 1808 creatura.
621 1777 828 1817 Qualitative,
849 1779 917 1810 sive

138 1830 294 1862 intensive
304 1854 312 1867 ,
334 1833 382 1862 est
395 1840 412 1862 e
425 1840 581 1862 converso
592 1855 600 1869 ,
619 1834 748 1872 propter
762 1841 916 1873 magnam

138 1885 323 1916 distantiam
338 1885 524 1926 aliquarum
537 1886 678 1926 partium
689 1887 760 1927 ejus
770 1911 778 1924 ,
797 1887 830 1918 in
843 1887 917 1927 qui-

139 1940 199 1972 bus
225 1940 345 1972 relucet
367 1941 477 1972 divina
503 1942 627 1973 bonitas
652 1941 691 1974 de
716 1942 916 1984 longinquo,

138 1994 220 2026 sicut
234 1994 267 2025 in
285 1994 433 2034 vestigio.

179 2050 209 2079 5.
227 2048 275 2080 Ad
290 2048 368 2079 illud
384 2049 471 2089 quod
490 2050 681 2090 opponitur,
705 2050 791 2090 quod
814 2051 919 2091 magis

140 2100 360 2132 manifestatur
374 2101 483 2131 divina
495 2101 632 2139 bonitas,
646 2102 801 2142 sapientia
815 2105 845 2133 et
861 2111 917 2143 po-

139 2154 238 2185 tentia
249 2178 258 2193 ,
278 2154 304 2185 si
319 2158 496 2186 assumeret
511 2156 701 2187 universum
714 2179 721 2193 ,
747 2155 918 2187 dicendum

138 2208 224 2249 quod
240 2208 356 2240 falsum
374 2211 439 2247 est;
465 2209 541 2250 quia
560 2210 664 2241 facere
686 2219 744 2251 per
762 2210 919 2241 unionem

139 2262 224 2303 quod
241 2262 351 2294 asinus
367 2263 457 2294 fieret
482 2263 582 2302 Deus,
605 2264 657 2295 vel
680 2264 809 2305 aliquod
831 2264 918 2296 aliud

139 2316 282 2355 brutum,
294 2317 400 2357 potius
409 2317 573 2348 dedeceret
584 2317 729 2349 divinam
740 2319 915 2359 potentiam

138 2372 170 2401 et
184 2370 391 2410 sapientiam,
415 2380 513 2411 quam
536 2371 784 2403 commendaret.
803 2371 919 2404 Facere

140 2426 249 2455 autem
265 2425 350 2465 quod
367 2425 464 2456 homo
478 2425 517 2456 sit
532 2425 630 2464 Deus,
646 2426 679 2457 in
694 2426 783 2458 nullo
798 2429 918 2467 praeju-

141 2476 234 2517 dicat,
251 2487 309 2510 nec
324 2479 486 2519 potentiae,
502 2488 561 2510 nec
576 2479 753 2520 sapientiae,
769 2489 845 2512 cum
860 2482 918 2512 110-

176 2558 183 2575 ¹
201 2558 272 2584 Alex.
284 2559 382 2584 Aleneis
396 2567 435 2590 ‚p
453 2561 495 2590 ΙΙΙ,
509 2568 535 2592 q.
553 2566 580 2591 ιι,
598 2561 694 2585 memb.
710 2564 740 2592 ὓς
753 2564 779 2587 s.
792 2562 917 2592 Timum-v,

143 2601 169 2625 p.
186 2593 226 2624 ΙΙΙ,
242 2601 267 2626 q.
285 2598 376 2625 iv‚nrt.
396 2598 422 2626 ι;
439 2599 464 2620 ct
482 2597 512 2620 ΙΙΙ
525 2598 605 2627 snit„
618 2597 676 2621 dist.
694 2603 723 2627 ιι,
739 2605 763 2629 q.
778 2604 804 2628 1,
820 2600 869 2623 art.
887 2601 893 2622 ι
911 2606 916 2624 ;

143 2632 168 2654 et
179 2630 210 2654 iv
222 2632 308 2655 eonem
323 2631 428 2661 Gentes,
444 2639 466 2657 c.
477 2638 525 2663 ιη
539 2632 623 2664 AEgid.
636 2633 709 2658 ltom.
722 2634 753 2662 ΙΙ,
763 2634 841 2662 Sent..
857 2634 916 2659 dist.

145 2671 174 2696 u,
189 2673 214 2697 p.
231 2671 248 2696 ι,
265 2673 291 2698 q.
307 2671 349 2698 11¹5
365 2667 523 2698 Richmlus,
539 2669 570 2693 ΙΙΙ
587 2669 668 2699 Seru..
683 2669 742 2694 dist.
766 2675 799 2699 u.
819 2676 846 2701 q⁴
868 2675 916 2697 ιιι;

143 2703 234 2728 Tuom.
249 2706 365 2735 Arguat..
381 2705 411 2730 ΙΙΙ
426 2705 505 2735 Sene..
521 2706 599 2731 distu
611 2724 618 2736 ,
632 2713 657 2738 q.
673 2712 698 2738 1,
712 2710 759 2732 ιιι-ι.
777 2710 803 2738 t;
818 2708 913 2733 hinnit.

1711 213 1748 242 37

974 283 1026 304 mo
1041 276 1134 305 natus
1146 275 1186 305 sit
1201 274 1281 305 elssci
1301 274 1473 306 deiformis.
1499 275 1561 308 Nec
1575 277 1657 308 valet
1674 278 1750 309 illud

973 328 1056 368 quod
1067 328 1186 367 objivit,
1198 328 1282 368 quod
1295 328 1399 365 magis
1412 330 1633 361 manifestatur
1642 331 1751 362 divina

975 382 1112 421 potentia
1127 384 1156 412 ct
1171 383 1324 422 sapinntia
1344 383 1374 412 in
1391 383 1570 414 cmulitione
1590 384 1751 415 universi-

975 435 1057 471 tatis,
1069 445 1167 475 quum
1183 437 1213 466 iu
1225 436 1405 467 conditione
1416 437 1552 476 alicujus
1562 447 1630 469 suae
1642 438 1750 478 partis,

974 497 1031 528 pro
1043 498 1080 517 eo
1094 489 1178 528 quod
1192 489 1279 519 ‹loct-t
1295 490 1436 520 divinam
1450 491 1637 531 sapientiam
1654 494 1683 521 et
1701 501 1753 531 po-

975 541 1104 572 tentiani
1128 551 1191 572 non
1205 543 1309 573 solum
1334 544 1506 583 producere
1522 545 1641 575 adesse
1661 554 1753 576 crea-

974 598 1061 625 turas
1073 596 1176 632 magis
1185 596 1315 633 nobiles,
1328 597 1380 626 scd
1390 598 1485 628 otiam
1499 598 1606 629 minus
1616 598 1751 630 nobiles:

973 651 1003 678 ct
1019 648 1088 678 idco
1104 651 1168 680 tam
1186 649 1216 680 in
1232 650 1297 688 liis,
1314 660 1412 690 quam
1432 651 1463 681 in
1480 652 1540 682 illis
1553 676 1560 689 ,
1586 662 1752 683 commen-

974 702 1079 740 datur3
1096 705 1125 733 et
1145 704 1248 743 magis
1267 704 1487 736 manifestatur
1502 705 1532 735 in
1549 706 1697 737 omnibus
1711 706 1754 736 si-

975 755 1060 793 mul,
1079 765 1176 796 quam
1192 756 1224 787 in
1238 757 1345 797 aliqua
1359 767 1472 789 earum
1487 767 1543 799 por
1558 768 1591 789 se
1606 769 1612 790 :
1631 768 1694 789 nou
1710 759 1754 789 sic.

973 812 1081 840 autem
1096 812 1142 841 est
1156 810 1195 841 de
1210 812 1439 852 assumptione,
1457 812 1538 843 sicut
1555 812 1660 843 visum
1673 815 1730 843 est.

1243 966 1425 1004 QUAESTIO
1448 968 1485 999 ll.

977 1061 1020 1087 Αιι
1032 1062 1221 1095 conqrioentius
1234 1063 1320 1094 suerit
1336 1065 1464 1089 naturam
1480 1064 1647 1098 anqelicam,
1661 1067 1754 1100 potius

1093 1114 1173 1139 quam
1188 1106 1333 1133 humanam
1346 1127 1354 1140 ,
1371 1109 1471 1134 assumi*
1482 1116 1499 1134 a
1517 1108 1602 1135 Verbo
1617 1108 1636 1136 ¹.

1014 1184 1127 1216 Utrum
1148 1187 1252 1226 maj0r
1272 1187 1312 1217 sit
1335 1187 1520 1226 congruitas
1539 1188 1578 1218 ad
1599 1189 1749 1220 unionem

975 1239 1006 1270 iu
1023 1238 1165 1270 humana
1186 1243 1322 1279 natura,
1348 1250 1445 1281 quam
1465 1241 1496 1272 in
1516 1241 1652 1280 angeio,
1677 1252 1717 1273 an
1733 1252 1750 1273 c

973 1302 1147 1332 converso;
1171 1296 1201 1324 et
1221 1294 1307 1334 quod
1323 1296 1426 1334 major
1440 1295 1479 1326 sit
1494 1295 1527 1326 in
1541 1296 1675 1335 angelo,
1699 1296 1749 1327 vi-

973 1347 1085 1378 detur:
1103 1348 1186 1380 Deus
1201 1349 1341 1388 spiritus
1354 1352 1411 1386 est,
1427 1349 1507 1380 sicut
1522 1349 1639 1380 dicitur
1650 1352 1678 1381 ¹:
1697 1359 1750 1381 cr-

972 1410 1016 1440 go
1032 1404 1194 1439 creatura,
1212 1411 1286 1442 quae
1304 1402 1375 1442 plus
1388 1402 1483 1433 habet
1496 1403 1534 1434 de
1549 1404 1670 1435 ratione
1685 1403 1751 1444 spi-

973 1455 1167 1492 ritualitatis,
1185 1456 1256 1496 plus
1270 1457 1419 1487 convenit
1434 1466 1508 1488 cum
1524 1457 1587 1488 Deo
1605 1468 1612 1488 :
1629 1460 1660 1488 et
1677 1466 1750 1498 quae

975 1509 1047 1549 plus
1061 1510 1213 1540 convenit
1228 1519 1302 1541 cuni
1320 1510 1400 1549 Deo,
1417 1511 1488 1551 plus
1502 1513 1548 1542 est
1570 1511 1702 1542 unibilis
1718 1512 1751 1542 in

974 1562 1130 1593 unitatem
1151 1572 1313 1602 personae:
1331 1573 1404 1594 curn
1420 1573 1500 1603 crgo
1518 1567 1633 1595 natura
1650 1574 1750 1605 ange-

975 1616 1033 1647 lica
1058 1617 1097 1647 sit
1125 1617 1319 1658 spiritualior
1346 1627 1442 1658 quam
1469 1618 1613 1650 humana
1625 1644 1632 1658 ,
1659 1619 1751 1651 vide-

974 1673 1037 1706 tur,
1053 1673 1112 1700 etc.

1014 1725 1043 1754 2.
1062 1723 1139 1755 item
1157 1726 1273 1756 natura
1285 1728 1463 1765 assumpta,
1480 1735 1518 1757 eo
1534 1726 1602 1766 ipso
1617 1735 1682 1766 quo
1698 1735 1752 1757 as-

973 1781 1102 1819 sumpta
1117 1781 1181 1818 ost,
1199 1780 1337 1810 exaltata
1349 1783 1395 1811 est
1409 1789 1506 1821 super
1517 1783 1647 1812 caeteras
1664 1790 1751 1812 erca-

975 1835 1081 1864 turas:
1099 1833 1153 1864 sed
1168 1836 1289 1874 quanto
1305 1837 1451 1865 creatura
1465 1837 1511 1865 est
1530 1835 1751 1874 excellentior,

975 1888 1062 1917 tanto
1075 1889 1121 1917 est
1135 1887 1277 1918 idoneior
1289 1888 1422 1919 exaltari
1438 1899 1444 1919 :
1459 1897 1538 1929 crgo
1552 1898 1626 1919 cum
1639 1892 1753 1921 natura

974 1940 1119 1980 angelica
1124 1941 1135 1980 j
1143 1950 1198 1972 ure
1206 1942 1327 1973 caeteris
1335 1945 1558 1983 anteponatur,
1564 1943 1576 1983 j
1583 1945 1661 1973 uxta
1668 1943 1751 1983 quod

975 1993 1050 2025 dicit
1066 1994 1241 2026 ainhardus
1251 1995 1289 2027 de
1306 1997 1422 2027 sancto
1436 1995 1560 2027 Victore
1574 2007 1580 2027 :
1601 1996 1697 2037 «Ipsa
1707 1999 1754 2028 est

975 2049 1072 2080 totius
1092 2049 1308 2081 universitatis
1334 2052 1429 2090 caput
1445 2061 1452 2081 :
1471 2061 1486 2079 n
1520 2050 1647 2081 videtur
1668 2050 1754 2091 quod

977 2103 1080 2143 magis
1097 2103 1212 2134 decens
1225 2104 1321 2134 fuerit
1334 2103 1436 2145 ipsam
1452 2104 1555 2143 uniri,
1574 2113 1672 2145 quam
1689 2104 1753 2136 hu-

977 2166 1105 2188 manam
1121 2161 1282 2188 naturam.

1016 2213 1045 2241 3.
1063 2210 1141 2242 ltem
1157 2213 1271 2241 natura
1283 2211 1430 2251 angelica
1447 2220 1536 2251 passa
1549 2213 1596 2243 est
1611 2212 1753 2250 ruinam,

975 2264 1056 2295 etin
1080 2264 1201 2295 malum
1225 2264 1348 2304 culpae,
1374 2267 1404 2295 et
1428 2265 1460 2295 in
1484 2264 1605 2296 malum
1628 2274 1752 2306 poenae:

975 2327 1054 2357 ergo
1069 2318 1094 2348 si
1109 2318 1220 2349 divina
1230 2318 1446 2349 misericordia
1459 2318 1680 2350 condescendit
1698 2319 1754 2350 mi·

975 2372 1086 2411 seriae,
1117 2374 1148 2403 et
1177 2372 1333 2412 majorem
1359 2371 1590 2403 abundantiam
1617 2373 1754 2403 miserim

976 2426 1125 2459 convenit
1140 2426 1269 2467 reperiri
1291 2426 1323 2456 in
1342 2426 1487 2465 angelica
1502 2428 1618 2456 natura
1630 2450 1637 2463 ,
1654 2435 1753 2465 quam

976 2481 1009 2512 in
1031 2480 1193 2518 humana,
1220 2480 1346 2512 videtur
1367 2479 1454 2520 quod
1480 2480 1583 2519 major
1604 2479 1644 2509 sit
1665 2480 1697 2510 in
1716 2488 1754 2511 ea

976 2536 1162 2577 congruitas
1177 2534 1213 2565 ad
1229 2535 1393 2573 unionem,
1410 2543 1508 2574 quam
1525 2534 1556 2564 in
1572 2534 1724 2565 humana.

978 2602 1096 2631 ΙιιιζιιιτιιἿ
1130 2600 1160 2624 ΙΙΙ
1187 2598 1269 2628 Seni„
1283 2606 1308 2630 q.
1322 2604 1358 2629 ιι,
1390 2600 1419 2621 rt.
1441 2600 1466 2625 t:
1487 2596 1632 2627 Stephanus
1649 2597 1752 2628 nrnivt,

978 2638 1009 2662 ΙΙΙ
1021 2637 1104 2666 Sene„
1117 2636 1175 2660 «Ast.
1193 2641 1221 2665 u,
1234 2642 1260 2666 q.
1278 2641 1308 2662 n:
1325 2635 1402 2659 (ianr.
1420 2634 1493 2662 Bit-t..
1507 2634 1538 2658 ΙΙΙ
1554 2633 1634 2663 Sent,
1649 2633 1707 2658 dist.
1718 2639 1734 2658 ιι
1748 2651 1754 2662 ,

976 2681 1002 2705 q.
1017 2679 1023 2696 ι
1036 2691 1043 2701 ,
1059 2673 1120 2697 duh.
1134 2677 1167 2701 u;
1181 2670 1245 2695 Guil.
1260 2671 1351 2701 Yon-it,
1365 2671 1395 2694 ΙΙΙ
1414 2671 1495 2699 scrin,
1508 2669 1567 2693 dist.
1589 2675 1625 2699 ιι,
1646 2676 1671 2700 q.
1686 2673 1709 2694 ι.
1722 2682 1752 2687 -

975 2710 986 2726 ¹
1000 2709 1086 2737 Ioum,
1101 2714 1136 2737 tv.
1151 2708 1188 2731 26.

1771 1209 1803 1229 Ad
1814 1215 1867 1235 opp·
