<?xml version="1.0" encoding="UTF-8"?>
<!DOCTYPE html PUBLIC "-//W3C//DTD XHTML 1.0 Transitional//EN"
    "http://www.w3.org/TR/xhtml1/DTD/xhtml1-transitional.dtd">
<html xmlns="http://www.w3.org/1999/xhtml" xml:lang="en" lang="en">
 <head>
  <title>
</title>
<meta http-equiv="Content-Type" content="text/html;charset=utf-8" />
  <meta name='ocr-system' content='tesseract 3.04.00' />
  <meta name='ocr-capabilities' content='ocr_page ocr_carea ocr_par ocr_line ocrx_word'/>
</head>
<body>
  <div class='ocr_page' id='page_1' title='image "./operaomniasixtiv04bonauoft/operaomniasixtiv04bonauoft_0405.png"; bbox 0 0 2017 2960; ppageno 0'>
   <div class='ocr_carea' id='block_1_1' title="bbox 827 122 1785 156">
    <p class='ocr_par' dir='ltr' id='par_1_1' title="bbox 827 122 1785 156">
     <span class='ocr_line' id='line_1_1' title="bbox 827 122 1785 156; baseline -0.006 0"><span class='ocrx_word' id='word_1_1' title='bbox 827 124 1013 156; x_wconf 80' lang='lat' dir='ltr'>DlSTlNCT.</span> <span class='ocrx_word' id='word_1_2' title='bbox 1038 124 1144 155; x_wconf 83' lang='lat' dir='ltr'>XVlll.</span> <span class='ocrx_word' id='word_1_3' title='bbox 1728 122 1785 151; x_wconf 66' lang='lat'>382³</span> 
     </span>
    </p>
   </div>
   <div class='ocr_carea' id='block_1_2' title="bbox 178 188 1786 587">
    <p class='ocr_par' dir='ltr' id='par_1_2' title="bbox 178 188 1786 587">
     <span class='ocr_line' id='line_1_2' title="bbox 178 188 1785 242; baseline -0.007 -11"><span class='ocrx_word' id='word_1_4' title='bbox 178 208 370 242; x_wconf 72' lang='lat' dir='ltr'>,nomenque</span> <span class='ocrx_word' id='word_1_5' title='bbox 384 206 482 229; x_wconf 90' lang='lat' dir='ltr'>suum</span> <span class='ocrx_word' id='word_1_6' title='bbox 505 194 603 227; x_wconf 79' lang='lat' dir='ltr'>etiam</span> <span class='ocrx_word' id='word_1_7' title='bbox 629 194 724 227; x_wconf 87' lang='lat' dir='ltr'>aliter</span> <span class='ocrx_word' id='word_1_8' title='bbox 745 193 934 226; x_wconf 88' lang='lat' dir='ltr'>hominibus</span> <span class='ocrx_word' id='word_1_9' title='bbox 961 191 1167 224; x_wconf 82' lang='lat' dir='ltr'>manifestare</span> <span class='ocrx_word' id='word_1_10' title='bbox 1189 190 1294 235; x_wconf 87' lang='lat' dir='ltr'>potuit</span> <span class='ocrx_word' id='word_1_11' title='bbox 1313 203 1319 231; x_wconf 81' lang='lat'>;</span> <span class='ocrx_word' id='word_1_12' title='bbox 1347 189 1400 222; x_wconf 88' lang='lat' dir='ltr'>sed</span> <span class='ocrx_word' id='word_1_13' title='bbox 1421 189 1519 222; x_wconf 87' lang='lat' dir='ltr'>homo</span> <span class='ocrx_word' id='word_1_14' title='bbox 1542 188 1702 232; x_wconf 83' lang='lat' dir='ltr'>passibilis</span> <span class='ocrx_word' id='word_1_15' title='bbox 1717 200 1785 221; x_wconf 81' lang='lat' dir='ltr'>esse</span> 
     </span>
     <span class='ocr_line' id='line_1_3' title="bbox 183 246 1784 300; baseline -0.007 -11"><span class='ocrx_word' id='word_1_16' title='bbox 183 268 250 289; x_wconf 93' lang='lat' dir='ltr'>non</span> <span class='ocrx_word' id='word_1_17' title='bbox 277 255 383 300; x_wconf 87' lang='lat' dir='ltr'>potuit</span> <span class='ocrx_word' id='word_1_18' title='bbox 410 254 493 286; x_wconf 83' lang='lat' dir='ltr'>sicut</span> <span class='ocrx_word' id='word_1_19' title='bbox 520 252 601 293; x_wconf 84' lang='lat' dir='ltr'>fuit,</span> <span class='ocrx_word' id='word_1_20' title='bbox 632 258 662 285; x_wconf 89' lang='lat' dir='ltr'>et</span> <span class='ocrx_word' id='word_1_21' title='bbox 690 251 731 284; x_wconf 85' lang='lat' dir='ltr'>ad</span> <span class='ocrx_word' id='word_1_22' title='bbox 760 251 851 283; x_wconf 89' lang='lat' dir='ltr'>illam</span> <span class='ocrx_word' id='word_1_23' title='bbox 876 250 1017 293; x_wconf 78' lang='lat' dir='ltr'>gloriam</span> <span class='ocrx_word' id='word_1_24' title='bbox 1046 249 1115 281; x_wconf 87' lang='lat' dir='ltr'>sine</span> <span class='ocrx_word' id='word_1_25' title='bbox 1144 248 1260 281; x_wconf 90' lang='lat' dir='ltr'>merito</span> <span class='ocrx_word' id='word_1_26' title='bbox 1296 247 1479 292; x_wconf 88' lang='lat' dir='ltr'>pervenire.</span> <span class='ocrx_word' id='word_1_27' title='bbox 1510 247 1623 279; x_wconf 83' lang='lat' dir='ltr'>Potuit</span> <span class='ocrx_word' id='word_1_28' title='bbox 1650 246 1784 290; x_wconf 79' lang='lat' dir='ltr'>quidem</span> 
     </span>
     <span class='ocr_line' id='line_1_4' title="bbox 184 303 1786 359; baseline -0.006 -13"><span class='ocrx_word' id='word_1_29' title='bbox 184 313 353 359; x_wconf 88' lang='lat' dir='ltr'>pervenire</span> <span class='ocrx_word' id='word_1_30' title='bbox 368 311 408 344; x_wconf 88' lang='lat' dir='ltr'>ad</span> <span class='ocrx_word' id='word_1_31' title='bbox 424 311 515 343; x_wconf 89' lang='lat' dir='ltr'>illam</span> <span class='ocrx_word' id='word_1_32' title='bbox 534 310 604 343; x_wconf 90' lang='lat' dir='ltr'>sine</span> <span class='ocrx_word' id='word_1_33' title='bbox 630 310 746 342; x_wconf 88' lang='lat' dir='ltr'>merito</span> <span class='ocrx_word' id='word_1_34' title='bbox 772 308 942 353; x_wconf 68' lang='lat' dir='ltr'>passionis,</span> <span class='ocrx_word' id='word_1_35' title='bbox 962 307 1041 351; x_wconf 78' lang='lat' dir='ltr'>quia</span> <span class='ocrx_word' id='word_1_36' title='bbox 1063 307 1181 351; x_wconf 64' lang='lat' dir='ltr'>potuit,</span> <span class='ocrx_word' id='word_1_37' title='bbox 1208 309 1402 350; x_wconf 86' lang='lat' dir='ltr'>consumpta</span> <span class='ocrx_word' id='word_1_38' title='bbox 1427 304 1637 345; x_wconf 82' lang='lat' dir='ltr'>mortalitate,</span> <span class='ocrx_word' id='word_1_39' title='bbox 1651 303 1786 336; x_wconf 89' lang='lat' dir='ltr'>immor-</span> 
     </span>
     <span class='ocr_line' id='line_1_5' title="bbox 182 362 1783 413; baseline -0.006 -9"><span class='ocrx_word' id='word_1_40' title='bbox 182 371 315 404; x_wconf 81' lang='lat' dir='ltr'>talitatis</span> <span class='ocrx_word' id='word_1_41' title='bbox 329 370 434 413; x_wconf 86' lang='lat' dir='ltr'>gloria</span> <span class='ocrx_word' id='word_1_42' title='bbox 450 369 559 402; x_wconf 86' lang='lat' dir='ltr'>vestiri</span> <span class='ocrx_word' id='word_1_43' title='bbox 580 382 586 409; x_wconf 88' lang='lat'>;</span> <span class='ocrx_word' id='word_1_44' title='bbox 617 368 671 400; x_wconf 87' lang='lat' dir='ltr'>sed</span> <span class='ocrx_word' id='word_1_45' title='bbox 688 379 754 400; x_wconf 88' lang='lat' dir='ltr'>non</span> <span class='ocrx_word' id='word_1_46' title='bbox 771 367 839 399; x_wconf 86' lang='lat' dir='ltr'>sine</span> <span class='ocrx_word' id='word_1_47' title='bbox 853 364 1127 409; x_wconf 81' lang='lat' dir='ltr'>meritojustitiae,</span> <span class='ocrx_word' id='word_1_48' title='bbox 1144 368 1174 397; x_wconf 88' lang='lat' dir='ltr'>et</span> <span class='ocrx_word' id='word_1_49' title='bbox 1189 364 1367 405; x_wconf 88' lang='lat' dir='ltr'>charitatis,</span> <span class='ocrx_word' id='word_1_50' title='bbox 1385 363 1591 407; x_wconf 84' lang='lat' dir='ltr'>aliarumque</span> <span class='ocrx_word' id='word_1_51' title='bbox 1608 362 1783 395; x_wconf 89' lang='lat' dir='ltr'>virtutum.</span> 
     </span>
     <span class='ocr_line' id='line_1_6' title="bbox 182 419 1783 469; baseline -0.006 -8"><span class='ocrx_word' id='word_1_52' title='bbox 182 428 254 461; x_wconf 90' lang='lat' dir='ltr'>Non</span> <span class='ocrx_word' id='word_1_53' title='bbox 272 428 359 461; x_wconf 89' lang='lat' dir='ltr'>enim</span> <span class='ocrx_word' id='word_1_54' title='bbox 376 427 525 461; x_wconf 87' lang='lat' dir='ltr'>Christus</span> <span class='ocrx_word' id='word_1_55' title='bbox 540 427 638 459; x_wconf 89' lang='lat' dir='ltr'>homo</span> <span class='ocrx_word' id='word_1_56' title='bbox 654 436 720 458; x_wconf 82' lang='lat' dir='ltr'>esse</span> <span class='ocrx_word' id='word_1_57' title='bbox 737 424 857 469; x_wconf 88' lang='lat' dir='ltr'>potuit,</span> <span class='ocrx_word' id='word_1_58' title='bbox 882 423 917 455; x_wconf 91' lang='lat' dir='ltr'>in</span> <span class='ocrx_word' id='word_1_59' title='bbox 941 434 1007 466; x_wconf 85' lang='lat' dir='ltr'>quo</span> <span class='ocrx_word' id='word_1_60' title='bbox 1032 422 1202 466; x_wconf 82' lang='lat' dir='ltr'>plenitudo</span> <span class='ocrx_word' id='word_1_61' title='bbox 1227 422 1389 455; x_wconf 88' lang='lat' dir='ltr'>virtutum</span> <span class='ocrx_word' id='word_1_62' title='bbox 1414 426 1445 454; x_wconf 90' lang='lat' dir='ltr'>et</span> <span class='ocrx_word' id='word_1_63' title='bbox 1465 420 1577 465; x_wconf 82' lang='lat' dir='ltr'>gratiae</span> <span class='ocrx_word' id='word_1_64' title='bbox 1592 431 1659 454; x_wconf 90' lang='lat' dir='ltr'>non</span> <span class='ocrx_word' id='word_1_65' title='bbox 1673 419 1783 452; x_wconf 85' lang='lat' dir='ltr'>fuerit.</span> 
     </span>
     <span class='ocr_line' id='line_1_7' title="bbox 181 480 1784 528; baseline -0.005 -10"><span class='ocrx_word' id='word_1_66' title='bbox 181 486 247 519; x_wconf 85' lang='lat' dir='ltr'>Nec</span> <span class='ocrx_word' id='word_1_67' title='bbox 270 487 406 520; x_wconf 88' lang='lat' dir='ltr'>virtutes</span> <span class='ocrx_word' id='word_1_68' title='bbox 432 486 462 518; x_wconf 86' lang='lat' dir='ltr'>ei</span> <span class='ocrx_word' id='word_1_69' title='bbox 483 486 587 518; x_wconf 87' lang='lat' dir='ltr'>inesse</span> <span class='ocrx_word' id='word_1_70' title='bbox 613 487 792 528; x_wconf 84' lang='lat' dir='ltr'>potuerunt</span> <span class='ocrx_word' id='word_1_71' title='bbox 814 481 920 514; x_wconf 85' lang='lat' dir='ltr'>cilicio</span> <span class='ocrx_word' id='word_1_72' title='bbox 945 480 1152 513; x_wconf 78' lang='lat' dir='ltr'>mortalitatis</span> <span class='ocrx_word' id='word_1_73' title='bbox 1174 480 1302 520; x_wconf 87' lang='lat' dir='ltr'>induto,</span> <span class='ocrx_word' id='word_1_74' title='bbox 1330 480 1411 524; x_wconf 88' lang='lat' dir='ltr'>quin</span> <span class='ocrx_word' id='word_1_75' title='bbox 1439 490 1496 523; x_wconf 90' lang='lat' dir='ltr'>per</span> <span class='ocrx_word' id='word_1_76' title='bbox 1521 491 1574 512; x_wconf 88' lang='lat' dir='ltr'>eas</span> <span class='ocrx_word' id='word_1_77' title='bbox 1592 482 1784 511; x_wconf 89' lang='lat' dir='ltr'>mereretur.</span> 
     </span>
     <span class='ocr_line' id='line_1_8' title="bbox 181 532 1785 587; baseline -0.006 -10"><span class='ocrx_word' id='word_1_78' title='bbox 181 544 314 577; x_wconf 87' lang='lat' dir='ltr'>Habens</span> <span class='ocrx_word' id='word_1_79' title='bbox 329 555 407 587; x_wconf 85' lang='lat' dir='ltr'>ergo</span> <span class='ocrx_word' id='word_1_80' title='bbox 423 543 481 577; x_wconf 83' lang='lat' dir='ltr'>has</span> <span class='ocrx_word' id='word_1_81' title='bbox 495 543 633 576; x_wconf 86' lang='lat' dir='ltr'>virtutes</span> <span class='ocrx_word' id='word_1_82' title='bbox 654 540 836 574; x_wconf 83' lang='lat' dir='ltr'>secundum</span> <span class='ocrx_word' id='word_1_83' title='bbox 859 532 1027 572; x_wconf 83' lang='lat' dir='ltr'>hominem</span> <span class='ocrx_word' id='word_1_84' title='bbox 1051 537 1237 582; x_wconf 86' lang='lat' dir='ltr'>passibilem</span> <span class='ocrx_word' id='word_1_85' title='bbox 1259 548 1295 570; x_wconf 82' lang='lat' dir='ltr'>ae</span> <span class='ocrx_word' id='word_1_86' title='bbox 1315 537 1500 579; x_wconf 80' lang='lat' dir='ltr'>mortalem,</span> <span class='ocrx_word' id='word_1_87' title='bbox 1517 548 1583 570; x_wconf 89' lang='lat' dir='ltr'>non</span> <span class='ocrx_word' id='word_1_88' title='bbox 1600 537 1707 581; x_wconf 88' lang='lat' dir='ltr'>potuit</span> <span class='ocrx_word' id='word_1_89' title='bbox 1719 547 1785 569; x_wconf 90' lang='lat' dir='ltr'>non</span> 
     </span>
    </p>
   </div>
   <div class='ocr_carea' id='block_1_3' title="bbox 183 594 1818 645">
    <p class='ocr_par' dir='ltr' id='par_1_3' title="bbox 183 594 1818 645">
     <span class='ocr_line' id='line_1_9' title="bbox 183 594 1818 645; baseline -0.006 -10"><span class='ocrx_word' id='word_1_90' title='bbox 183 602 301 635; x_wconf 90' lang='lat' dir='ltr'>mereri</span> <span class='ocrx_word' id='word_1_91' title='bbox 317 602 457 645; x_wconf 84' lang='lat' dir='ltr'>gloriam</span> <span class='ocrx_word' id='word_1_92' title='bbox 480 599 746 633; x_wconf 69' lang='lat' dir='ltr'>immortalitatis</span> <span class='ocrx_word' id='word_1_93' title='bbox 771 598 844 631; x_wconf 88' lang='lat' dir='ltr'>Non</span> <span class='ocrx_word' id='word_1_94' title='bbox 870 608 946 640; x_wconf 83' lang='lat' dir='ltr'>ergo</span> <span class='ocrx_word' id='word_1_95' title='bbox 970 596 1077 640; x_wconf 89' lang='lat' dir='ltr'>potuit</span> <span class='ocrx_word' id='word_1_96' title='bbox 1104 595 1208 628; x_wconf 86' lang='lat' dir='ltr'>factus</span> <span class='ocrx_word' id='word_1_97' title='bbox 1237 594 1383 627; x_wconf 86' lang='lat' dir='ltr'>mortalis</span> <span class='ocrx_word' id='word_1_98' title='bbox 1410 594 1479 627; x_wconf 87' lang='lat' dir='ltr'>sine</span> <span class='ocrx_word' id='word_1_99' title='bbox 1504 595 1620 627; x_wconf 88' lang='lat' dir='ltr'>merito</span> <span class='ocrx_word' id='word_1_100' title='bbox 1645 594 1784 637; x_wconf 80' lang='lat' dir='ltr'>gloriam</span> <span class='ocrx_word' id='word_1_101' title='bbox 1814 598 1818 603; x_wconf 94' lang='lat'>&#39;</span> 
     </span>
    </p>
   </div>
   <div class='ocr_carea' id='block_1_4' title="bbox 181 652 1788 2556">
    <p class='ocr_par' dir='ltr' id='par_1_4' title="bbox 181 652 1786 820">
     <span class='ocr_line' id='line_1_10' title="bbox 181 652 1786 705; baseline -0.006 -12"><span class='ocrx_word' id='word_1_102' title='bbox 181 659 466 705; x_wconf 89' lang='lat' dir='ltr'>impassibilitatis,</span> <span class='ocrx_word' id='word_1_103' title='bbox 491 663 522 691; x_wconf 88' lang='lat' dir='ltr'>et</span> <span class='ocrx_word' id='word_1_104' title='bbox 542 656 812 697; x_wconf 73' lang='lat' dir='ltr'>immortalitatis,</span> <span class='ocrx_word' id='word_1_105' title='bbox 837 667 873 688; x_wconf 86' lang='lat' dir='ltr'>ac</span> <span class='ocrx_word' id='word_1_106' title='bbox 904 654 1199 687; x_wconf 76' lang='lat' dir='ltr'>manifestationem</span> <span class='ocrx_word' id='word_1_107' title='bbox 1228 652 1286 685; x_wconf 86' lang='lat' dir='ltr'>Dei</span> <span class='ocrx_word' id='word_1_108' title='bbox 1307 652 1450 685; x_wconf 90' lang='lat' dir='ltr'>nominis</span> <span class='ocrx_word' id='word_1_109' title='bbox 1478 652 1645 696; x_wconf 80' lang='lat' dir='ltr'>consequi.</span> <span class='ocrx_word' id='word_1_110' title='bbox 1673 652 1786 685; x_wconf 89' lang='lat' dir='ltr'>Potuit</span> 
     </span>
     <span class='ocr_line' id='line_1_11' title="bbox 182 709 1782 761; baseline -0.006 -10"><span class='ocrx_word' id='word_1_111' title='bbox 182 722 291 751; x_wconf 87' lang='lat' dir='ltr'>tamen</span> <span class='ocrx_word' id='word_1_112' title='bbox 306 718 366 750; x_wconf 92' lang='lat' dir='ltr'>hoc</span> <span class='ocrx_word' id='word_1_113' title='bbox 380 717 509 761; x_wconf 85' lang='lat' dir='ltr'>assequi</span> <span class='ocrx_word' id='word_1_114' title='bbox 520 716 589 748; x_wconf 89' lang='lat' dir='ltr'>sine</span> <span class='ocrx_word' id='word_1_115' title='bbox 601 715 718 748; x_wconf 89' lang='lat' dir='ltr'>merito</span> <span class='ocrx_word' id='word_1_116' title='bbox 741 713 912 758; x_wconf 82' lang='lat' dir='ltr'>passionis,</span> <span class='ocrx_word' id='word_1_117' title='bbox 939 712 1018 757; x_wconf 88' lang='lat' dir='ltr'>quia</span> <span class='ocrx_word' id='word_1_118' title='bbox 1041 723 1098 756; x_wconf 87' lang='lat' dir='ltr'>per</span> <span class='ocrx_word' id='word_1_119' title='bbox 1120 711 1303 756; x_wconf 88' lang='lat' dir='ltr'>passionem</span> <span class='ocrx_word' id='word_1_120' title='bbox 1325 710 1373 743; x_wconf 90' lang='lat' dir='ltr'>nil</span> <span class='ocrx_word' id='word_1_121' title='bbox 1386 710 1447 743; x_wconf 90' lang='lat' dir='ltr'>sibi</span> <span class='ocrx_word' id='word_1_122' title='bbox 1463 710 1595 751; x_wconf 87' lang='lat' dir='ltr'>meruit,</span> <span class='ocrx_word' id='word_1_123' title='bbox 1613 709 1701 755; x_wconf 89' lang='lat' dir='ltr'>quod</span> <span class='ocrx_word' id='word_1_124' title='bbox 1718 721 1782 742; x_wconf 89' lang='lat' dir='ltr'>non</span> 
     </span>
     <span class='ocr_line' id='line_1_12' title="bbox 181 773 660 820; baseline -0.006 -12"><span class='ocrx_word' id='word_1_125' title='bbox 181 780 256 808; x_wconf 86' lang='lat' dir='ltr'>ante</span> <span class='ocrx_word' id='word_1_126' title='bbox 270 787 327 820; x_wconf 89' lang='lat' dir='ltr'>per</span> <span class='ocrx_word' id='word_1_127' title='bbox 342 775 479 808; x_wconf 85' lang='lat' dir='ltr'>virtutes</span> <span class='ocrx_word' id='word_1_128' title='bbox 492 773 660 806; x_wconf 88' lang='lat' dir='ltr'>meruerit.</span> 
     </span>
    </p>

    <p class='ocr_par' dir='ltr' id='par_1_5' title="bbox 181 826 1788 2556">
     <span class='ocr_line' id='line_1_13' title="bbox 227 826 1783 877; baseline -0.005 -11"><span class='ocrx_word' id='word_1_129' title='bbox 227 833 278 865; x_wconf 73' lang='lat' dir='ltr'>Ad</span> <span class='ocrx_word' id='word_1_130' title='bbox 294 833 374 877; x_wconf 81' lang='lat' dir='ltr'>quid</span> <span class='ocrx_word' id='word_1_131' title='bbox 385 843 462 875; x_wconf 88' lang='lat' dir='ltr'>ergo</span> <span class='ocrx_word' id='word_1_132' title='bbox 480 831 582 864; x_wconf 84' lang='lat' dir='ltr'>voluit</span> <span class='ocrx_word' id='word_1_133' title='bbox 598 830 664 875; x_wconf 90' lang='lat' dir='ltr'>pati</span> <span class='ocrx_word' id='word_1_134' title='bbox 680 834 711 863; x_wconf 88' lang='lat' dir='ltr'>et</span> <span class='ocrx_word' id='word_1_135' title='bbox 734 829 830 871; x_wconf 82' lang='lat' dir='ltr'>mori,</span> <span class='ocrx_word' id='word_1_136' title='bbox 856 830 881 862; x_wconf 91' lang='lat' dir='ltr'>si</span> <span class='ocrx_word' id='word_1_137' title='bbox 906 829 936 861; x_wconf 92' lang='lat' dir='ltr'>ei</span> <span class='ocrx_word' id='word_1_138' title='bbox 961 829 1099 862; x_wconf 87' lang='lat' dir='ltr'>virtutes</span> <span class='ocrx_word' id='word_1_139' title='bbox 1123 828 1164 861; x_wconf 90' lang='lat' dir='ltr'>ad</span> <span class='ocrx_word' id='word_1_140' title='bbox 1187 827 1381 860; x_wconf 87' lang='lat' dir='ltr'>merendum</span> <span class='ocrx_word' id='word_1_141' title='bbox 1395 827 1452 860; x_wconf 85' lang='lat' dir='ltr'>illa</span> <span class='ocrx_word' id='word_1_142' title='bbox 1467 826 1672 859; x_wconf 85' lang='lat' dir='ltr'>sufficiebant</span> <span class='ocrx_word' id='word_1_143' title='bbox 1687 829 1701 859; x_wconf 65' lang='lat' dir='ltr'>‘t</span> <span class='ocrx_word' id='word_1_144' title='bbox 1719 827 1783 859; x_wconf 85' lang='lat' dir='ltr'>Pro</span> 
     </span>
     <span class='ocr_line' id='line_1_14' title="bbox 181 886 1779 936; baseline -0.004 -12"><span class='ocrx_word' id='word_1_145' title='bbox 181 895 224 933; x_wconf 90' lang='lat' dir='ltr'>te,</span> <span class='ocrx_word' id='word_1_146' title='bbox 241 902 307 924; x_wconf 90' lang='lat' dir='ltr'>non</span> <span class='ocrx_word' id='word_1_147' title='bbox 323 902 382 936; x_wconf 88' lang='lat' dir='ltr'>pro</span> <span class='ocrx_word' id='word_1_148' title='bbox 400 902 444 923; x_wconf 94' lang='lat' dir='ltr'>se.</span> <span class='ocrx_word' id='word_1_149' title='bbox 462 889 634 930; x_wconf 87' lang='lat' dir='ltr'>Quomodo</span> <span class='ocrx_word' id='word_1_150' title='bbox 662 900 721 933; x_wconf 88' lang='lat' dir='ltr'>pro</span> <span class='ocrx_word' id='word_1_151' title='bbox 748 900 798 921; x_wconf 89' lang='lat' dir='ltr'>me</span> <span class='ocrx_word' id='word_1_152' title='bbox 813 890 827 920; x_wconf 68' lang='grc' dir='ltr'>ἰ)</span> <span class='ocrx_word' id='word_1_153' title='bbox 857 888 900 920; x_wconf 88' lang='lat' dir='ltr'>Ut</span> <span class='ocrx_word' id='word_1_154' title='bbox 922 887 1024 931; x_wconf 87' lang='lat' dir='ltr'>ipsius</span> <span class='ocrx_word' id='word_1_155' title='bbox 1047 886 1151 931; x_wconf 86' lang='lat' dir='ltr'>passio</span> <span class='ocrx_word' id='word_1_156' title='bbox 1175 890 1206 919; x_wconf 86' lang='lat' dir='ltr'>et</span> <span class='ocrx_word' id='word_1_157' title='bbox 1228 897 1315 919; x_wconf 86' lang='lat' dir='ltr'>mors</span> <span class='ocrx_word' id='word_1_158' title='bbox 1330 886 1388 918; x_wconf 87' lang='lat' dir='ltr'>tibi</span> <span class='ocrx_word' id='word_1_159' title='bbox 1404 890 1484 919; x_wconf 87' lang='lat' dir='ltr'>esset</span> <span class='ocrx_word' id='word_1_160' title='bbox 1499 886 1606 918; x_wconf 85' lang='lat' dir='ltr'>forma</span> <span class='ocrx_word' id='word_1_161' title='bbox 1618 889 1649 918; x_wconf 90' lang='lat' dir='ltr'>et</span> <span class='ocrx_word' id='word_1_162' title='bbox 1663 896 1779 918; x_wconf 85' lang='lat' dir='ltr'>causa:</span> 
     </span>
     <span class='ocr_line' id='line_1_15' title="bbox 182 943 1784 989; baseline -0.005 -7"><span class='ocrx_word' id='word_1_163' title='bbox 182 950 287 982; x_wconf 86' lang='lat' dir='ltr'>forma</span> <span class='ocrx_word' id='word_1_164' title='bbox 299 949 431 981; x_wconf 85' lang='lat' dir='ltr'>virtutis</span> <span class='ocrx_word' id='word_1_165' title='bbox 446 952 478 981; x_wconf 90' lang='lat' dir='ltr'>et</span> <span class='ocrx_word' id='word_1_166' title='bbox 496 947 705 989; x_wconf 81' lang='lat' dir='ltr'>humilitatis,</span> <span class='ocrx_word' id='word_1_167' title='bbox 729 958 826 979; x_wconf 83' lang='lat' dir='ltr'>causa</span> <span class='ocrx_word' id='word_1_168' title='bbox 851 945 963 988; x_wconf 68' lang='lat' dir='ltr'>gloria}</span> <span class='ocrx_word' id='word_1_169' title='bbox 987 948 1017 977; x_wconf 88' lang='lat' dir='ltr'>et</span> <span class='ocrx_word' id='word_1_170' title='bbox 1041 944 1201 977; x_wconf 83' lang='lat' dir='ltr'>libertatis</span> <span class='ocrx_word' id='word_1_171' title='bbox 1218 957 1225 983; x_wconf 74' lang='grc' dir='ltr'><strong>ς</strong></span> <span class='ocrx_word' id='word_1_172' title='bbox 1259 944 1365 976; x_wconf 87' lang='lat' dir='ltr'>forma</span> <span class='ocrx_word' id='word_1_173' title='bbox 1388 944 1454 976; x_wconf 85' lang='lat' dir='ltr'>Deo</span> <span class='ocrx_word' id='word_1_174' title='bbox 1471 955 1574 988; x_wconf 85' lang='lat' dir='ltr'>usque</span> <span class='ocrx_word' id='word_1_175' title='bbox 1590 943 1629 975; x_wconf 88' lang='lat' dir='ltr'>ad</span> <span class='ocrx_word' id='word_1_176' title='bbox 1645 946 1784 975; x_wconf 91' lang='lat' dir='ltr'>mortem</span> 
     </span>
     <span class='ocr_line' id='line_1_16' title="bbox 182 1001 1785 1049; baseline -0.005 -8"><span class='ocrx_word' id='word_1_177' title='bbox 182 1007 367 1049; x_wconf 89' lang='lat' dir='ltr'>obediendi,</span> <span class='ocrx_word' id='word_1_178' title='bbox 387 1011 418 1040; x_wconf 90' lang='lat' dir='ltr'>et</span> <span class='ocrx_word' id='word_1_179' title='bbox 438 1018 535 1039; x_wconf 89' lang='lat' dir='ltr'>causa</span> <span class='ocrx_word' id='word_1_180' title='bbox 553 1009 619 1038; x_wconf 81' lang='lat' dir='ltr'>tuae</span> <span class='ocrx_word' id='word_1_181' title='bbox 641 1004 845 1037; x_wconf 85' lang='lat' dir='ltr'>liberationis</span> <span class='ocrx_word' id='word_1_182' title='bbox 867 1015 903 1036; x_wconf 87' lang='lat' dir='ltr'>ac</span> <span class='ocrx_word' id='word_1_183' title='bbox 924 1002 1147 1036; x_wconf 84' lang='lat' dir='ltr'>beatitudinis.</span> <span class='ocrx_word' id='word_1_184' title='bbox 1171 1002 1292 1035; x_wconf 86' lang='lat' dir='ltr'>Meruit</span> <span class='ocrx_word' id='word_1_185' title='bbox 1315 1002 1403 1034; x_wconf 91' lang='lat' dir='ltr'>enim</span> <span class='ocrx_word' id='word_1_186' title='bbox 1425 1001 1519 1034; x_wconf 91' lang='lat' dir='ltr'>nobis</span> <span class='ocrx_word' id='word_1_187' title='bbox 1543 1012 1600 1046; x_wconf 90' lang='lat' dir='ltr'>per</span> <span class='ocrx_word' id='word_1_188' title='bbox 1621 1001 1734 1033; x_wconf 87' lang='lat' dir='ltr'>mortis</span> <span class='ocrx_word' id='word_1_189' title='bbox 1749 1011 1785 1033; x_wconf 87' lang='lat' dir='ltr'>ac</span> 
     </span>
     <span class='ocr_line' id='line_1_17' title="bbox 181 1059 1786 1110; baseline -0.004 -12"><span class='ocrx_word' id='word_1_190' title='bbox 181 1065 340 1110; x_wconf 87' lang='lat' dir='ltr'>passionis</span> <span class='ocrx_word' id='word_1_191' title='bbox 356 1065 576 1105; x_wconf 82' lang='lat' dir='ltr'>tolerantiam,</span> <span class='ocrx_word' id='word_1_192' title='bbox 594 1063 681 1108; x_wconf 82' lang='lat' dir='ltr'>quod</span> <span class='ocrx_word' id='word_1_193' title='bbox 698 1074 755 1107; x_wconf 91' lang='lat' dir='ltr'>per</span> <span class='ocrx_word' id='word_1_194' title='bbox 778 1061 993 1107; x_wconf 79' lang='lat' dir='ltr'>praecedentia</span> <span class='ocrx_word' id='word_1_195' title='bbox 1016 1072 1081 1093; x_wconf 87' lang='lat' dir='ltr'>non</span> <span class='ocrx_word' id='word_1_196' title='bbox 1106 1064 1282 1101; x_wconf 86' lang='lat' dir='ltr'>meruerat,</span> <span class='ocrx_word' id='word_1_197' title='bbox 1305 1060 1425 1092; x_wconf 85' lang='lat' dir='ltr'>scilicet</span> <span class='ocrx_word' id='word_1_198' title='bbox 1439 1059 1567 1092; x_wconf 85' lang='lat' dir='ltr'>aditum</span> <span class='ocrx_word' id='word_1_199' title='bbox 1582 1059 1737 1103; x_wconf 84' lang='lat' dir='ltr'>paradisi,</span> <span class='ocrx_word' id='word_1_200' title='bbox 1754 1063 1786 1091; x_wconf 91' lang='lat' dir='ltr'>et</span> 
     </span>
     <span class='ocr_line' id='line_1_18' title="bbox 181 1117 1784 1168; baseline -0.005 -11"><span class='ocrx_word' id='word_1_201' title='bbox 181 1123 440 1168; x_wconf 87' lang='lat' dir='ltr'>redemptionem</span> <span class='ocrx_word' id='word_1_202' title='bbox 455 1134 473 1155; x_wconf 86' lang='lat' dir='ltr'>a</span> <span class='ocrx_word' id='word_1_203' title='bbox 489 1125 631 1167; x_wconf 68' lang='lat' dir='ltr'>peccam,</span> <span class='ocrx_word' id='word_1_204' title='bbox 646 1133 664 1153; x_wconf 85' lang='lat' dir='ltr'>a</span> <span class='ocrx_word' id='word_1_205' title='bbox 678 1132 786 1165; x_wconf 80' lang='lat' dir='ltr'>poena,</span> <span class='ocrx_word' id='word_1_206' title='bbox 804 1132 822 1152; x_wconf 88' lang='lat' dir='ltr'>a</span> <span class='ocrx_word' id='word_1_207' title='bbox 835 1119 986 1161; x_wconf 87' lang='lat' dir='ltr'>diabolo;</span> <span class='ocrx_word' id='word_1_208' title='bbox 1014 1123 1044 1151; x_wconf 90' lang='lat' dir='ltr'>et</span> <span class='ocrx_word' id='word_1_209' title='bbox 1059 1130 1116 1163; x_wconf 91' lang='lat' dir='ltr'>per</span> <span class='ocrx_word' id='word_1_210' title='bbox 1132 1125 1271 1151; x_wconf 84' lang='lat' dir='ltr'>mortem</span> <span class='ocrx_word' id='word_1_211' title='bbox 1291 1118 1361 1162; x_wconf 88' lang='lat' dir='ltr'>ejus</span> <span class='ocrx_word' id='word_1_212' title='bbox 1377 1118 1444 1151; x_wconf 77' lang='lat' dir='ltr'>haec</span> <span class='ocrx_word' id='word_1_213' title='bbox 1459 1129 1518 1150; x_wconf 89' lang='lat' dir='ltr'>nos</span> <span class='ocrx_word' id='word_1_214' title='bbox 1533 1117 1641 1161; x_wconf 86' lang='lat' dir='ltr'>adepti</span> <span class='ocrx_word' id='word_1_215' title='bbox 1657 1129 1784 1159; x_wconf 87' lang='lat' dir='ltr'>sumus,</span> 
     </span>
     <span class='ocr_line' id='line_1_19' title="bbox 181 1175 1788 1224; baseline -0.004 -10"><span class='ocrx_word' id='word_1_216' title='bbox 181 1182 302 1214; x_wconf 89' lang='lat' dir='ltr'>scilicet</span> <span class='ocrx_word' id='word_1_217' title='bbox 316 1180 588 1224; x_wconf 87' lang='lat' dir='ltr'>redemptionem,</span> <span class='ocrx_word' id='word_1_218' title='bbox 614 1182 646 1211; x_wconf 89' lang='lat' dir='ltr'>et</span> <span class='ocrx_word' id='word_1_219' title='bbox 670 1179 817 1210; x_wconf 89' lang='lat' dir='ltr'>filiorum</span> <span class='ocrx_word' id='word_1_220' title='bbox 843 1177 957 1220; x_wconf 72' lang='lat' dir='ltr'>gloriae</span> <span class='ocrx_word' id='word_1_221' title='bbox 980 1176 1201 1221; x_wconf 85' lang='lat' dir='ltr'>adoptionem.</span> <span class='ocrx_word' id='word_1_222' title='bbox 1232 1176 1304 1220; x_wconf 91' lang='lat' dir='ltr'>Ipse</span> <span class='ocrx_word' id='word_1_223' title='bbox 1326 1175 1414 1208; x_wconf 89' lang='lat' dir='ltr'>enim</span> <span class='ocrx_word' id='word_1_224' title='bbox 1437 1175 1606 1208; x_wconf 89' lang='lat' dir='ltr'>moriendo</span> <span class='ocrx_word' id='word_1_225' title='bbox 1623 1175 1726 1208; x_wconf 86' lang='lat' dir='ltr'>factus</span> <span class='ocrx_word' id='word_1_226' title='bbox 1741 1179 1788 1208; x_wconf 90' lang='lat' dir='ltr'>est</span> 
     </span>
     <span class='ocr_line' id='line_1_20' title="bbox 182 1233 1785 1280; baseline -0.004 -7"><span class='ocrx_word' id='word_1_227' title='bbox 182 1239 287 1273; x_wconf 87' lang='lat' dir='ltr'>hostia</span> <span class='ocrx_word' id='word_1_228' title='bbox 301 1243 418 1272; x_wconf 76' lang='lat' dir='ltr'>nostrae</span> <span class='ocrx_word' id='word_1_229' title='bbox 434 1237 648 1271; x_wconf 69' lang='lat' dir='ltr'>liberationis</span> <span class='ocrx_word' id='word_1_230' title='bbox 668 1236 732 1269; x_wconf 86' lang='lat' dir='ltr'>Sed</span> <span class='ocrx_word' id='word_1_231' title='bbox 748 1235 913 1280; x_wconf 85' lang='lat' dir='ltr'>quomodo</span> <span class='ocrx_word' id='word_1_232' title='bbox 928 1246 986 1279; x_wconf 88' lang='lat' dir='ltr'>per</span> <span class='ocrx_word' id='word_1_233' title='bbox 1004 1238 1143 1267; x_wconf 89' lang='lat' dir='ltr'>mortem</span> <span class='ocrx_word' id='word_1_234' title='bbox 1157 1245 1216 1266; x_wconf 88' lang='lat' dir='ltr'>nos</span> <span class='ocrx_word' id='word_1_235' title='bbox 1229 1245 1249 1266; x_wconf 88' lang='lat' dir='ltr'>a</span> <span class='ocrx_word' id='word_1_236' title='bbox 1266 1233 1397 1267; x_wconf 90' lang='lat' dir='ltr'>diabolo</span> <span class='ocrx_word' id='word_1_237' title='bbox 1412 1237 1444 1266; x_wconf 84' lang='lat' dir='ltr'>et</span> <span class='ocrx_word' id='word_1_238' title='bbox 1461 1246 1479 1266; x_wconf 87' lang='lat' dir='ltr'>a</span> <span class='ocrx_word' id='word_1_239' title='bbox 1494 1237 1622 1278; x_wconf 87' lang='lat' dir='ltr'>peccato</span> <span class='ocrx_word' id='word_1_240' title='bbox 1634 1233 1785 1276; x_wconf 84' lang='lat' dir='ltr'>redemit,</span> 
     </span>
     <span class='ocr_line' id='line_1_21' title="bbox 182 1291 1788 1341; baseline -0.004 -10"><span class='ocrx_word' id='word_1_241' title='bbox 182 1302 213 1331; x_wconf 91' lang='lat' dir='ltr'>et</span> <span class='ocrx_word' id='word_1_242' title='bbox 227 1298 353 1331; x_wconf 90' lang='lat' dir='ltr'>aditum</span> <span class='ocrx_word' id='word_1_243' title='bbox 367 1297 481 1341; x_wconf 64' lang='lat' dir='ltr'>gloriae</span> <span class='ocrx_word' id='word_1_244' title='bbox 500 1295 657 1341; x_wconf 71' lang='lat' dir='ltr'>aperuit?</span> <span class='ocrx_word' id='word_1_245' title='bbox 690 1294 884 1326; x_wconf 89' lang='lat' dir='ltr'>Decreverat</span> <span class='ocrx_word' id='word_1_246' title='bbox 914 1293 998 1326; x_wconf 90' lang='lat' dir='ltr'>Deus</span> <span class='ocrx_word' id='word_1_247' title='bbox 1022 1293 1056 1325; x_wconf 87' lang='lat' dir='ltr'>in</span> <span class='ocrx_word' id='word_1_248' title='bbox 1085 1292 1252 1337; x_wconf 85' lang='lat' dir='ltr'>mysterio,</span> <span class='ocrx_word' id='word_1_249' title='bbox 1281 1295 1316 1324; x_wconf 92' lang='lat' dir='ltr'>ut</span> <span class='ocrx_word' id='word_1_250' title='bbox 1344 1291 1389 1324; x_wconf 89' lang='lat' dir='ltr'>ait</span> <span class='ocrx_word' id='word_1_251' title='bbox 1403 1292 1600 1325; x_wconf 85' lang='lat' dir='ltr'>Ambrosius</span> <span class='ocrx_word' id='word_1_252' title='bbox 1618 1296 1638 1333; x_wconf 90' lang='lat'>¹,</span> <span class='ocrx_word' id='word_1_253' title='bbox 1656 1297 1788 1337; x_wconf 90' lang='lat' dir='ltr'>propter</span> 
     </span>
     <span class='ocr_line' id='line_1_22' title="bbox 182 1349 1788 1399; baseline -0.002 -11"><span class='ocrx_word' id='word_1_254' title='bbox 182 1356 325 1399; x_wconf 89' lang='lat' dir='ltr'>primum</span> <span class='ocrx_word' id='word_1_255' title='bbox 353 1359 519 1399; x_wconf 89' lang='lat' dir='ltr'>peccatum</span> <span class='ocrx_word' id='word_1_256' title='bbox 545 1365 611 1386; x_wconf 88' lang='lat' dir='ltr'>non</span> <span class='ocrx_word' id='word_1_257' title='bbox 636 1352 811 1385; x_wconf 87' lang='lat' dir='ltr'>intromitti</span> <span class='ocrx_word' id='word_1_258' title='bbox 841 1351 1010 1384; x_wconf 89' lang='lat' dir='ltr'>hominem</span> <span class='ocrx_word' id='word_1_259' title='bbox 1033 1351 1067 1383; x_wconf 92' lang='lat' dir='ltr'>in</span> <span class='ocrx_word' id='word_1_260' title='bbox 1090 1350 1293 1395; x_wconf 83' lang='lat' dir='ltr'>paradiSum,</span> <span class='ocrx_word' id='word_1_261' title='bbox 1316 1349 1350 1382; x_wconf 89' lang='lat' dir='ltr'>id</span> <span class='ocrx_word' id='word_1_262' title='bbox 1373 1353 1432 1392; x_wconf 87' lang='lat' dir='ltr'>est,</span> <span class='ocrx_word' id='word_1_263' title='bbox 1458 1350 1499 1383; x_wconf 91' lang='lat' dir='ltr'>ad</span> <span class='ocrx_word' id='word_1_264' title='bbox 1514 1350 1573 1383; x_wconf 88' lang='lat' dir='ltr'>Dei</span> <span class='ocrx_word' id='word_1_265' title='bbox 1587 1351 1788 1395; x_wconf 85' lang='lat' dir='ltr'>contempla-</span> 
     </span>
     <span class='ocr_line' id='line_1_23' title="bbox 183 1408 1787 1453; baseline -0.002 -7"><span class='ocrx_word' id='word_1_266' title='bbox 183 1413 304 1445; x_wconf 85' lang='lat' dir='ltr'>tionem</span> <span class='ocrx_word' id='word_1_267' title='bbox 321 1424 387 1445; x_wconf 91' lang='lat' dir='ltr'>non</span> <span class='ocrx_word' id='word_1_268' title='bbox 402 1412 542 1453; x_wconf 84' lang='lat' dir='ltr'>admitti,</span> <span class='ocrx_word' id='word_1_269' title='bbox 559 1410 622 1443; x_wconf 88' lang='lat' dir='ltr'>nisi</span> <span class='ocrx_word' id='word_1_270' title='bbox 642 1411 677 1442; x_wconf 93' lang='lat' dir='ltr'>in</span> <span class='ocrx_word' id='word_1_271' title='bbox 702 1421 770 1443; x_wconf 89' lang='lat' dir='ltr'>uno</span> <span class='ocrx_word' id='word_1_272' title='bbox 797 1409 930 1442; x_wconf 80' lang='lat' dir='ltr'>immine</span> <span class='ocrx_word' id='word_1_273' title='bbox 959 1412 1049 1441; x_wconf 86' lang='lat' dir='ltr'>tanta</span> <span class='ocrx_word' id='word_1_274' title='bbox 1073 1409 1225 1442; x_wconf 84' lang='lat' dir='ltr'>existeret</span> <span class='ocrx_word' id='word_1_275' title='bbox 1251 1408 1434 1450; x_wconf 87' lang='lat' dir='ltr'>humilitas,</span> <span class='ocrx_word' id='word_1_276' title='bbox 1461 1419 1534 1453; x_wconf 81' lang='lat' dir='ltr'>quae</span> <span class='ocrx_word' id='word_1_277' title='bbox 1552 1409 1706 1441; x_wconf 89' lang='lat' dir='ltr'>omnibus</span> <span class='ocrx_word' id='word_1_278' title='bbox 1720 1409 1787 1443; x_wconf 86' lang='lat' dir='ltr'>suis</span> 
     </span>
     <span class='ocr_line' id='line_1_24' title="bbox 185 1465 1783 1515; baseline -0.003 -12"><span class='ocrx_word' id='word_1_279' title='bbox 185 1470 342 1515; x_wconf 88' lang='lat' dir='ltr'>proficere</span> <span class='ocrx_word' id='word_1_280' title='bbox 357 1473 475 1514; x_wconf 88' lang='lat' dir='ltr'>posset,</span> <span class='ocrx_word' id='word_1_281' title='bbox 492 1469 575 1502; x_wconf 88' lang='lat' dir='ltr'>sicut</span> <span class='ocrx_word' id='word_1_282' title='bbox 593 1468 628 1500; x_wconf 92' lang='lat' dir='ltr'>in</span> <span class='ocrx_word' id='word_1_283' title='bbox 648 1467 754 1512; x_wconf 80' lang='lat' dir='ltr'>primo</span> <span class='ocrx_word' id='word_1_284' title='bbox 775 1467 907 1499; x_wconf 87' lang='lat' dir='ltr'>homine</span> <span class='ocrx_word' id='word_1_285' title='bbox 930 1470 1021 1499; x_wconf 84' lang='lat' dir='ltr'>tanta</span> <span class='ocrx_word' id='word_1_286' title='bbox 1041 1466 1105 1498; x_wconf 88' lang='lat' dir='ltr'>fuit</span> <span class='ocrx_word' id='word_1_287' title='bbox 1123 1465 1287 1510; x_wconf 88' lang='lat' dir='ltr'>superbia,</span> <span class='ocrx_word' id='word_1_288' title='bbox 1310 1477 1384 1510; x_wconf 82' lang='lat' dir='ltr'>quae</span> <span class='ocrx_word' id='word_1_289' title='bbox 1405 1466 1559 1499; x_wconf 88' lang='lat' dir='ltr'>omnibus</span> <span class='ocrx_word' id='word_1_290' title='bbox 1578 1466 1645 1499; x_wconf 89' lang='lat' dir='ltr'>suis</span> <span class='ocrx_word' id='word_1_291' title='bbox 1660 1467 1783 1500; x_wconf 84' lang='lat' dir='ltr'>nocuit.</span> 
     </span>
     <span class='ocr_line' id='line_1_25' title="bbox 183 1523 1787 1569; baseline -0.002 -8"><span class='ocrx_word' id='word_1_292' title='bbox 183 1528 256 1560; x_wconf 92' lang='lat' dir='ltr'>Non</span> <span class='ocrx_word' id='word_1_293' title='bbox 265 1531 311 1560; x_wconf 92' lang='lat' dir='ltr'>est</span> <span class='ocrx_word' id='word_1_294' title='bbox 320 1531 430 1561; x_wconf 87' lang='lat' dir='ltr'>autem</span> <span class='ocrx_word' id='word_1_295' title='bbox 440 1527 595 1560; x_wconf 89' lang='lat' dir='ltr'>inventus</span> <span class='ocrx_word' id='word_1_296' title='bbox 609 1526 695 1558; x_wconf 91' lang='lat' dir='ltr'>inter</span> <span class='ocrx_word' id='word_1_297' title='bbox 702 1525 852 1559; x_wconf 87' lang='lat' dir='ltr'>homines</span> <span class='ocrx_word' id='word_1_298' title='bbox 866 1524 986 1569; x_wconf 82' lang='lat' dir='ltr'>aliquis</span> <span class='ocrx_word' id='word_1_299' title='bbox 997 1536 1015 1556; x_wconf 88' lang='lat' dir='ltr'>a</span> <span class='ocrx_word' id='word_1_300' title='bbox 1027 1524 1067 1567; x_wconf 79' lang='lat' dir='ltr'>(a)</span> <span class='ocrx_word' id='word_1_301' title='bbox 1080 1534 1145 1568; x_wconf 87' lang='lat' dir='ltr'>quo</span> <span class='ocrx_word' id='word_1_302' title='bbox 1161 1523 1192 1556; x_wconf 91' lang='lat' dir='ltr'>id</span> <span class='ocrx_word' id='word_1_303' title='bbox 1209 1527 1314 1567; x_wconf 88' lang='lat' dir='ltr'>posset</span> <span class='ocrx_word' id='word_1_304' title='bbox 1329 1523 1472 1568; x_wconf 89' lang='lat' dir='ltr'>impleri,</span> <span class='ocrx_word' id='word_1_305' title='bbox 1484 1523 1566 1556; x_wconf 80' lang='lat' dir='ltr'>nisi²</span> <span class='ocrx_word' id='word_1_306' title='bbox 1577 1526 1642 1557; x_wconf 80' lang='lat' dir='ltr'>Leo</span> <span class='ocrx_word' id='word_1_307' title='bbox 1651 1524 1690 1557; x_wconf 84' lang='lat' dir='ltr'>de</span> <span class='ocrx_word' id='word_1_308' title='bbox 1699 1525 1787 1557; x_wconf 78' lang='lat' dir='ltr'>tribu</span> 
     </span>
     <span class='ocr_line' id='line_1_26' title="bbox 183 1582 1780 1631; baseline -0.003 -11"><span class='ocrx_word' id='word_1_309' title='bbox 183 1586 283 1629; x_wconf 75' lang='lat' dir='ltr'>luda,</span> <span class='ocrx_word' id='word_1_310' title='bbox 304 1587 360 1631; x_wconf 79' lang='lat' dir='ltr'>qui</span> <span class='ocrx_word' id='word_1_311' title='bbox 373 1585 503 1630; x_wconf 77' lang='lat' dir='ltr'>aperuit</span> <span class='ocrx_word' id='word_1_312' title='bbox 520 1585 653 1624; x_wconf 71' lang='lat' dir='ltr'>librum,</span> <span class='ocrx_word' id='word_1_313' title='bbox 680 1590 711 1616; x_wconf 79' lang='lat' dir='ltr'>et</span> <span class='ocrx_word' id='word_1_314' title='bbox 734 1583 831 1616; x_wconf 70' lang='lat' dir='ltr'>solvit</span> <span class='ocrx_word' id='word_1_315' title='bbox 854 1582 1028 1627; x_wconf 71' lang='lat' dir='ltr'>siynacula</span> <span class='ocrx_word' id='word_1_316' title='bbox 1051 1582 1134 1626; x_wconf 72' lang='lat' dir='ltr'>ejuS,</span> <span class='ocrx_word' id='word_1_317' title='bbox 1167 1582 1335 1626; x_wconf 88' lang='lat' dir='ltr'>implendo</span> <span class='ocrx_word' id='word_1_318' title='bbox 1358 1582 1393 1614; x_wconf 89' lang='lat' dir='ltr'>in</span> <span class='ocrx_word' id='word_1_319' title='bbox 1412 1594 1445 1615; x_wconf 92' lang='lat' dir='ltr'>se</span> <span class='ocrx_word' id='word_1_320' title='bbox 1460 1593 1593 1615; x_wconf 88' lang='lat' dir='ltr'>omnem</span> <span class='ocrx_word' id='word_1_321' title='bbox 1605 1583 1780 1627; x_wconf 88' lang='lat' dir='ltr'>justitiam,</span> 
     </span>
     <span class='ocr_line' id='line_1_27' title="bbox 183 1640 1786 1687; baseline -0.002 -9"><span class='ocrx_word' id='word_1_322' title='bbox 183 1645 216 1677; x_wconf 89' lang='lat' dir='ltr'>id</span> <span class='ocrx_word' id='word_1_323' title='bbox 241 1648 299 1687; x_wconf 89' lang='lat' dir='ltr'>est,</span> <span class='ocrx_word' id='word_1_324' title='bbox 324 1643 676 1678; x_wconf 84' lang='lat' dir='ltr'>consummatissimam</span> <span class='ocrx_word' id='word_1_325' title='bbox 705 1641 938 1682; x_wconf 86' lang='lat' dir='ltr'>humilitatem,</span> <span class='ocrx_word' id='word_1_326' title='bbox 963 1652 1028 1685; x_wconf 85' lang='lat' dir='ltr'>qua</span> <span class='ocrx_word' id='word_1_327' title='bbox 1051 1640 1155 1685; x_wconf 86' lang='lat' dir='ltr'>major</span> <span class='ocrx_word' id='word_1_328' title='bbox 1182 1651 1249 1673; x_wconf 90' lang='lat' dir='ltr'>esse</span> <span class='ocrx_word' id='word_1_329' title='bbox 1273 1652 1340 1673; x_wconf 91' lang='lat' dir='ltr'>non</span> <span class='ocrx_word' id='word_1_330' title='bbox 1362 1644 1477 1685; x_wconf 86' lang='lat' dir='ltr'>potest.</span> <span class='ocrx_word' id='word_1_331' title='bbox 1503 1641 1586 1673; x_wconf 87' lang='lat' dir='ltr'>Nam</span> <span class='ocrx_word' id='word_1_332' title='bbox 1602 1653 1715 1674; x_wconf 91' lang='lat' dir='ltr'>omnes</span> <span class='ocrx_word' id='word_1_333' title='bbox 1729 1642 1786 1674; x_wconf 87' lang='lat' dir='ltr'>alii</span> 
     </span>
     <span class='ocr_line' id='line_1_28' title="bbox 183 1698 1787 1743; baseline -0.002 -7"><span class='ocrx_word' id='word_1_334' title='bbox 183 1703 332 1736; x_wconf 84' lang='lat' dir='ltr'>homines</span> <span class='ocrx_word' id='word_1_335' title='bbox 346 1702 508 1735; x_wconf 83' lang='lat' dir='ltr'>debitores</span> <span class='ocrx_word' id='word_1_336' title='bbox 529 1704 633 1743; x_wconf 86' lang='lat' dir='ltr'>erant,</span> <span class='ocrx_word' id='word_1_337' title='bbox 652 1704 683 1732; x_wconf 91' lang='lat' dir='ltr'>et</span> <span class='ocrx_word' id='word_1_338' title='bbox 704 1700 761 1732; x_wconf 77' lang='lat' dir='ltr'>vix</span> <span class='ocrx_word' id='word_1_339' title='bbox 784 1699 963 1743; x_wconf 85' lang='lat' dir='ltr'>unicuique</span> <span class='ocrx_word' id='word_1_340' title='bbox 987 1710 1046 1731; x_wconf 87' lang='lat' dir='ltr'>sua</span> <span class='ocrx_word' id='word_1_341' title='bbox 1072 1699 1179 1731; x_wconf 88' lang='lat' dir='ltr'>virtus</span> <span class='ocrx_word' id='word_1_342' title='bbox 1202 1698 1385 1731; x_wconf 87' lang='lat' dir='ltr'>sufficiebat</span> <span class='ocrx_word' id='word_1_343' title='bbox 1409 1703 1439 1731; x_wconf 91' lang='lat' dir='ltr'>et</span> <span class='ocrx_word' id='word_1_344' title='bbox 1467 1699 1648 1732; x_wconf 87' lang='lat' dir='ltr'>humilitas.</span> <span class='ocrx_word' id='word_1_345' title='bbox 1666 1699 1787 1732; x_wconf 89' lang='lat' dir='ltr'>Nullus</span> 
     </span>
     <span class='ocr_line' id='line_1_29' title="bbox 183 1756 1786 1804; baseline -0.003 -10"><span class='ocrx_word' id='word_1_346' title='bbox 183 1772 260 1804; x_wconf 82' lang='lat' dir='ltr'>ergo</span> <span class='ocrx_word' id='word_1_347' title='bbox 274 1771 389 1793; x_wconf 87' lang='lat' dir='ltr'>eorum</span> <span class='ocrx_word' id='word_1_348' title='bbox 404 1759 544 1793; x_wconf 89' lang='lat' dir='ltr'>hostiam</span> <span class='ocrx_word' id='word_1_349' title='bbox 566 1762 694 1803; x_wconf 87' lang='lat' dir='ltr'>poterat</span> <span class='ocrx_word' id='word_1_350' title='bbox 722 1757 838 1791; x_wconf 84' lang='lat' dir='ltr'>offerre</span> <span class='ocrx_word' id='word_1_351' title='bbox 866 1756 1084 1790; x_wconf 81' lang='lat' dir='ltr'>sufficientem</span> <span class='ocrx_word' id='word_1_352' title='bbox 1115 1756 1371 1790; x_wconf 88' lang='lat' dir='ltr'>reconciliationi</span> <span class='ocrx_word' id='word_1_353' title='bbox 1397 1761 1529 1790; x_wconf 84' lang='lat' dir='ltr'>nostrae.</span> <span class='ocrx_word' id='word_1_354' title='bbox 1554 1757 1616 1790; x_wconf 87' lang='lat' dir='ltr'>Sed</span> <span class='ocrx_word' id='word_1_355' title='bbox 1637 1757 1786 1791; x_wconf 84' lang='lat' dir='ltr'>Christus</span> 
     </span>
     <span class='ocr_line' id='line_1_30' title="bbox 182 1814 1784 1862; baseline -0.002 -10"><span class='ocrx_word' id='word_1_356' title='bbox 182 1818 281 1851; x_wconf 90' lang='lat' dir='ltr'>homo</span> <span class='ocrx_word' id='word_1_357' title='bbox 295 1818 464 1851; x_wconf 88' lang='lat' dir='ltr'>sufficiens</span> <span class='ocrx_word' id='word_1_358' title='bbox 478 1821 509 1850; x_wconf 86' lang='lat' dir='ltr'>et</span> <span class='ocrx_word' id='word_1_359' title='bbox 523 1817 664 1862; x_wconf 87' lang='lat' dir='ltr'>perfecta</span> <span class='ocrx_word' id='word_1_360' title='bbox 678 1816 741 1849; x_wconf 85' lang='lat' dir='ltr'>fuit</span> <span class='ocrx_word' id='word_1_361' title='bbox 756 1815 873 1857; x_wconf 86' lang='lat' dir='ltr'>hostia,</span> <span class='ocrx_word' id='word_1_362' title='bbox 890 1815 948 1860; x_wconf 88' lang='lat' dir='ltr'>qui</span> <span class='ocrx_word' id='word_1_363' title='bbox 965 1815 1070 1848; x_wconf 89' lang='lat' dir='ltr'>multo</span> <span class='ocrx_word' id='word_1_364' title='bbox 1087 1814 1230 1859; x_wconf 90' lang='lat' dir='ltr'>amplius</span> <span class='ocrx_word' id='word_1_365' title='bbox 1244 1819 1291 1847; x_wconf 87' lang='lat' dir='ltr'>est</span> <span class='ocrx_word' id='word_1_366' title='bbox 1305 1815 1511 1857; x_wconf 87' lang='lat' dir='ltr'>humiliatus,</span> <span class='ocrx_word' id='word_1_367' title='bbox 1531 1815 1784 1848; x_wconf 65' lang='lat' dir='ltr'>amaritudinem</span> 
     </span>
     <span class='ocr_line' id='line_1_31' title="bbox 183 1873 1786 1919; baseline -0.001 -10"><span class='ocrx_word' id='word_1_368' title='bbox 183 1877 297 1909; x_wconf 88' lang='lat' dir='ltr'>mortis</span> <span class='ocrx_word' id='word_1_369' title='bbox 316 1875 492 1919; x_wconf 87' lang='lat' dir='ltr'>gustando,</span> <span class='ocrx_word' id='word_1_370' title='bbox 515 1886 616 1919; x_wconf 89' lang='lat' dir='ltr'>quam</span> <span class='ocrx_word' id='word_1_371' title='bbox 641 1874 697 1907; x_wconf 90' lang='lat' dir='ltr'>ille</span> <span class='ocrx_word' id='word_1_372' title='bbox 718 1874 824 1907; x_wconf 89' lang='lat' dir='ltr'>Adam</span> <span class='ocrx_word' id='word_1_373' title='bbox 849 1873 1011 1918; x_wconf 86' lang='lat' dir='ltr'>superbiit</span> <span class='ocrx_word' id='word_1_374' title='bbox 1039 1884 1095 1917; x_wconf 90' lang='lat' dir='ltr'>per</span> <span class='ocrx_word' id='word_1_375' title='bbox 1119 1885 1212 1906; x_wconf 90' lang='lat' dir='ltr'>esum</span> <span class='ocrx_word' id='word_1_376' title='bbox 1236 1873 1320 1917; x_wconf 88' lang='lat' dir='ltr'>ligni</span> <span class='ocrx_word' id='word_1_377' title='bbox 1343 1874 1436 1907; x_wconf 86' lang='lat' dir='ltr'>vetiti</span> <span class='ocrx_word' id='word_1_378' title='bbox 1459 1874 1558 1907; x_wconf 84' lang='lat' dir='ltr'>noxia</span> <span class='ocrx_word' id='word_1_379' title='bbox 1573 1874 1786 1907; x_wconf 67' lang='lat' dir='ltr'>delectatione</span> 
     </span>
     <span class='ocr_line' id='line_1_32' title="bbox 183 1931 1787 1978; baseline -0.001 -12"><span class='ocrx_word' id='word_1_380' title='bbox 183 1934 394 1978; x_wconf 85' lang='lat' dir='ltr'>perfruendo.</span> <span class='ocrx_word' id='word_1_381' title='bbox 412 1933 447 1965; x_wconf 86' lang='lat' dir='ltr'>Si</span> <span class='ocrx_word' id='word_1_382' title='bbox 462 1944 540 1976; x_wconf 87' lang='lat' dir='ltr'>ergo</span> <span class='ocrx_word' id='word_1_383' title='bbox 564 1932 656 1965; x_wconf 89' lang='lat' dir='ltr'>illius</span> <span class='ocrx_word' id='word_1_384' title='bbox 677 1932 831 1976; x_wconf 86' lang='lat' dir='ltr'>superbia</span> <span class='ocrx_word' id='word_1_385' title='bbox 852 1931 1002 1964; x_wconf 88' lang='lat' dir='ltr'>omnium</span> <span class='ocrx_word' id='word_1_386' title='bbox 1031 1932 1138 1965; x_wconf 82' lang='lat' dir='ltr'>extitit</span> <span class='ocrx_word' id='word_1_387' title='bbox 1158 1933 1268 1974; x_wconf 88' lang='lat' dir='ltr'>ruina,</span> <span class='ocrx_word' id='word_1_388' title='bbox 1295 1932 1404 1977; x_wconf 88' lang='lat' dir='ltr'>ipsum</span> <span class='ocrx_word' id='word_1_389' title='bbox 1426 1933 1466 1966; x_wconf 86' lang='lat' dir='ltr'>de</span> <span class='ocrx_word' id='word_1_390' title='bbox 1488 1933 1639 1978; x_wconf 85' lang='lat' dir='ltr'>paradiso</span> <span class='ocrx_word' id='word_1_391' title='bbox 1655 1933 1787 1966; x_wconf 79' lang='lat' dir='ltr'>mittens</span> 
     </span>
     <span class='ocr_line' id='line_1_33' title="bbox 183 1989 1786 2036; baseline -0.001 -12"><span class='ocrx_word' id='word_1_392' title='bbox 183 1991 282 2033; x_wconf 90' lang='lat' dir='ltr'>foras,</span> <span class='ocrx_word' id='word_1_393' title='bbox 301 1991 443 2036; x_wconf 85' lang='lat' dir='ltr'>aliisque</span> <span class='ocrx_word' id='word_1_394' title='bbox 457 1990 631 2023; x_wconf 89' lang='lat' dir='ltr'>occludens</span> <span class='ocrx_word' id='word_1_395' title='bbox 643 2001 779 2034; x_wconf 69' lang='lat' dir='ltr'>januam</span> <span class='ocrx_word' id='word_1_396' title='bbox 796 2002 804 2030; x_wconf 89' lang='lat'>;</span> <span class='ocrx_word' id='word_1_397' title='bbox 823 1989 927 2022; x_wconf 85' lang='lat' dir='ltr'>multo</span> <span class='ocrx_word' id='word_1_398' title='bbox 943 1989 1047 2032; x_wconf 84' lang='lat' dir='ltr'>magis</span> <span class='ocrx_word' id='word_1_399' title='bbox 1059 1989 1180 2022; x_wconf 86' lang='lat' dir='ltr'>Christi</span> <span class='ocrx_word' id='word_1_400' title='bbox 1194 1990 1376 2032; x_wconf 89' lang='lat' dir='ltr'>humilitas,</span> <span class='ocrx_word' id='word_1_401' title='bbox 1394 2002 1459 2035; x_wconf 85' lang='lat' dir='ltr'>qua</span> <span class='ocrx_word' id='word_1_402' title='bbox 1474 1995 1613 2024; x_wconf 88' lang='lat' dir='ltr'>mortem</span> <span class='ocrx_word' id='word_1_403' title='bbox 1629 1992 1786 2034; x_wconf 76' lang='lat' dir='ltr'>gustavit.</span> 
     </span>
     <span class='ocr_line' id='line_1_34' title="bbox 183 2047 1786 2094; baseline -0.001 -12"><span class='ocrx_word' id='word_1_404' title='bbox 183 2049 367 2093; x_wconf 87' lang='lat' dir='ltr'>ingressum</span> <span class='ocrx_word' id='word_1_405' title='bbox 396 2048 489 2092; x_wconf 86' lang='lat' dir='ltr'>regni</span> <span class='ocrx_word' id='word_1_406' title='bbox 516 2047 654 2081; x_wconf 87' lang='lat' dir='ltr'>coelestis</span> <span class='ocrx_word' id='word_1_407' title='bbox 680 2047 835 2080; x_wconf 85' lang='lat' dir='ltr'>omnibus</span> <span class='ocrx_word' id='word_1_408' title='bbox 863 2047 943 2088; x_wconf 87' lang='lat' dir='ltr'>suis,</span> <span class='ocrx_word' id='word_1_409' title='bbox 973 2047 1109 2092; x_wconf 89' lang='lat' dir='ltr'>impleto</span> <span class='ocrx_word' id='word_1_410' title='bbox 1137 2048 1195 2080; x_wconf 85' lang='lat' dir='ltr'>Dei</span> <span class='ocrx_word' id='word_1_411' title='bbox 1221 2048 1361 2089; x_wconf 90' lang='lat' dir='ltr'>decreto,</span> <span class='ocrx_word' id='word_1_412' title='bbox 1387 2049 1514 2093; x_wconf 89' lang='lat' dir='ltr'>aperire</span> <span class='ocrx_word' id='word_1_413' title='bbox 1542 2049 1660 2091; x_wconf 87' lang='lat' dir='ltr'>valuit,</span> <span class='ocrx_word' id='word_1_414' title='bbox 1688 2055 1786 2094; x_wconf 73' lang='lat' dir='ltr'>atque</span> 
     </span>
     <span class='ocr_line' id='line_1_35' title="bbox 182 2105 1786 2152; baseline 0.001 -13"><span class='ocrx_word' id='word_1_415' title='bbox 182 2107 302 2140; x_wconf 88' lang='lat' dir='ltr'>decreti</span> <span class='ocrx_word' id='word_1_416' title='bbox 329 2107 437 2140; x_wconf 85' lang='lat' dir='ltr'>delere</span> <span class='ocrx_word' id='word_1_417' title='bbox 463 2105 733 2150; x_wconf 85' lang='lat' dir='ltr'>chirographum.</span> <span class='ocrx_word' id='word_1_418' title='bbox 763 2105 807 2138; x_wconf 90' lang='lat' dir='ltr'>Ut</span> <span class='ocrx_word' id='word_1_419' title='bbox 830 2105 918 2138; x_wconf 90' lang='lat' dir='ltr'>enim</span> <span class='ocrx_word' id='word_1_420' title='bbox 946 2105 993 2138; x_wconf 89' lang='lat' dir='ltr'>ait</span> <span class='ocrx_word' id='word_1_421' title='bbox 1027 2106 1222 2139; x_wconf 88' lang='lat' dir='ltr'>Ambrosius</span> <span class='ocrx_word' id='word_1_422' title='bbox 1241 2110 1276 2138; x_wconf 82' lang='lat'>³:</span> <span class='ocrx_word' id='word_1_423' title='bbox 1309 2120 1325 2139; x_wconf 89' lang='lat'>«</span> <span class='ocrx_word' id='word_1_424' title='bbox 1355 2107 1500 2140; x_wconf 89' lang='lat' dir='ltr'>Tantum</span> <span class='ocrx_word' id='word_1_425' title='bbox 1528 2107 1592 2140; x_wconf 87' lang='lat' dir='ltr'>fuit</span> <span class='ocrx_word' id='word_1_426' title='bbox 1619 2112 1786 2152; x_wconf 87' lang='lat' dir='ltr'>peccatum</span> 
     </span>
     <span class='ocr_line' id='line_1_36' title="bbox 181 2163 1787 2210; baseline 0.001 -13"><span class='ocrx_word' id='word_1_427' title='bbox 181 2169 344 2207; x_wconf 87' lang='lat' dir='ltr'>nostrum,</span> <span class='ocrx_word' id='word_1_428' title='bbox 361 2169 398 2199; x_wconf 88' lang='lat' dir='ltr'>ut</span> <span class='ocrx_word' id='word_1_429' title='bbox 417 2164 537 2198; x_wconf 87' lang='lat' dir='ltr'>salvari</span> <span class='ocrx_word' id='word_1_430' title='bbox 570 2175 636 2197; x_wconf 90' lang='lat' dir='ltr'>non</span> <span class='ocrx_word' id='word_1_431' title='bbox 665 2174 846 2208; x_wconf 76' lang='lat' dir='ltr'>possemUS,</span> <span class='ocrx_word' id='word_1_432' title='bbox 878 2163 940 2195; x_wconf 84' lang='lat' dir='ltr'>nisi</span> <span class='ocrx_word' id='word_1_433' title='bbox 969 2163 1161 2207; x_wconf 83' lang='lat' dir='ltr'>unigenitus</span> <span class='ocrx_word' id='word_1_434' title='bbox 1190 2164 1248 2197; x_wconf 92' lang='lat' dir='ltr'>Dei</span> <span class='ocrx_word' id='word_1_435' title='bbox 1276 2164 1380 2198; x_wconf 90' lang='lat' dir='ltr'>Filius</span> <span class='ocrx_word' id='word_1_436' title='bbox 1407 2176 1466 2210; x_wconf 85' lang='lat' dir='ltr'>pro</span> <span class='ocrx_word' id='word_1_437' title='bbox 1495 2165 1590 2198; x_wconf 91' lang='lat' dir='ltr'>nobis</span> <span class='ocrx_word' id='word_1_438' title='bbox 1606 2169 1787 2199; x_wconf 88' lang='lat' dir='ltr'>moreretur</span> 
     </span>
     <span class='ocr_line' id='line_1_37' title="bbox 181 2220 1787 2267; baseline 0.001 -12"><span class='ocrx_word' id='word_1_439' title='bbox 181 2223 384 2256; x_wconf 88' lang='lat' dir='ltr'>debitoribus</span> <span class='ocrx_word' id='word_1_440' title='bbox 399 2222 532 2264; x_wconf 82' lang='lat' dir='ltr'>mortis3</span> <span class='ocrx_word' id='word_1_441' title='bbox 561 2221 616 2255; x_wconf 87' lang='lat' dir='ltr'>sed</span> <span class='ocrx_word' id='word_1_442' title='bbox 629 2221 673 2254; x_wconf 89' lang='lat' dir='ltr'>sic</span> <span class='ocrx_word' id='word_1_443' title='bbox 687 2221 804 2264; x_wconf 81' lang='lat' dir='ltr'>dignos</span> <span class='ocrx_word' id='word_1_444' title='bbox 818 2232 877 2254; x_wconf 90' lang='lat' dir='ltr'>nos</span> <span class='ocrx_word' id='word_1_445' title='bbox 901 2220 976 2254; x_wconf 84' lang='lat' dir='ltr'>fecit</span> <span class='ocrx_word' id='word_1_446' title='bbox 994 2222 1178 2255; x_wconf 84' lang='lat' dir='ltr'>testamenti</span> <span class='ocrx_word' id='word_1_447' title='bbox 1200 2226 1231 2255; x_wconf 88' lang='lat' dir='ltr'>et</span> <span class='ocrx_word' id='word_1_448' title='bbox 1246 2222 1414 2267; x_wconf 70' lang='lat' dir='ltr'>promissae</span> <span class='ocrx_word' id='word_1_449' title='bbox 1429 2223 1638 2256; x_wconf 70' lang='lat' dir='ltr'>haereditatis.</span> <span class='ocrx_word' id='word_1_450' title='bbox 1657 2237 1674 2255; x_wconf 85' lang='lat'>»</span> <span class='ocrx_word' id='word_1_451' title='bbox 1692 2223 1787 2263; x_wconf 83' lang='lat' dir='ltr'>Quod</span> 
     </span>
     <span class='ocr_line' id='line_1_38' title="bbox 181 2275 1785 2326; baseline 0.001 -13"><span class='ocrx_word' id='word_1_452' title='bbox 181 2292 248 2313; x_wconf 90' lang='lat' dir='ltr'>non</span> <span class='ocrx_word' id='word_1_453' title='bbox 262 2281 308 2313; x_wconf 88' lang='lat' dir='ltr'>ita</span> <span class='ocrx_word' id='word_1_454' title='bbox 321 2285 369 2313; x_wconf 90' lang='lat' dir='ltr'>est</span> <span class='ocrx_word' id='word_1_455' title='bbox 383 2280 648 2323; x_wconf 83' lang='lat' dir='ltr'>intelligendum,</span> <span class='ocrx_word' id='word_1_456' title='bbox 665 2278 759 2324; x_wconf 88' lang='lat' dir='ltr'>quasi</span> <span class='ocrx_word' id='word_1_457' title='bbox 774 2290 840 2311; x_wconf 89' lang='lat' dir='ltr'>non</span> <span class='ocrx_word' id='word_1_458' title='bbox 856 2279 921 2312; x_wconf 85' lang='lat' dir='ltr'>alio</span> <span class='ocrx_word' id='word_1_459' title='bbox 943 2279 1040 2312; x_wconf 92' lang='lat' dir='ltr'>modo</span> <span class='ocrx_word' id='word_1_460' title='bbox 1062 2280 1188 2313; x_wconf 88' lang='lat' dir='ltr'>salvare</span> <span class='ocrx_word' id='word_1_461' title='bbox 1210 2291 1270 2313; x_wconf 90' lang='lat' dir='ltr'>nos</span> <span class='ocrx_word' id='word_1_462' title='bbox 1285 2275 1439 2324; x_wconf 85' lang='lat' dir='ltr'>potuerit,</span> <span class='ocrx_word' id='word_1_463' title='bbox 1459 2292 1560 2325; x_wconf 90' lang='lat' dir='ltr'>quam</span> <span class='ocrx_word' id='word_1_464' title='bbox 1575 2292 1632 2326; x_wconf 86' lang='lat' dir='ltr'>per</span> <span class='ocrx_word' id='word_1_465' title='bbox 1647 2285 1785 2315; x_wconf 87' lang='lat' dir='ltr'>mortem</span> 
     </span>
     <span class='ocr_line' id='line_1_39' title="bbox 182 2337 1784 2383; baseline 0.001 -12"><span class='ocrx_word' id='word_1_466' title='bbox 182 2348 293 2380; x_wconf 88' lang='lat' dir='ltr'>suam;</span> <span class='ocrx_word' id='word_1_467' title='bbox 310 2338 365 2371; x_wconf 87' lang='lat' dir='ltr'>sed</span> <span class='ocrx_word' id='word_1_468' title='bbox 381 2338 460 2383; x_wconf 87' lang='lat' dir='ltr'>quia</span> <span class='ocrx_word' id='word_1_469' title='bbox 473 2349 531 2383; x_wconf 89' lang='lat' dir='ltr'>per</span> <span class='ocrx_word' id='word_1_470' title='bbox 551 2337 650 2370; x_wconf 86' lang='lat' dir='ltr'>aliam</span> <span class='ocrx_word' id='word_1_471' title='bbox 666 2337 805 2370; x_wconf 84' lang='lat' dir='ltr'>hostiam</span> <span class='ocrx_word' id='word_1_472' title='bbox 829 2348 895 2370; x_wconf 92' lang='lat' dir='ltr'>non</span> <span class='ocrx_word' id='word_1_473' title='bbox 917 2337 1025 2382; x_wconf 88' lang='lat' dir='ltr'>potuit</span> <span class='ocrx_word' id='word_1_474' title='bbox 1046 2337 1140 2370; x_wconf 90' lang='lat' dir='ltr'>nobis</span> <span class='ocrx_word' id='word_1_475' title='bbox 1160 2338 1281 2382; x_wconf 85' lang='lat' dir='ltr'>aperiri</span> <span class='ocrx_word' id='word_1_476' title='bbox 1304 2338 1398 2382; x_wconf 79' lang='lat' dir='ltr'>regni</span> <span class='ocrx_word' id='word_1_477' title='bbox 1412 2338 1532 2381; x_wconf 88' lang='lat' dir='ltr'>aditus,</span> <span class='ocrx_word' id='word_1_478' title='bbox 1550 2343 1581 2372; x_wconf 89' lang='lat' dir='ltr'>et</span> <span class='ocrx_word' id='word_1_479' title='bbox 1595 2339 1668 2372; x_wconf 89' lang='lat' dir='ltr'>fieri</span> <span class='ocrx_word' id='word_1_480' title='bbox 1684 2340 1784 2381; x_wconf 86' lang='lat' dir='ltr'>salus,</span> 
     </span>
     <span class='ocr_line' id='line_1_40' title="bbox 184 2394 1787 2442; baseline 0.002 -15"><span class='ocrx_word' id='word_1_481' title='bbox 184 2394 247 2427; x_wconf 91' lang='lat' dir='ltr'>nisi</span> <span class='ocrx_word' id='word_1_482' title='bbox 262 2407 318 2440; x_wconf 90' lang='lat' dir='ltr'>per</span> <span class='ocrx_word' id='word_1_483' title='bbox 332 2400 470 2429; x_wconf 87' lang='lat' dir='ltr'>mortem</span> <span class='ocrx_word' id='word_1_484' title='bbox 487 2395 664 2439; x_wconf 87' lang='lat' dir='ltr'>unigeniti,</span> <span class='ocrx_word' id='word_1_485' title='bbox 688 2395 785 2440; x_wconf 83' lang='lat' dir='ltr'>cujus</span> <span class='ocrx_word' id='word_1_486' title='bbox 818 2399 910 2428; x_wconf 87' lang='lat' dir='ltr'>tanta</span> <span class='ocrx_word' id='word_1_487' title='bbox 934 2395 1008 2435; x_wconf 83' lang='lat' dir='ltr'>fuit,</span> <span class='ocrx_word' id='word_1_488' title='bbox 1039 2400 1076 2428; x_wconf 88' lang='lat' dir='ltr'>ut</span> <span class='ocrx_word' id='word_1_489' title='bbox 1104 2395 1227 2429; x_wconf 90' lang='lat' dir='ltr'>dictum</span> <span class='ocrx_word' id='word_1_490' title='bbox 1249 2400 1308 2439; x_wconf 92' lang='lat' dir='ltr'>est,</span> <span class='ocrx_word' id='word_1_491' title='bbox 1334 2396 1505 2430; x_wconf 89' lang='lat' dir='ltr'>humilitas</span> <span class='ocrx_word' id='word_1_492' title='bbox 1519 2401 1550 2431; x_wconf 90' lang='lat' dir='ltr'>et</span> <span class='ocrx_word' id='word_1_493' title='bbox 1563 2397 1733 2442; x_wconf 85' lang='lat' dir='ltr'>patientia,</span> <span class='ocrx_word' id='word_1_494' title='bbox 1751 2401 1787 2430; x_wconf 86' lang='lat' dir='ltr'>ut</span> 
     </span>
     <span class='ocr_line' id='line_1_41' title="bbox 185 2452 1788 2499; baseline 0.002 -14"><span class='ocrx_word' id='word_1_495' title='bbox 185 2452 255 2497; x_wconf 89' lang='lat' dir='ltr'>ejus</span> <span class='ocrx_word' id='word_1_496' title='bbox 270 2454 385 2487; x_wconf 88' lang='lat' dir='ltr'>merito</span> <span class='ocrx_word' id='word_1_497' title='bbox 398 2458 523 2499; x_wconf 87' lang='lat' dir='ltr'>pateret</span> <span class='ocrx_word' id='word_1_498' title='bbox 541 2453 751 2486; x_wconf 83' lang='lat' dir='ltr'>credentibus</span> <span class='ocrx_word' id='word_1_499' title='bbox 775 2453 810 2486; x_wconf 91' lang='lat' dir='ltr'>in</span> <span class='ocrx_word' id='word_1_500' title='bbox 834 2465 911 2486; x_wconf 90' lang='lat' dir='ltr'>eum</span> <span class='ocrx_word' id='word_1_501' title='bbox 934 2453 1043 2487; x_wconf 86' lang='lat' dir='ltr'>aditus</span> <span class='ocrx_word' id='word_1_502' title='bbox 1074 2454 1179 2497; x_wconf 85' lang='lat' dir='ltr'>regui.</span> <span class='ocrx_word' id='word_1_503' title='bbox 1210 2453 1330 2498; x_wconf 85' lang='lat' dir='ltr'>Magna</span> <span class='ocrx_word' id='word_1_504' title='bbox 1357 2466 1435 2499; x_wconf 86' lang='lat' dir='ltr'>ergo</span> <span class='ocrx_word' id='word_1_505' title='bbox 1456 2455 1491 2488; x_wconf 90' lang='lat' dir='ltr'>in</span> <span class='ocrx_word' id='word_1_506' title='bbox 1504 2460 1608 2489; x_wconf 91' lang='lat' dir='ltr'>morte</span> <span class='ocrx_word' id='word_1_507' title='bbox 1623 2455 1788 2499; x_wconf 86' lang='lat' dir='ltr'>unigeniti</span> 
     </span>
     <span class='ocr_line' id='line_1_42' title="bbox 185 2510 1788 2556; baseline 0.001 -12"><span class='ocrx_word' id='word_1_508' title='bbox 185 2510 329 2555; x_wconf 76' lang='lat' dir='ltr'>praestita</span> <span class='ocrx_word' id='word_1_509' title='bbox 342 2517 421 2545; x_wconf 79' lang='lat' dir='ltr'>sunt</span> <span class='ocrx_word' id='word_1_510' title='bbox 446 2512 554 2553; x_wconf 89' lang='lat' dir='ltr'>nobis,</span> <span class='ocrx_word' id='word_1_511' title='bbox 582 2515 621 2545; x_wconf 88' lang='lat' dir='ltr'>ut</span> <span class='ocrx_word' id='word_1_512' title='bbox 645 2511 740 2545; x_wconf 78' lang='lat' dir='ltr'>liceat</span> <span class='ocrx_word' id='word_1_513' title='bbox 767 2511 863 2545; x_wconf 92' lang='lat' dir='ltr'>nobis</span> <span class='ocrx_word' id='word_1_514' title='bbox 889 2511 996 2546; x_wconf 87' lang='lat' dir='ltr'>redire</span> <span class='ocrx_word' id='word_1_515' title='bbox 1019 2511 1055 2545; x_wconf 85' lang='lat' dir='ltr'>in</span> <span class='ocrx_word' id='word_1_516' title='bbox 1082 2511 1234 2556; x_wconf 86' lang='lat' dir='ltr'>patriam,</span> <span class='ocrx_word' id='word_1_517' title='bbox 1264 2513 1347 2546; x_wconf 91' lang='lat' dir='ltr'>sicut</span> <span class='ocrx_word' id='word_1_518' title='bbox 1370 2513 1450 2547; x_wconf 90' lang='lat' dir='ltr'>olim</span> <span class='ocrx_word' id='word_1_519' title='bbox 1475 2513 1510 2546; x_wconf 89' lang='lat' dir='ltr'>in</span> <span class='ocrx_word' id='word_1_520' title='bbox 1539 2518 1645 2546; x_wconf 89' lang='lat' dir='ltr'>morte</span> <span class='ocrx_word' id='word_1_521' title='bbox 1664 2514 1788 2546; x_wconf 86' lang='lat' dir='ltr'>summi</span> 
     </span>
    </p>
   </div>
   <div class='ocr_carea' id='block_1_5' title="bbox 187 2583 1788 2650">
    <p class='ocr_par' dir='ltr' id='par_1_6' title="bbox 187 2583 1788 2650">
     <span class='ocr_line' id='line_1_43' title="bbox 221 2583 1788 2616; baseline 0.003 -10"><span class='ocrx_word' id='word_1_522' title='bbox 221 2583 226 2598; x_wconf 81' lang='lat'><strong>¹</strong></span> <span class='ocrx_word' id='word_1_523' title='bbox 243 2583 335 2606; x_wconf 75' lang='lat' dir='ltr'>Auctor</span> <span class='ocrx_word' id='word_1_524' title='bbox 350 2585 487 2607; x_wconf 85' lang='lat' dir='ltr'>comment.</span> <span class='ocrx_word' id='word_1_525' title='bbox 501 2583 547 2607; x_wconf 80' lang='lat' dir='ltr'>sub</span> <span class='ocrx_word' id='word_1_526' title='bbox 559 2583 665 2608; x_wconf 73' lang='lat' dir='ltr'>nomine</span> <span class='ocrx_word' id='word_1_527' title='bbox 682 2583 807 2608; x_wconf 72' lang='lat' dir='ltr'>Ambrosii</span> <span class='ocrx_word' id='word_1_528' title='bbox 823 2583 848 2608; x_wconf 89' lang='lat' dir='ltr'>in</span> <span class='ocrx_word' id='word_1_529' title='bbox 859 2584 940 2615; x_wconf 73' lang='lat' dir='ltr'>Epist,</span> <span class='ocrx_word' id='word_1_530' title='bbox 954 2584 988 2608; x_wconf 76' lang='lat' dir='ltr'>ml</span> <span class='ocrx_word' id='word_1_531' title='bbox 1003 2585 1079 2615; x_wconf 83' lang='lat' dir='ltr'>Rom.,</span> <span class='ocrx_word' id='word_1_532' title='bbox 1095 2591 1118 2615; x_wconf 88' lang='lat' dir='ltr'>v,</span> <span class='ocrx_word' id='word_1_533' title='bbox 1138 2586 1210 2609; x_wconf 59' lang='lat' dir='ltr'>wa.—</span> <span class='ocrx_word' id='word_1_534' title='bbox 1225 2587 1234 2601; x_wconf 84' lang='lat'>²</span> <span class='ocrx_word' id='word_1_535' title='bbox 1247 2587 1329 2616; x_wconf 76' lang='lat' dir='ltr'>Apoc„</span> <span class='ocrx_word' id='word_1_536' title='bbox 1347 2593 1369 2615; x_wconf 81' lang='lat' dir='ltr'>v,</span> <span class='ocrx_word' id='word_1_537' title='bbox 1383 2588 1405 2609; x_wconf 80' lang='lat'>5.</span> <span class='ocrx_word' id='word_1_538' title='bbox 1418 2599 1445 2603; x_wconf 93' lang='lat'><strong>—</strong></span> <span class='ocrx_word' id='word_1_539' title='bbox 1455 2586 1465 2601; x_wconf 81' lang='lat'>³</span> <span class='ocrx_word' id='word_1_540' title='bbox 1480 2586 1505 2608; x_wconf 82' lang='lat' dir='ltr'>iu</span> <span class='ocrx_word' id='word_1_541' title='bbox 1519 2586 1599 2610; x_wconf 63' lang='lat' dir='ltr'>(flues,</span> <span class='ocrx_word' id='word_1_542' title='bbox 1617 2586 1662 2609; x_wconf 83' lang='lat' dir='ltr'>ord</span> <span class='ocrx_word' id='word_1_543' title='bbox 1678 2605 1683 2610; x_wconf 91' lang='lat'>.</span> <span class='ocrx_word' id='word_1_544' title='bbox 1699 2588 1788 2610; x_wconf 79' lang='lat' dir='ltr'>auctor</span> 
     </span>
     <span class='ocr_line' id='line_1_44' title="bbox 187 2618 913 2650; baseline 0.003 -9"><span class='ocrx_word' id='word_1_545' title='bbox 187 2620 326 2641; x_wconf 76' lang='lat' dir='ltr'>comment..</span> <span class='ocrx_word' id='word_1_546' title='bbox 342 2618 366 2641; x_wconf 89' lang='lat' dir='ltr'>in</span> <span class='ocrx_word' id='word_1_547' title='bbox 381 2618 459 2648; x_wconf 82' lang='lat' dir='ltr'>Epist.</span> <span class='ocrx_word' id='word_1_548' title='bbox 471 2619 505 2642; x_wconf 79' lang='lat' dir='ltr'>ad</span> <span class='ocrx_word' id='word_1_549' title='bbox 518 2618 605 2647; x_wconf 65' lang='lat' dir='ltr'>Hebr„</span> <span class='ocrx_word' id='word_1_550' title='bbox 619 2624 653 2648; x_wconf 80' lang='lat' dir='ltr'>ix,</span> <span class='ocrx_word' id='word_1_551' title='bbox 668 2620 706 2643; x_wconf 82' lang='lat'>15.</span> <span class='ocrx_word' id='word_1_552' title='bbox 716 2632 745 2637; x_wconf 98' lang='lat'>—</span> <span class='ocrx_word' id='word_1_553' title='bbox 760 2620 794 2650; x_wconf 80' lang='grc' dir='ltr'>(α)</span> <span class='ocrx_word' id='word_1_554' title='bbox 810 2619 877 2643; x_wconf 80' lang='lat' dir='ltr'>deest</span> <span class='ocrx_word' id='word_1_555' title='bbox 888 2627 913 2643; x_wconf 75' lang='lat' dir='ltr'>a.</span> 
     </span>
    </p>
   </div>
   <div class='ocr_carea' id='block_1_6' title="bbox 1799 823 1908 937">
    <p class='ocr_par' dir='ltr' id='par_1_7' title="bbox 1799 823 1908 937">
     <span class='ocr_line' id='line_1_45' title="bbox 1800 823 1904 845; baseline 0.019 -3"><span class='ocrx_word' id='word_1_556' title='bbox 1800 823 1830 842; x_wconf 80' lang='lat' dir='ltr'>De</span> <span class='ocrx_word' id='word_1_557' title='bbox 1841 829 1904 845; x_wconf 68' lang='lat' dir='ltr'>eausa</span> 
     </span>
     <span class='ocr_line' id='line_1_46' title="bbox 1800 855 1908 881; baseline 0 -7"><span class='ocrx_word' id='word_1_558' title='bbox 1800 855 1908 881; x_wconf 78' lang='lat' dir='ltr'>mortis,et</span> 
     </span>
     <span class='ocr_line' id='line_1_47' title="bbox 1799 886 1903 912; baseline 0.019 -7"><span class='ocrx_word' id='word_1_559' title='bbox 1799 886 1903 912; x_wconf 74' lang='lat' dir='ltr'>passionis</span> 
     </span>
     <span class='ocr_line' id='line_1_48' title="bbox 1800 917 1885 937; baseline 0 0"><span class='ocrx_word' id='word_1_560' title='bbox 1800 917 1885 937; x_wconf 81' lang='lat' dir='ltr'>Christi.</span> 
     </span>
    </p>
   </div>
  </div>
 </body>
</html>
