2017 2960
259 182 316 210 306

259 250 304 278 εει
319 247 388 285 Det]
403 246 509 276 Glossa
527 257 533 276 :
553 258 566 273 a
579 246 667 277 Ratio
679 245 863 276 substantiae
876 246 903 284 ej
910 254 947 275 us
957 245 1031 276 latet

258 308 387 329 omnem
408 302 609 330 creaturam:
635 310 648 325 »
675 300 705 328 et
728 298 787 328 hoc
815 297 908 328 modo
932 299 1031 337 potest

259 351 319 382 dici
333 351 468 382 Trinitas
482 352 540 381 sibi
557 351 612 381 soli
629 352 703 381 nota
717 360 793 381 csse.
809 351 924 387 Quinto
938 350 1030 381 modo

259 404 303 434 sic
322 416 328 435 :
347 404 445 435 Nemo
469 404 520 434 Dei
546 404 753 434 substantiam
780 404 885 441 novit,
902 403 952 434 vel
974 403 1031 434 ali-

259 457 334 496 quid
351 458 421 493 1310,
440 457 515 496 quia
530 466 595 487 non
610 457 682 487 facit
696 466 798 487 nosse.
818 457 1027 489 Mattluezcs‘:

260 509 302 538 De
317 509 369 539 die
385 513 491 540 autem
504 509 571 544 illa,
584 513 614 541 ct
628 510 706 541 Ιιονα
716 518 803 541 nemo
817 512 917 548 novit,
934 518 1032 550 neque

259 562 401 601 (1119131113,
417 564 474 592 etc.
493 562 579 593 Sicut
595 563 685 594 fovea
705 572 787 594 caeca
810 563 934 602 dicitur⁷
957 563 1032 603 quia

260 623 324 644 non
340 615 517 646 manifestat
532 616 617 655 quod
630 616 725 647 habet
741 617 773 647 in
786 626 830 647 se.
847 617 885 647 Et
901 617 944 646 sic
959 616 1032 648 dicit

260 667 512 707 Cfflysostomus,
527 669 610 708 quod
625 670 731 708 angeli
752 679 816 701 non
832 670 940 701 vident
954 669 1031 709 quid

260 719 300 750 sit
314 720 405 751 Deus.

300 776 315 803 1
341 776 371 804 et
400 776 429 805 2.
456 774 491 805 lit
513 775 556 806 sic
585 778 691 815 patent
721 776 792 806 duee
818 776 1029 813 auctoritates,

260 827 336 865 quia
360 827 462 866 prima
483 829 580 858 currit
599 829 775 859 secundum
798 829 940 868 primum
962 838 1032 859 mo-

260 879 348 917 dum,
376 883 406 910 et
431 881 568 911 secunda
590 882 767 913 secundum
790 885 940 922 quartum
963 892 1032 914 mo-

259 932 347 969 dum,
364 933 413 963 vel
428 933 588 972 quintum.

300 987 317 1015 3
344 987 373 1015 et
388 988 416 1015 4.
434 986 483 1016 Ad
496 987 573 1017 illud
588 988 673 1026 quod
688 988 848 1027 objicitur⁷
861 989 945 1028 quod
961 990 1031 1020 1311-

261 1040 329 1068 111111
339 1038 432 1069 distat
444 1039 571 1069 finitum
582 1041 621 1070 ab
632 1041 768 1078 infinito,
780 1043 852 1079 etc„
863 1042 1032 1073 dicendum

261 1092 345 1131 quod
379 1091 525 1122 distantia
555 1093 668 1124 dIcitur
700 1096 809 1125 contra
840 1096 1031 1127 convenien-

260 1145 337 1176 tiam
358 1156 364 1176 :
382 1147 602 1177 convenientia
622 1150 729 1179 autem
752 1149 915 1180 invenitur
930 1151 962 1181 in
977 1152 1032 1181 tri-·

260 1198 333 1237 plici
348 1198 536 1237 differentia,
551 1203 708 1239 quantum
728 1201 766 1232 ad
786 1211 925 1241 praesens
943 1204 1033 1234 suffi-

261 1251 312 1281 cit.
343 1251 397 1282 Est
426 1252 511 1282 enim
544 1253 765 1284 convenientia
798 1264 1033 1287 commensura-

260 1304 354 1334 tionis
368 1328 375 1341 ,
402 1305 468 1335 sive
488 1305 733 1345 adaequationis⁷
760 1309 791 1337 et
814 1309 1033 1340 convenientia

260 1358 506 1397 participationis
520 1358 655 1398 alicujus
666 1361 855 1399 communis,
874 1364 904 1392 et
920 1372 1032 1394 conve-

260 1410 380 1441 nientia
395 1411 528 1441 ordinis.
544 1411 615 1441 Dico
631 1421 719 1450 ergo,
736 1414 821 1452 quod
844 1414 869 1443 si
887 1414 1033 1447 distantia

261 1463 384 1493 dicatur
403 1472 458 1502 per
474 1463 684 1502 privationem
706 1465 935 1497 convenientiae
950 1468 1032 1499 31110-

261 1516 419 1555 quationis
433 1519 463 1546 et
477 1516 735 1556 participationis,
757 1518 883 1549 infinita
903 1522 949 1551 est
969 1520 1031 1551 dis-

261 1569 360 1599 tantia
374 1569 469 1599 creati
487 1569 525 1599 ad
549 1570 740 1607 increatum,
763 1570 844 1601 sicut
863 1572 977 1603 infiniti
993 1574 1033 1604 ad

260 1622 399 1652 finitum.
416 1622 449 1653 Si
464 1632 539 1653 vero
551 1623 672 1653 dicatur
687 1624 833 1655 distantia
854 1635 910 1665 per
929 1627 1032 1666 priva-

260 1676 379 1706 tionem
390 1676 621 1707 convenientiae
632 1677 761 1715 ordinis,
771 1678 940 1709 dicendum
947 1681 1032 1719 quod

259 1729 374 1759 falsum
396 1732 458 1765 est,
479 1730 554 1769 quia
570 1732 723 1760 creaturae
742 1730 923 1762 immediate
944 1734 1032 1763 ordi-

260 1784 378 1812 nantur
385 1782 425 1812 ad
434 1782 534 1813 Deum
546 1783 626 1813 sicut
638 1784 675 1814 ad
691 1784 893 1824 principium,
909 1788 939 1815 et
951 1786 1032 1817 sicut

261 1834 298 1865 ad
321 1835 428 1873 finem,
454 1836 594 1866 maxime
614 1839 758 1867 creatura
778 1838 939 1869 ratlenalis
966 1850 971 1869 :
993 1841 1032 1871 ad

261 1888 435 1927 simplicem
450 1891 556 1919 autem
571 1890 748 1920 contuitum
758 1891 884 1929 sufficit,
901 1894 984 1931 quod
993 1893 1033 1924 sit

261 1942 482 1972 convenientia
506 1943 641 1981 ordinis;
666 1944 718 1974 sed
749 1945 788 1975 ad
819 1946 1032 1984 cognitionem

261 1994 550 2034 comprehensionis
564 1996 736 2035 requiritur
752 1998 971 2030 convenientia
986 2009 1033 2031 se-

261 2047 403 2077 cundum
425 2048 597 2087 quamdam
619 2049 843 2088 aequalitatem,
866 2051 932 2083 sive
951 2053 1032 2083 adae-2

261 2100 457 2139 quationem.
480 2100 518 2131 Et
537 2101 606 2131 ideo
627 2111 691 2132 non
716 2103 871 2142 sequitur,
899 2105 983 2144 quod
1006 2106 1032 2136 si

262 2152 369 2183 anima
383 2155 486 2183 creata
500 2163 565 2184 non
586 2155 683 2193 possit
701 2156 966 2195 comprehendere
981 2159 1030 2189 in-

262 2206 434 2243 finitatem,
451 2207 535 2245 quod
555 2216 619 2237 non
643 2207 739 2246 possit
760 2208 877 2240 intueri
901 2211 1032 2242 luminis

262 2260 391 2290 fontem.
404 2259 441 2290 Et
453 2269 508 2299 per
516 2260 575 2290 hoc
586 2263 669 2300 patet
682 2272 817 2302 sequens
831 2273 838 2293 ε
851 2265 935 2303 quod
947 2266 1032 2297 enim

262 2312 346 2350 dicit,
362 2313 446 2352 quod
461 2313 498 2343 ad
520 2314 735 2352 cognitionem
756 2316 929 2355 requiritur
952 2319 1031 2349 assi-

262 2365 401 2404 milatio,
426 2366 594 2396 dicendum
621 2368 704 2406 quod
724 2378 789 2398 non
808 2372 930 2409 oportet
947 2372 1031 2410 quod

251 2419 302 2449 .sit
327 2419 509 2450 assimilatio
530 2420 564 2449 111
584 2422 698 2451 natura
714 2422 822 2460 tertia,
845 2423 897 2454 sed
917 2424 1034 2455 sufficit

262 2474 346 2512 quod
374 2483 477 2504 unum
503 2474 542 2504 sit
568 2474 740 2505 similitudo
775 2476 922 2515 alterius,
952 2478 1033 2509 sicut

262 2526 364 2564 primo
378 2526 459 2558 libro
474 2527 483 2542 ²
495 2526 553 2557 fuit
566 2526 821 2559 determinatum.

303 2581 330 2608 5.
357 2579 403 2609 Ad
423 2579 499 2609 illud
524 2579 608 2618 quod
625 2580 783 2619 objicitur,
808 2582 891 2621 quod
911 2583 1033 2614 excedit

296 2642 302 2657 ἱ
317 2642 417 2671 Manli„
430 2648 500 2673 xxiv,
513 2643 550 2666 36.
563 2643 680 2667 —2Dist.
699 2649 715 2673 1,
732 2649 760 2668 111
777 2646 801 2668 et
816 2650 875 2668 xxv.
885 2645 1030 2676 —³Arist.,

801 176 1111 210 SENTENTIARUM
1131 179 1205 210 Lm.
1229 180 1282 211 ΙΙΙ.

1086 246 1215 276 0011111111
1228 247 1339 278 lumen
1354 248 1442 287 illud,
1456 249 1625 280 dicendum
1640 250 1724 289 quod
1739 251 1785 281 est
1799 259 1854 281 ex-

1086 299 1228 329 cellentia
1242 309 1449 339 conservans,
1472 304 1503 332 et
1527 304 1572 333 est
1591 303 1775 333 excellentia
1788 312 1857 334 cor-

1086 360 1250 391 rumpens.
1268 352 1459 384 Excellentia
1475 363 1664 386 conservans
1684 358 1730 386 est
1747 356 1779 386 in
1794 356 1856 396 spi-

1086 405 1252 436 ritualibus
1264 430 1271 443 ,
1314 407 1367 437 sed
1416 416 1622 447 corrumpens
1658 410 1691 440 in
1728 409 1857 449 ohJectis

1087 459 1302 497 corporalibus
1324 470 1330 489 ι
1350 462 1381 490 01
1396 460 1476 490 ratio
1499 460 1596 500 hujus
1611 462 1644 491 in
1659 463 1761 501 primo
1777 461 1857 492 libro

1087 513 1132 541 est
1148 511 1268 543 reddita
1282 515 1312 542 et
1327 522 1345 542 a
1357 514 1444 552 parte
1459 513 1584 552 obiecti,
1599 515 1628 544 et
1640 524 1659 544 a
1672 517 1759 554 parte
1772 514 1857 545 modi

1087 565 1373 604 comprehendendi
1391 575 1398 595 :
1417 567 1448 595 et
1461 565 1530 596 ideo
1545 575 1608 596 non
1622 569 1667 597 est
1681 567 1796 598 simile.

1127 620 1155 647 6.
1173 618 1221 648 Ad
1244 618 1321 648 illud
1338 618 1421 658 quod
1444 619 1604 658 objicitur,
1624 620 1709 659 quod
1730 620 1857 652 [initum

1086 678 1150 700 non
1168 672 1268 710 potest
1283 680 1380 710 supra
1395 671 1567 709 infinitum,
1584 672 1753 703 dicendum
1773 674 1856 712 quod

1086 723 1193 753 anima
1205 723 1238 753 in
1251 724 1470 763 cognoscendo
1484 724 1583 755 Deum
1601 724 1671 765 plus
1685 728 1732 756 est
1745 726 1779 756 in
1793 735 1859 757 sus-

1087 776 1241 815 cipiendo²
1258 785 1355 815 quam
1371 777 1403 806 in
1428 778 1552 815 agendo
1569 789 1575 808 :
1593 777 1657 808 imo
1674 778 1777 808 omnis
1802 788 1859 819 po-

1086 829 1184 859 tentia
1199 829 1315 859 animae
1331 832 1474 869 respectu
1496 830 1551 860 Dei
1574 839 1607 860 se
1631 830 1725 862 habet
1749 831 1782 861 in
1807 841 1858 863 ra-

1087 881 1170 912 tione
1186 882 1304 921 passivi
1322 893 1328 913 z
1344 892 1401 913 nec
1417 882 1531 913 dicitur
1543 883 1682 922 potentia
1696 883 1857 922 cognitiva

1087 934 1200 973 active,
1219 944 1291 974 quae
1320 935 1358 965 de
1385 944 1443 966 sua
1471 935 1589 966 ratione
1617 936 1691 966 dicit
1721 937 1860 976 quodam

1088 988 1181 1018 modo
1207 989 1398 1028 passionem,
1430 988 1511 1018 sicut
1533 988 1607 1019 dicit
1629 988 1860 1029 Philosophus³

1087 1042 1117 1071 et
1132 1040 1322 1072 Priscianus.
1336 1041 1407 1071 Ideo
1419 1050 1493 1071 cum
1508 1041 1655 1080 intelligit
1669 1042 1780 1079 Deum,
1794 1051 1859 1074 non

1088 1093 1155 1132 agit
1169 1094 1277 1124 anima
1293 1094 1326 1123 in
1341 1094 1454 1132 Deum,
1472 1094 1525 1124 sed
1539 1093 1621 1124 Deus
1632 1094 1738 1125 influit
1749 1095 1784 1125 in
1796 1096 1860 1126 ani-

1087 1155 1192 1184 mam;
1214 1147 1247 1176 in
1268 1155 1332 1186 qua
1353 1147 1518 1177 influentia
1537 1146 1619 1177 Deus
1642 1147 1861 1180 condescendit

1088 1208 1144 1239 per
1158 1199 1306 1238 gratiam,
1325 1202 1354 1229 et
1377 1199 1484 1229 anima
1507 1199 1660 1238 elevatur,
1681 1202 1711 1231 et
1724 1201 1859 1233 efficitur

1087 1252 1259 1282 deiformis.
1276 1251 1314 1282 Et
1337 1252 1404 1291 ipsa
1419 1252 1610 1282 deiformitas
1630 1255 1676 1283 est
1698 1253 1858 1293 dispositio

1087 1306 1220 1336 reddens
1237 1306 1367 1336 oculum
1381 1306 1497 1336 animae
1507 1308 1618 1345 aptum
1634 1306 1673 1336 ad
1688 1306 1860 1338 videndum

1087 1360 1198 1397 Deum,
1211 1369 1277 1390 non
1288 1360 1362 1399 quia
1370 1359 1442 1390 facit
1452 1360 1753 1399 proportionabilem
1763 1369 1861 1400 quan-

1087 1412 1219 1450 titatem⁷
1234 1412 1309 1451 quia
1323 1421 1447 1451 semper
1471 1412 1549 1442 illud
1566 1412 1675 1442 lumen
1691 1413 1813 1443 excedit
1827 1413 1861 1444 in

1087 1466 1267 1503 infinitum,
1293 1465 1346 1496 sed
1369 1465 1445 1505 quia
1464 1466 1536 1496 facit
1561 1466 1860 1506 proportionabilem

1087 1519 1273 1558 qualitatem
1293 1527 1300 1547 :
1316 1519 1392 1558 quia
1407 1518 1500 1549 datur
1515 1519 1577 1558 ipsi
1595 1519 1712 1550 animae
1727 1520 1859 1560 aliquid,

1088 1574 1195 1612 utpote
1209 1572 1394 1610 similitudo,
1411 1572 1495 1611 quod
1506 1582 1580 1603 cum
1595 1573 1697 1612 ipsam
1707 1574 1859 1613 animam,

1087 1628 1119 1656 et
1134 1626 1326 1656 intellectum
1342 1625 1457 1656 animae
1469 1649 1477 1662 ‚
1501 1635 1575 1656 cum
1592 1625 1654 1656 Deo
1678 1626 1751 1657 facit
1773 1627 1860 1657 simi-

1087 1679 1162 1717 lem,
1176 1679 1277 1709 reddit
1290 1680 1321 1708 et
1336 1678 1577 1717 intelligentem.
1588 1678 1625 1709 Et
1638 1679 1708 1710 situ
1717 1679 1856 1719 objicias,

1088 1731 1173 1770 quod
1187 1731 1260 1761 licet
1274 1732 1354 1762 visio
1375 1733 1405 1762 et
1431 1732 1570 1770 cognitio
1597 1732 1724 1771 incipiat
1747 1741 1765 1762 a
1792 1740 1861 1771 pas-

1088 1785 1188 1822 sione,
1204 1785 1380 1825 completur
1395 1787 1502 1815 tamen
1524 1785 1557 1815 in
1575 1785 1711 1823 actione,
1730 1794 1803 1815 cum
1821 1785 1860 1816 ad

1088 1838 1242 1869 visionem
1264 1838 1327 1868 duo
1348 1840 1554 1875 concurrant,
1577 1839 1713 1878 receptio
1731 1841 1761 1869 et
1775 1839 1860 1877 judi-

1088 1891 1191 1928 cium;
1209 1891 1245 1921 in
1261 1891 1351 1921 illum
1366 1893 1474 1921 autem
1489 1891 1607 1922 fontem
1626 1892 1756 1922 luminis
1774 1892 1861 1923 nulla

1088 1946 1189 1983 potest
1203 1947 1348 1975 creatura
1365 1953 1471 1983 agere,
1489 1944 1642 1984 quoniam
1656 1945 1723 1984 ipse
1740 1955 1758 1976 3
1773 1945 1861 1977 1111110

1088 1999 1189 2036 potest
1203 1997 1265 2036 pati
1283 2008 1290 2028 ι
1308 1997 1451 2028 similiter
1465 1997 1503 2028 de
1520 1998 1573 2028 illo
1587 1998 1672 2029 fonte
1686 1998 1817 2029 luminis
1831 2001 1861 2030 et

1088 2051 1218 2081 veritate
1229 2060 1355 2081 summa
1368 2051 1474 2081 nullus
1492 2053 1593 2090 potest
1610 2051 1765 2090 Judicare‚
1781 2053 1862 2084 sicut

1088 2103 1162 2134 dicit
1174 2104 1386 2143 Augustinus,
1403 2104 1440 2135 de
1458 2104 1538 2135 Vera
1553 2104 1727 2144 Reliyz'one‚
1745 2107 1776 2136 et
1794 2105 1861 2146 ipsa

1088 2156 1168 2186 ratio
1182 2156 1293 2195 dictar,
1312 2166 1384 2187 cum
1396 2157 1543 2196 judicans
1557 2157 1662 2196 aliquo
1673 2158 1767 2188 modo
1781 2167 1861 2198 prae-

1088 2209 1186 2240 sideat
1196 2210 1350 2249 judicato,
1367 2210 1454 2240 nullo
1465 2210 1559 2240 modo
1573 2210 1699 2241 videtur
1712 2210 1860 2241 sustineri

1089 2271 1195 2302 posse,
1222 2264 1307 2303 quod
1333 2264 1442 2294 anima
1460 2263 1588 2300 Christi,
1604 2263 1655 2295 vel
1672 2263 1733 2294 alia
1754 2263 1860 2294 anima

1088 2316 1179 2347 beata
1194 2317 1355 2348 intueatur
1369 2317 1475 2357 ipsum
1495 2316 1623 2356 superni
1642 2316 1772 2347 luminis
1790 2317 1860 2348 fon-

1088 2372 1152 2400 tem
1167 2381 1173 2401 :
1188 2371 1227 2401 ad
1243 2371 1303 2401 hoc
1325 2370 1582 2410 respondendum
1607 2371 1666 2408 est,
1693 2371 1779 2409 quod
1803 2371 1860 2402 etsi

1089 2423 1129 2454 ad
1156 2424 1378 2463 perfectionem
1405 2423 1594 2462 cognitionis
1627 2423 1735 2462 aliquo
1765 2424 1860 2455 modo

1090 2479 1257 2508 concurrat
1270 2486 1335 2508 non
1350 2477 1453 2508 solum
1467 2476 1581 2516 passio,
1595 2476 1647 2506 sed
1659 2476 1753 2507 etiam
1767 2477 1858 2515 actio;

1089 2539 1154 2561 non
1167 2532 1273 2561 tamen
1288 2530 1446 2561 concurrit
1465 2530 1561 2566 actio,
1583 2538 1656 2569 quae
1677 2530 1804 2570 quidem
1825 2530 1860 2561 fit

1089 2612 1210 2642 Metaph„
1228 2612 1270 2635 lib.
1285 2612 1314 2638 V.
1331 2613 1399 2636 cont.
1416 2612 1457 2641 ¹7;
1473 2611 1502 2634 (le
1517 2611 1618 2641 Anima,
1634 2613 1701 2635 00111,
1724 2613 1752 2635 12
1767 2613 1792 2635 et
1805 2613 1833 2635 28
1849 2618 1855 2635 ε

1092 2655 1105 2668 (1
1119 2648 1259 2678 intelligere
1274 2648 1312 2671 est
1325 2646 1454 2677 quoddam
1467 2646 1527 2676 pati.
1542 2654 1555 2668 »
