2017 2960
43 651 108 679 Opin.
121 653 140 672 1.

42 2052 138 2079 Improb-

662 146 758 178 DIST.
779 146 899 178 XXVII.
923 146 1014 177 ART.
1038 146 1061 177 1.
1083 146 1233 183 QUAEST.
1257 147 1281 177 Ι.

449 253 663 285 CONCLUSIO.

169 327 294 355 Charitas
316 328 353 353 est
379 327 486 354 habitus
506 329 618 354 virtutis
646 329 680 355 ab
705 329 770 355 aliis
795 328 943 355 virtutibus

205 371 362 403 distinctus,
390 374 419 398 ut
431 374 509 406 patet
525 380 556 398 επ
571 374 771 407 comparatione
785 372 821 399 ad
836 374 941 405 actum,

204 413 241 439 ad
258 413 406 446 objectum,
430 414 467 440 ad
486 414 647 448 suffectum,
669 415 705 441 ad
724 416 867 450 proemz'um
880 435 887 447 ‚
909 415 945 441 ad

198 459 383 492 principium,
401 461 426 485 et
442 459 478 485 ad
491 461 652 494 oppositum.

206 530 299 571 Resp.
313 531 351 562 ad
366 541 438 571 arg.
456 532 504 563 Ad
519 533 744 572 praedictorum
759 533 940 573 intelligen-

164 583 242 614 tiam
256 586 303 615 est
318 585 494 616 notandum
505 609 513 623 ,
531 585 617 625 quod
635 586 718 616 circa
741 586 801 616 hoc
822 587 942 626 reperi-

164 638 217 667 tur
243 637 359 677 triplex
379 638 494 669 modus
522 638 655 669 dicendi.
689 638 824 675 Quidam
853 640 940 670 enim

163 692 266 723 dicere
279 693 462 731 voluerunt,
477 694 562 733 quod
577 694 738 724 charitatis
755 694 881 725 habitus
894 697 941 725 est

162 746 202 776 ab
218 746 287 777 aliis
299 746 460 777 habitibus
476 746 686 783 indistinctus,
703 750 830 787 propter
853 748 934 787 ipso-

162 808 237 829 rum
252 799 421 830 habituum
442 799 641 829 essentialem
661 800 828 831 unitatem.
847 801 939 831 Dixe-

161 855 238 883 runt
261 853 347 883 enim
366 853 451 893 ipsos
474 853 602 884 habitus
624 853 783 884 virtutum
797 855 836 885 ab
852 855 938 885 invi-

161 915 230 936 cem
245 915 309 937 non
324 906 451 937 differre
471 916 527 946 per
542 907 721 945 essentiam,
739 908 792 938 sed
807 908 873 938 sola
889 917 938 939 re-

161 960 279 991 latione
293 960 332 990 ad
348 963 448 991 actus.
468 960 504 991 Et
519 961 579 991 hoc
601 960 706 1000 ipsum
727 961 878 991 dixerunt
900 962 938 992 de

161 1013 465 1052 potentiisanimae.
493 1013 532 1044 Et
555 1013 641 1053 quod
663 1014 725 1044 sint
750 1023 851 1044 unum
881 1023 938 1054 per

161 1067 330 1097 essentiam
351 1067 434 1098 inter
459 1077 491 1098 se
520 1067 658 1098 invicem
674 1091 682 1105 ,
701 1067 834 1107 probare
853 1067 938 1098 inni-

160 1121 274 1150 tuntur
288 1129 345 1160 per
358 1122 505 1151 mutuam
526 1121 672 1160 ipsorum
688 1121 857 1151 habituum
882 1122 937 1152 de-

159 1173 421 1204 nominationem.
438 1173 518 1204 Cum
534 1174 620 1204 enim
640 1174 753 1205 formae
769 1174 937 1214 disparatae

159 1226 248 1257 nullo
272 1227 366 1257 modo
388 1227 508 1266 possint
531 1228 650 1266 seipsas
670 1228 888 1266 denominare,
906 1231 937 1259 et

159 1288 224 1310 una
241 1280 344 1310 virtus
371 1280 467 1310 aliam
494 1280 688 1318 denominet,
705 1283 741 1311 ut
757 1290 763 1310 :
783 1293 797 1309 «
811 1280 936 1312 Justitia

159 1335 206 1363 est
220 1333 371 1372 prudens,
387 1333 556 1373 prudentia
571 1336 617 1364 est
628 1335 727 1374 justa,
744 1334 822 1365 fides
837 1337 933 1373 amat,

159 1388 189 1416 et
204 1386 341 1417 charitas
356 1387 472 1425 credit3
490 1399 503 1415 ›)
522 1387 717 1427 impossibile
740 1390 787 1418 est
809 1388 937 1419 habitus

159 1440 317 1471 virtutum
339 1440 546 1471 essentialiter
566 1441 648 1471 inter
671 1450 703 1471 se
727 1441 865 1472 differre.
888 1441 936 1472 Ex

159 1495 219 1526 hac
238 1495 348 1526 eadem
376 1496 499 1527 ratione
528 1495 715 1527 concludere
742 1496 933 1534 voluerunt,

158 1551 244 1590 quod
259 1560 324 1582 non
345 1551 493 1582 differant
512 1561 530 1582 a
551 1552 712 1590 charitate,
734 1562 807 1583 cum
828 1553 934 1583 chari-

157 1606 214 1636 tati
241 1606 459 1636 attribuantur
483 1606 575 1646 quasi
602 1606 751 1637 omnium
777 1607 934 1637 virtutum

157 1659 247 1689 actus
259 1682 266 1695 ‚
282 1659 363 1689 sicut
384 1659 474 1690 dicit¹
491 1659 672 1699 Apostolus.
690 1659 727 1690 Et
743 1660 804 1691 1100
829 1660 934 1700 ipsum

156 1711 267 1742 dicunt
285 1712 419 1743 sensisse
433 1712 655 1752 Augustinum
671 1713 703 1743 in
718 1713 798 1744 libro
811 1714 850 1745 cte
866 1715 932 1746 Mo—

157 1764 246 1796 ribus
258 1766 289 1796 E
290 1765 421 1802 cclesioe’,
439 1765 493 1796 ubi
506 1765 550 1795 sic
565 1765 723 1796 diffiniens
740 1767 891 1797 virtutem
911 1771 930 1798 ²:

162 1830 176 1848 (1
189 1818 274 1850 Ν11111
289 1820 422 1850 omnino
435 1828 502 1850 esse
518 1820 671 1850 virtutem
690 1820 931 1859 affirmaverim,

157 1872 219 1902 nisi
239 1882 406 1903 summum
429 1882 572 1903 amorem
601 1873 667 1904 Dei.
691 1886 705 1902 »
733 1873 813 1904 Nam
842 1875 932 1914 illud,

157 1926 243 1965 quod
261 1926 492 1965 quadripartita
511 1926 627 1957 dicitur
642 1926 757 1964 virtus,
780 1928 934 1968 exipsius

156 1979 273 2009 amoris
293 1979 497 2019 quaternario
517 1979 647 2018 affectu,
664 1983 822 2019 quantum
837 1982 933 2012 intel-

155 2031 238 2071 ligo,
264 2032 389 2063 dieitur.
417 2032 477 2063 Sed
498 2034 796 2073 quantumcumque
811 2035 871 2065 hoc
884 2035 932 2065 in-

155 2085 285 2116 uuerint
307 2086 531 2124 auctoritates,
558 2095 677 2126 ponere
695 2089 802 2118 tamen
823 2097 934 2120 omnes

155 2137 282 2168 habitus
304 2138 494 2169 virtutuma
509 2148 542 2170 se
563 2140 701 2170 invicem
724 2150 788 2172 non
808 2141 933 2173 differre

154 2191 216 2222 nisi
233 2191 299 2222 sola
318 2191 471 2222 relatione
483 2216 490 2228 ,
516 2201 581 2223 non
603 2193 729 2224 videtur
756 2204 933 2227 consonum

154 2245 282 2281 rationi,
299 2254 359 2276 nec
374 2246 470 2276 etiam
485 2246 635 2278 doctrinae
648 2249 824 2279 communi.
845 2250 932 2287 Quod
951 2290 954 2292 v

156 2298 242 2329 enim
271 2298 437 2329 diversitas
465 2300 505 2330 sit
534 2300 569 2331 iu
594 2301 742 2341 potentiis
765 2303 882 2334 animae
904 2306 935 2334 et

157 2351 300 2391 ipsarum
321 2353 483 2384 habitibus
492 2377 502 2392 ,
521 2354 699 2385 manifestat
718 2355 786 2395 ipsa
801 2356 933 2387 diversi-

157 2406 205 2435 tas
213 2407 343 2436 actuum
357 2407 389 2436 et
402 2406 610 2446 objectorum.
621 2406 660 2438 Et
671 2411 847 2448 propterea,
859 2418 933 2440 eum

157 2467 224 2489 una
233 2458 335 2490 virtus
349 2459 533 2491 denominat
546 2460 653 2498 aliam,
665 2461 716 2492 vel
731 2464 820 2493 actus
836 2463 933 2494 unius

157 2512 342 2544 attribuitur
367 2512 475 2552 alteri,
498 2513 559 2545 1100
584 2523 649 2545 11011
673 2517 719 2546 est
748 2515 933 2556 intelligen-

189 2595 197 2610 ²
211 2595 290 2624 Rom,
303 2600 360 2624 11111,
376 2595 398 2618 9.
414 2608 440 2611 -
453 2595 463 2610 ¹
475 2596 549 2626 Aug„
565 2595 594 2618 de
608 2595 700 2620 Morzb.
717 2596 795 2628 Ecca,
810 2604 832 2621 c.
843 2603 885 2621 xv.
901 2611 932 2615 —

155 2631 165 2647 ³
180 2629 227 2660 td„
241 2629 270 2653 de
281 2629 358 2654 civit.
375 2630 431 2661 Dei,
443 2629 487 2654 lib.
502 2631 558 2660 XV,
575 2639 597 2655 c.
611 2637 678 2656 xxn.

1717 152 1771 180 601

999 214 1076 244 dum
1096 213 1164 244 fieri
1175 216 1303 254 propter
1319 213 1536 244 omnimodam
1558 214 1700 253 ipsorum
1716 215 1773 245 ha-

998 266 1126 297 bituum
1147 266 1403 305 indifferentiam,
1420 266 1473 297 sed
1483 269 1611 306 propter
1625 270 1774 298 mutuam

998 320 1327 351 circuminccssionem
1343 322 1374 351 et
1386 320 1674 358 concomitantiam,
1693 321 1774 351 sicut

997 372 1131 404 dicimus
1151 374 1189 404 de
1213 374 1360 413 potentiis
1384 374 1520 413 animae,
1538 373 1622 413 quod
1642 383 1674 404 se
1690 374 1773 403 invi-

997 435 1066 456 cem
1089 426 1377 465 circumincedant,
1394 429 1424 458 et
1439 436 1535 467 supra
1550 436 1582 457 se
1598 429 1711 457 mutuo
1726 436 1774 457 re-

996 480 1163 510 flectantur
1178 491 1184 510 :
1204 490 1269 511 non
1285 481 1360 520 quia
1377 481 1508 511 omnino
1523 481 1607 511 idem
1621 481 1700 518 sint,
1719 481 1773 511 sed

995 532 1080 572 quia,
1098 542 1172 563 011111
1187 533 1250 563 51111
1266 534 1299 563 111
1321 534 1431 564 eodem
1445 558 1452 570 ,
1477 536 1507 564 et
1524 535 1643 574 possint
1656 534 1773 565 reflecti

995 595 1091 625 super
1105 586 1183 616 illud
1198 586 1231 616 in
1246 595 1311 626 quo
1327 589 1418 623 sunt,
1436 587 1512 626 quia
1526 588 1633 618 anima
1657 587 1772 618 intelli-

995 639 1041 678 git
1054 648 1098 676 50,
1111 641 1141 670 et
1153 641 1236 669 amat
1251 649 1294 678 se,
1309 650 1365 680 per
1376 650 1572 680 consequens
1582 644 1612 672 et
1626 651 1722 681 supra
1738 651 1771 672 se

994 691 1132 723 invicem
1148 693 1365 724 reflectuntur.
1383 693 1420 724 Et
1436 697 1612 734 propterea,
1629 695 1704 734 quia
1718 704 1768 725 re-

994 745 1089 776 flexio
1117 755 1183 776 non
1210 747 1432 777 tantummodo
1453 748 1489 777 fit
1515 750 1641 787 propter
1664 748 1770 778 omni-

995 798 1122 828 modam
1144 799 1369 830 indivisionem
1394 801 1636 838 convenientiae,
1655 810 1769 831 verum

994 854 1089 884 etiam
1107 856 1235 894 propter
1248 855 1579 886 circumincessionem
1608 857 1767 887 concomi-

993 907 1117 944 tantiae;
1136 907 1205 938 ideo
1220 917 1285 938 non
1299 909 1447 948 cogimur
1462 918 1578 949 ponere
1589 919 1646 940 nec
1658 913 1765 950 poten-

993 960 1052 990 tias
1067 960 1195 998 animae,
1212 970 1271 992 nec
1284 961 1423 998 habitus,
1449 963 1623 994 secundum
1638 963 1669 994 id
1684 964 1770 1004 quod

992 1016 1078 1052 sunt,
1095 1015 1134 1044 ab
1150 1015 1285 1045 invicem
1306 1025 1370 1045 non
1389 1015 1527 1046 disterre.
1554 1016 1616 1047 Nec
1636 1016 1769 1056 Augus-

992 1068 1088 1104 tinus,
1105 1068 1139 1098 in
1157 1068 1238 1099 libro
1254 1068 1291 1100 cle
1306 1069 1447 1100 Moribus
1463 1070 1619 1108 Ecclesioe,
1636 1070 1707 1101 vult
1721 1071 1767 1101 di-

992 1129 1062 1151 cere
1077 1121 1153 1151 illud
1169 1132 1176 1158 ;
1201 1122 1255 1152 sed
1279 1131 1390 1152 omnes
1407 1122 1541 1153 virtutes
1556 1123 1632 1153 alias
1647 1123 1715 1153 vult
1731 1124 1770 1154 ad

991 1173 1176 1204 charitatem
1189 1177 1339 1214 tanquam
1355 1175 1394 1206 ad
1411 1175 1657 1207 fundamentum
1672 1177 1770 1208 redu—

991 1235 1071 1264 cere,
1084 1227 1151 1257 sine
1172 1237 1235 1267 qua
1255 1228 1326 1259 aliae
1342 1229 1485 1267 virtutes,
1503 1238 1569 1259 non
1585 1232 1659 1260 sunt
1684 1239 1769 1261 verae

990 1279 1124 1310 virtutes
1131 1281 1206 1320 quia
1214 1281 1252 1311 ad
1261 1290 1371 1312 veram
1380 1282 1608 1313 beatitudinem
1618 1292 1684 1313 non
1699 1292 1769 1322 per-

990 1332 1122 1363 ducunt.
1141 1333 1192 1364 Est
1208 1336 1238 1364 et
1256 1334 1308 1364 hic
1321 1334 1403 1364 alius
1418 1335 1532 1365 modus
1545 1335 1768 1372 dicendi‚vide-
1783 1353 1890 1380 Opinioffi

990 1385 1073 1424 licet,
1081 1387 1165 1426 quod
1175 1387 1310 1417 charitas
1319 1388 1357 1418 ab
1373 1388 1441 1418 aliis
1450 1389 1623 1419 virtutibus
1632 1398 1696 1420 nou
1707 1390 1769 1420 dis-

990 1439 1153 1478 tinguitur
1168 1443 1294 1480 propter
1315 1441 1414 1481 ipsius
1429 1442 1589 1472 charitatis
1610 1443 1769 1482 generali-

990 1494 1096 1523 tatem.
1110 1493 1287 1524 Yoluerunt
1308 1495 1393 1524 enim
1403 1495 1533 1534 quidam
1548 1496 1662 1534 dicere,
1683 1497 1766 1536 quod

990 1548 1057 1587 ipsa
1066 1548 1114 1578 vis
1123 1550 1377 1589 concupiscibilis
1387 1550 1578 1582 diffunditur
1590 1561 1646 1592 per
1659 1561 1769 1583 omnes

989 1602 1066 1632 alias
1078 1602 1170 1640 vires,
1183 1611 1240 1642 pro
1250 1612 1287 1633 00
1297 1603 1381 1643 quod
1393 1593 1503 1634 omnes
1515 1605 1586 1635 aliae
1604 1605 1687 1636 vires
1704 1606 1770 1636 ani-

991 1664 1051 1685 mae
1068 1658 1222 1695 appetunt
1237 1656 1360 1696 objecta
1381 1667 1449 1688 sua.
1476 1657 1563 1689 Unde
1584 1659 1660 1698 quia
1679 1669 1770 1691 amor

989 1709 1147 1749 reperitur
1173 1710 1206 1740 in
1220 1711 1369 1741 omnibus
1392 1712 1528 1749 viribus,
1544 1715 1580 1743 ut
1602 1713 1722 1752 dicunt,
1740 1716 1771 1745 et

989 1773 1080 1794 amor
1095 1764 1259 1795 ordinatus
1277 1764 1310 1794 in
1324 1765 1474 1796 omnibus
1488 1767 1677 1806 virtutibus,
1695 1768 1770 1808 quia

989 1818 1125 1848 charitas
1140 1827 1205 1848 non
1223 1820 1269 1848 051
1284 1818 1370 1849 aliud
1386 1821 1407 1857 ¹,
1424 1829 1521 1859 quam
1537 1820 1614 1851 ordo
1631 1822 1767 1859 amoris;

989 1872 1064 1902 111110,
1084 1874 1131 1902 est
1149 1872 1233 1911 quod
1256 1872 1360 1903 dicere
1385 1873 1559 1904 voluerunt
1581 1874 1767 1906 charitatem

989 1927 1029 1956 01)
1044 1936 1135 1957 suam
1153 1927 1393 1966 generalitatem
1406 1937 1472 1958 nou
1480 1928 1634 1967 distingui
1644 1929 1683 1959 ab
1697 1930 1766 1960 aiiis

989 1980 1173 2010 virtutibus
1193 1979 1254 2011 Sed
1268 1990 1326 2011 nec
1344 1981 1423 2011 illud
1438 1981 1564 2012 videtur
1579 1982 1765 2014 rationabile

989 2043 1231 2074 usquequaque,
1260 2043 1317 2064 uec
1340 2035 1568 2066 convenienter
1583 2036 1664 2074 dici,
1690 2047 1764 2068 cum

989 2087 1158 2127 Apostolus
1199 2097 1269 2118 eam
1308 2088 1484 2128 distinguat
1519 2090 1558 2120 ab
1593 2090 1673 2120 aliis.
1704 2090 1766 2121 Nec

989 2141 1069 2171 ratio
1084 2150 1181 2181 quam
1198 2141 1381 2180 assignant,
1406 2143 1545 2173 multum
1572 2146 1618 2174 est
1641 2144 1765 2182 efficax,

990 2203 1047 2233 pro
1065 2203 1102 2224 eo
1124 2194 1209 2234 quod
1234 2195 1488 2234 concupiscibilis
1502 2196 1545 2226 ita
1561 2198 1607 2227 est
1622 2196 1671 2227 vis
1686 2197 1718 2227 111
1735 2207 1768 2228 50

990 2247 1146 2285 distincta,
1163 2247 1245 2278 sicut
1259 2248 1422 2279 rationalis
1437 2251 1466 2279 et
1483 2249 1646 2280 irascibilis
1660 2259 1667 2280 :
1682 2251 1768 2282 unde

990 2301 1074 2341 quod
1091 2304 1180 2332 actus
1195 2301 1450 2342 concupiscibilis
1464 2302 1502 2332 ad
1514 2305 1620 2333 actum
1631 2303 1767 2334 aliarum

989 2354 1109 2386 virium
1124 2357 1302 2393 concurrat,
1317 2356 1377 2386 hoc
1391 2365 1456 2386 non
1472 2358 1517 2386 est
1533 2358 1661 2396 propter
1678 2356 1768 2387 iden-

990 2409 1111 2439 titatem
1127 2411 1157 2440 et
1176 2409 1401 2440 indivisionem
1415 2410 1448 2440 in
1464 2410 1607 2447 essendo,
1623 2409 1677 2440 sed
1691 2419 1768 2449 pro-

989 2464 1059 2503 pter
1085 2462 1279 2493 simultatem
1306 2465 1337 2494 et
1367 2463 1511 2494 ordinem
1535 2463 1568 2493 in
1596 2463 1766 2496 movendo.

988 2517 1076 2548 Unde
1103 2516 1252 2556 generale
1266 2540 1274 2555 ,
1295 2517 1361 2547 sive
1385 2516 1566 2548 universale
1579 2540 1587 2554 ,
1605 2517 1769 2547 consuevit

987 2570 1108 2611 aliquid
1131 2570 1192 2602 dici
1218 2570 1397 2610 dupliciter,
1413 2570 1464 2601 vel
1478 2571 1607 2610 propter
1618 2579 1765 2602 commu-

986 2625 1118 2656 nitatem
1134 2624 1167 2655 in
1183 2624 1397 2667 praedicando,
1415 2624 1465 2655 vel
1480 2626 1609 2664 propter
1625 2633 1768 2657 commu-

1789 1992 1880 2018 linproh.
