<?xml version="1.0" encoding="UTF-8"?>
<!DOCTYPE html PUBLIC "-//W3C//DTD XHTML 1.0 Transitional//EN"
    "http://www.w3.org/TR/xhtml1/DTD/xhtml1-transitional.dtd">
<html xmlns="http://www.w3.org/1999/xhtml" xml:lang="en" lang="en">
 <head>
  <title>
</title>
<meta http-equiv="Content-Type" content="text/html;charset=utf-8" />
  <meta name='ocr-system' content='tesseract 3.04.00' />
  <meta name='ocr-capabilities' content='ocr_page ocr_carea ocr_par ocr_line ocrx_word'/>
</head>
<body>
  <div class='ocr_page' id='page_1' title='image "./operaomniasixtiv04bonauoft/operaomniasixtiv04bonauoft_0362.png"; bbox 0 0 2017 2960; ppageno 0'>
   <div class='ocr_carea' id='block_1_1' title="bbox 229 174 1008 1513">
    <p class='ocr_par' dir='ltr' id='par_1_1' title="bbox 237 174 1007 381">
     <span class='ocr_line' id='line_1_1' title="bbox 239 174 296 201; baseline 0 -2"><span class='ocrx_word' id='word_1_1' title='bbox 239 174 296 201; x_wconf 60' lang='grc'>340</span> 
     </span>
     <span class='ocr_line' id='line_1_2' title="bbox 237 235 1007 277; baseline -0.005 -9"><span class='ocrx_word' id='word_1_2' title='bbox 237 238 381 277; x_wconf 78' lang='lat' dir='ltr'>sumpsit,</span> <span class='ocrx_word' id='word_1_3' title='bbox 397 237 451 277; x_wconf 87' lang='lat' dir='ltr'>qni</span> <span class='ocrx_word' id='word_1_4' title='bbox 475 237 591 267; x_wconf 78' lang='lat' dir='ltr'>faciunt</span> <span class='ocrx_word' id='word_1_5' title='bbox 616 236 653 266; x_wconf 84' lang='lat' dir='ltr'>ad</span> <span class='ocrx_word' id='word_1_6' title='bbox 676 235 888 265; x_wconf 79' lang='lat' dir='ltr'>humilitatem</span> <span class='ocrx_word' id='word_1_7' title='bbox 907 242 1007 271; x_wconf 84' lang='lat' dir='ltr'>:ergo</span> 
     </span>
     <span class='ocr_line' id='line_1_3' title="bbox 237 287 1004 327; baseline -0.008 -5"><span class='ocrx_word' id='word_1_8' title='bbox 237 291 348 322; x_wconf 88' lang='lat' dir='ltr'>habuit</span> <span class='ocrx_word' id='word_1_9' title='bbox 369 291 399 320; x_wconf 92' lang='lat' dir='ltr'>in</span> <span class='ocrx_word' id='word_1_10' title='bbox 415 300 447 321; x_wconf 75' lang='lat' dir='ltr'>sc</span> <span class='ocrx_word' id='word_1_11' title='bbox 463 291 617 321; x_wconf 70' lang='lat' dir='ltr'>desectum</span> <span class='ocrx_word' id='word_1_12' title='bbox 641 291 670 319; x_wconf 88' lang='lat' dir='ltr'>et</span> <span class='ocrx_word' id='word_1_13' title='bbox 688 288 827 327; x_wconf 87' lang='lat' dir='ltr'>inopiam</span> <span class='ocrx_word' id='word_1_14' title='bbox 846 287 1004 317; x_wconf 79' lang='lat' dir='ltr'>scienliae:</span> 
     </span>
     <span class='ocr_line' id='line_1_4' title="bbox 237 341 976 381; baseline -0.008 -6"><span class='ocrx_word' id='word_1_15' title='bbox 237 345 289 375; x_wconf 84' lang='lat' dir='ltr'>sed</span> <span class='ocrx_word' id='word_1_16' title='bbox 310 345 364 375; x_wconf 82' lang='lat' dir='ltr'>iste</span> <span class='ocrx_word' id='word_1_17' title='bbox 379 345 515 373; x_wconf 77' lang='lat' dir='ltr'>‹lel&#39;eclns</span> <span class='ocrx_word' id='word_1_18' title='bbox 529 345 575 372; x_wconf 79' lang='lat' dir='ltr'>est</span> <span class='ocrx_word' id='word_1_19' title='bbox 592 341 772 381; x_wconf 76' lang='lat' dir='ltr'>ignorantia</span> <span class='ocrx_word' id='word_1_20' title='bbox 786 351 793 370; x_wconf 70' lang='grc' dir='ltr'><strong><em>ι</em></strong></span> <span class='ocrx_word' id='word_1_21' title='bbox 812 349 901 379; x_wconf 70' lang='lat' dir='ltr'>eigs),</span> <span class='ocrx_word' id='word_1_22' title='bbox 918 343 976 370; x_wconf 85' lang='lat' dir='ltr'>etc.</span> 
     </span>
    </p>

    <p class='ocr_par' dir='ltr' id='par_1_2' title="bbox 234 394 1007 761">
     <span class='ocr_line' id='line_1_5' title="bbox 277 394 1007 432; baseline -0.007 -5"><span class='ocrx_word' id='word_1_23' title='bbox 277 401 306 428; x_wconf 70' lang='lat'>5.</span> <span class='ocrx_word' id='word_1_24' title='bbox 322 397 410 432; x_wconf 79' lang='lat' dir='ltr'>lleni,</span> <span class='ocrx_word' id='word_1_25' title='bbox 424 397 564 426; x_wconf 61' lang='lat' dir='ltr'>Christus</span> <span class='ocrx_word' id='word_1_26' title='bbox 581 395 613 424; x_wconf 89' lang='lat' dir='ltr'>in</span> <span class='ocrx_word' id='word_1_27' title='bbox 627 394 823 424; x_wconf 81' lang='lat' dir='ltr'>suainsantia</span> <span class='ocrx_word' id='word_1_28' title='bbox 834 394 945 423; x_wconf 78' lang='lat' dir='ltr'>habuit</span> <span class='ocrx_word' id='word_1_29' title='bbox 957 394 1007 423; x_wconf 88' lang='lat' dir='ltr'>de-</span> 
     </span>
     <span class='ocr_line' id='line_1_6' title="bbox 237 446 1005 489; baseline -0.007 -8"><span class='ocrx_word' id='word_1_30' title='bbox 237 452 352 482; x_wconf 83' lang='lat' dir='ltr'>fectum</span> <span class='ocrx_word' id='word_1_31' title='bbox 378 449 577 489; x_wconf 61' lang='lat' dir='ltr'>eloquentiae,</span> <span class='ocrx_word' id='word_1_32' title='bbox 594 448 743 487; x_wconf 84' lang='lat' dir='ltr'>quamvis</span> <span class='ocrx_word' id='word_1_33' title='bbox 759 449 840 478; x_wconf 81' lang='lat' dir='ltr'>esset</span> <span class='ocrx_word' id='word_1_34' title='bbox 865 446 1005 477; x_wconf 80' lang='lat' dir='ltr'>Verbum</span> 
     </span>
     <span class='ocr_line' id='line_1_7' title="bbox 237 500 1007 541; baseline -0.008 -6"><span class='ocrx_word' id='word_1_35' title='bbox 237 504 347 541; x_wconf 67' lang='lat' dir='ltr'>ratris,</span> <span class='ocrx_word' id='word_1_36' title='bbox 365 506 396 533; x_wconf 88' lang='lat' dir='ltr'>nt</span> <span class='ocrx_word' id='word_1_37' title='bbox 413 503 576 533; x_wconf 71' lang='lat' dir='ltr'>veritatem</span> <span class='ocrx_word' id='word_1_38' title='bbox 599 502 750 532; x_wconf 79' lang='lat' dir='ltr'>humanae</span> <span class='ocrx_word' id='word_1_39' title='bbox 774 503 896 531; x_wconf 78' lang='lat' dir='ltr'>naturae</span> <span class='ocrx_word' id='word_1_40' title='bbox 923 500 955 530; x_wconf 90' lang='lat' dir='ltr'>in</span> <span class='ocrx_word' id='word_1_41' title='bbox 975 509 1007 530; x_wconf 86' lang='lat' dir='ltr'>se</span> 
     </span>
     <span class='ocr_line' id='line_1_8' title="bbox 235 556 1007 597; baseline -0.006 -7"><span class='ocrx_word' id='word_1_42' title='bbox 235 559 409 590; x_wconf 70' lang='lat' dir='ltr'>ostenderet</span> <span class='ocrx_word' id='word_1_43' title='bbox 431 569 438 587; x_wconf 88' lang='lat'>:</span> <span class='ocrx_word' id='word_1_44' title='bbox 455 567 533 595; x_wconf 78' lang='lat' dir='ltr'>ergo</span> <span class='ocrx_word' id='word_1_45' title='bbox 558 557 626 597; x_wconf 78' lang='lat' dir='ltr'>pari</span> <span class='ocrx_word' id='word_1_46' title='bbox 643 557 775 593; x_wconf 82' lang='lat' dir='ltr'>ratione,</span> <span class='ocrx_word' id='word_1_47' title='bbox 793 556 940 596; x_wconf 78' lang='lat' dir='ltr'>quamvis</span> <span class='ocrx_word' id='word_1_48' title='bbox 956 566 1007 585; x_wconf 86' lang='lat' dir='ltr'>es-</span> 
     </span>
     <span class='ocr_line' id='line_1_9' title="bbox 234 610 1007 652; baseline -0.005 -10"><span class='ocrx_word' id='word_1_49' title='bbox 234 615 280 643; x_wconf 86' lang='lat' dir='ltr'>set</span> <span class='ocrx_word' id='word_1_50' title='bbox 305 612 457 652; x_wconf 76' lang='lat' dir='ltr'>sapientia</span> <span class='ocrx_word' id='word_1_51' title='bbox 486 611 606 649; x_wconf 80' lang='lat' dir='ltr'>Patris,</span> <span class='ocrx_word' id='word_1_52' title='bbox 636 610 812 641; x_wconf 79' lang='lat' dir='ltr'>secundum</span> <span class='ocrx_word' id='word_1_53' title='bbox 830 610 1007 639; x_wconf 85' lang='lat' dir='ltr'>humanam</span> 
     </span>
     <span class='ocr_line' id='line_1_10' title="bbox 234 663 1007 696; baseline -0.006 0"><span class='ocrx_word' id='word_1_54' title='bbox 234 669 381 696; x_wconf 87' lang='lat' dir='ltr'>naturam</span> <span class='ocrx_word' id='word_1_55' title='bbox 397 668 502 695; x_wconf 85' lang='lat' dir='ltr'>tamen</span> <span class='ocrx_word' id='word_1_56' title='bbox 518 664 625 695; x_wconf 81' lang='lat' dir='ltr'><strong>debuit</strong></span> <span class='ocrx_word' id='word_1_57' title='bbox 646 663 760 693; x_wconf 84' lang='lat' dir='ltr'>habere</span> <span class='ocrx_word' id='word_1_58' title='bbox 784 663 941 692; x_wconf 82' lang='lat' dir='ltr'>defectum</span> <span class='ocrx_word' id='word_1_59' title='bbox 957 671 1007 692; x_wconf 88' lang='lat' dir='ltr'>sa-</span> 
     </span>
     <span class='ocr_line' id='line_1_11' title="bbox 234 718 984 761; baseline -0.005 -10"><span class='ocrx_word' id='word_1_60' title='bbox 234 722 361 761; x_wconf 75' lang='lat' dir='ltr'>pientiae</span> <span class='ocrx_word' id='word_1_61' title='bbox 379 732 385 752; x_wconf 88' lang='lat'><strong>:</strong></span> <span class='ocrx_word' id='word_1_62' title='bbox 404 721 455 751; x_wconf 71' lang='lat' dir='ltr'>sed</span> <span class='ocrx_word' id='word_1_63' title='bbox 471 720 522 750; x_wconf 90' lang='lat' dir='ltr'>hic</span> <span class='ocrx_word' id='word_1_64' title='bbox 537 722 580 749; x_wconf 78' lang='lat' dir='ltr'>est</span> <span class='ocrx_word' id='word_1_65' title='bbox 597 718 778 757; x_wconf 74' lang='lat' dir='ltr'>ignorantia</span> <span class='ocrx_word' id='word_1_66' title='bbox 795 728 801 748; x_wconf 78' lang='lat'>1</span> <span class='ocrx_word' id='word_1_67' title='bbox 817 727 907 756; x_wconf 85' lang='lat' dir='ltr'>ergo,</span> <span class='ocrx_word' id='word_1_68' title='bbox 925 719 984 747; x_wconf 90' lang='lat' dir='ltr'>etc.</span> 
     </span>
    </p>

    <p class='ocr_par' dir='ltr' id='par_1_3' title="bbox 229 770 1006 1137">
     <span class='ocr_line' id='line_1_12' title="bbox 274 770 1006 813; baseline -0.007 -8"><span class='ocrx_word' id='word_1_69' title='bbox 274 777 303 806; x_wconf 77' lang='grc' dir='ltr'>(ἰ.</span> <span class='ocrx_word' id='word_1_70' title='bbox 330 775 419 812; x_wconf 71' lang='lat' dir='ltr'>Item,</span> <span class='ocrx_word' id='word_1_71' title='bbox 444 773 592 813; x_wconf 86' lang='lat' dir='ltr'>quamvis</span> <span class='ocrx_word' id='word_1_72' title='bbox 621 772 764 803; x_wconf 88' lang='lat' dir='ltr'>Christus</span> <span class='ocrx_word' id='word_1_73' title='bbox 793 772 873 801; x_wconf 86' lang='lat' dir='ltr'>esset</span> <span class='ocrx_word' id='word_1_74' title='bbox 904 770 1006 801; x_wconf 86' lang='lat' dir='ltr'>virtus</span> 
     </span>
     <span class='ocr_line' id='line_1_13' title="bbox 235 823 1004 868; baseline -0.009 -9"><span class='ocrx_word' id='word_1_75' title='bbox 235 828 344 866; x_wconf 82' lang='lat' dir='ltr'>Patris,</span> <span class='ocrx_word' id='word_1_76' title='bbox 369 829 465 868; x_wconf 74' lang='lat' dir='ltr'>juxta</span> <span class='ocrx_word' id='word_1_77' title='bbox 478 826 555 857; x_wconf 88' lang='lat' dir='ltr'>illud</span> <span class='ocrx_word' id='word_1_78' title='bbox 576 826 660 866; x_wconf 85' lang='lat' dir='ltr'>quod</span> <span class='ocrx_word' id='word_1_79' title='bbox 690 825 764 855; x_wconf 84' lang='lat' dir='ltr'>dicit</span> <span class='ocrx_word' id='word_1_80' title='bbox 788 823 977 863; x_wconf 66' lang='lat' dir='ltr'>Apostolus*</span> <span class='ocrx_word' id='word_1_81' title='bbox 997 833 1004 853; x_wconf 92' lang='lat'>:</span> 
     </span>
     <span class='ocr_line' id='line_1_14' title="bbox 234 878 1006 914; baseline -0.006 -1"><span class='ocrx_word' id='word_1_82' title='bbox 234 882 377 913; x_wconf 75' lang='lat' dir='ltr'>Dicimus</span> <span class='ocrx_word' id='word_1_83' title='bbox 394 882 554 913; x_wconf 77' lang='lat' dir='ltr'>Christum</span> <span class='ocrx_word' id='word_1_84' title='bbox 571 881 626 911; x_wconf 72' lang='lat' dir='ltr'>Dei</span> <span class='ocrx_word' id='word_1_85' title='bbox 648 880 812 914; x_wconf 72' lang='lat' dir='ltr'>virtutem,</span> <span class='ocrx_word' id='word_1_86' title='bbox 830 881 859 909; x_wconf 78' lang='lat' dir='ltr'>et</span> <span class='ocrx_word' id='word_1_87' title='bbox 874 878 932 908; x_wconf 67' lang='lat' dir='ltr'>Dei</span> <span class='ocrx_word' id='word_1_88' title='bbox 953 884 1006 908; x_wconf 81' lang='lat' dir='ltr'>sa-</span> 
     </span>
     <span class='ocr_line' id='line_1_15' title="bbox 232 931 1006 975; baseline -0.009 -8"><span class='ocrx_word' id='word_1_89' title='bbox 232 937 406 975; x_wconf 70' lang='lat' dir='ltr'>pientiam3</span> <span class='ocrx_word' id='word_1_90' title='bbox 436 935 549 965; x_wconf 89' lang='lat' dir='ltr'>habuit</span> <span class='ocrx_word' id='word_1_91' title='bbox 570 936 676 964; x_wconf 86' lang='lat' dir='ltr'>tamen</span> <span class='ocrx_word' id='word_1_92' title='bbox 701 933 858 963; x_wconf 82' lang='lat' dir='ltr'>desectum</span> <span class='ocrx_word' id='word_1_93' title='bbox 886 931 1006 962; x_wconf 87' lang='lat' dir='ltr'>virium</span> 
     </span>
     <span class='ocr_line' id='line_1_16' title="bbox 229 989 1006 1029; baseline -0.006 -9"><span class='ocrx_word' id='word_1_94' title='bbox 229 991 324 1029; x_wconf 76' lang='lat' dir='ltr'>juxta</span> <span class='ocrx_word' id='word_1_95' title='bbox 350 990 545 1028; x_wconf 71' lang='lat' dir='ltr'>exigentiam</span> <span class='ocrx_word' id='word_1_96' title='bbox 571 989 721 1019; x_wconf 66' lang='lat' dir='ltr'>humanae</span> <span class='ocrx_word' id='word_1_97' title='bbox 745 989 868 1017; x_wconf 65' lang='lat' dir='ltr'>natura}</span> <span class='ocrx_word' id='word_1_98' title='bbox 896 997 903 1017; x_wconf 79' lang='lat' dir='ltr'>z</span> <span class='ocrx_word' id='word_1_99' title='bbox 928 994 1006 1025; x_wconf 88' lang='lat' dir='ltr'>ergo</span> 
     </span>
     <span class='ocr_line' id='line_1_17' title="bbox 234 1039 1006 1083; baseline -0.006 -9"><span class='ocrx_word' id='word_1_100' title='bbox 234 1044 359 1074; x_wconf 83' lang='lat' dir='ltr'>videtur</span> <span class='ocrx_word' id='word_1_101' title='bbox 370 1043 436 1083; x_wconf 85' lang='lat' dir='ltr'>pari</span> <span class='ocrx_word' id='word_1_102' title='bbox 448 1044 569 1073; x_wconf 83' lang='lat' dir='ltr'>ratione</span> <span class='ocrx_word' id='word_1_103' title='bbox 582 1041 667 1082; x_wconf 84' lang='lat' dir='ltr'>quod</span> <span class='ocrx_word' id='word_1_104' title='bbox 686 1040 834 1072; x_wconf 87' lang='lat' dir='ltr'>habuerit</span> <span class='ocrx_word' id='word_1_105' title='bbox 848 1039 1006 1070; x_wconf 85' lang='lat' dir='ltr'>defectum</span> 
     </span>
     <span class='ocr_line' id='line_1_18' title="bbox 234 1097 407 1137; baseline 0 -10"><span class='ocrx_word' id='word_1_106' title='bbox 234 1097 407 1137; x_wconf 73' lang='lat' dir='ltr'>sapientiae.</span> 
     </span>
    </p>

    <p class='ocr_par' dir='ltr' id='par_1_4' title="bbox 232 1147 1008 1404">
     <span class='ocr_line' id='line_1_19' title="bbox 274 1147 1008 1188; baseline -0.008 -7"><span class='ocrx_word' id='word_1_107' title='bbox 274 1150 332 1181; x_wconf 86' lang='lat' dir='ltr'>Sed</span> <span class='ocrx_word' id='word_1_108' title='bbox 348 1152 457 1180; x_wconf 84' lang='lat' dir='ltr'>contra</span> <span class='ocrx_word' id='word_1_109' title='bbox 474 1160 481 1181; x_wconf 90' lang='lat'>:</span> <span class='ocrx_word' id='word_1_110' title='bbox 499 1149 682 1188; x_wconf 84' lang='lat' dir='ltr'>Assumptio</span> <span class='ocrx_word' id='word_1_111' title='bbox 707 1148 810 1178; x_wconf 83' lang='lat' dir='ltr'>carnis</span> <span class='ocrx_word' id='word_1_112' title='bbox 841 1147 900 1177; x_wconf 80' lang='lat' dir='ltr'>t&#39;uit</span> <span class='ocrx_word' id='word_1_113' title='bbox 927 1155 1008 1186; x_wconf 85' lang='lat' dir='ltr'>opus</span> 
     </span>
     <span class='ocr_line' id='line_1_20' title="bbox 233 1199 1005 1243; baseline -0.009 -8"><span class='ocrx_word' id='word_1_114' title='bbox 233 1205 351 1235; x_wconf 83' lang='lat' dir='ltr'>divinae</span> <span class='ocrx_word' id='word_1_115' title='bbox 367 1204 528 1243; x_wconf 65' lang='lat' dir='ltr'>sapientiae</span> <span class='ocrx_word' id='word_1_116' title='bbox 542 1213 552 1232; x_wconf 89' lang='lat'><em>:</em></span> <span class='ocrx_word' id='word_1_117' title='bbox 569 1203 621 1233; x_wconf 86' lang='lat' dir='ltr'>sed</span> <span class='ocrx_word' id='word_1_118' title='bbox 636 1201 801 1242; x_wconf 79' lang='lat' dir='ltr'>sapientia,</span> <span class='ocrx_word' id='word_1_119' title='bbox 828 1199 1005 1231; x_wconf 87' lang='lat' dir='ltr'>secundum</span> 
     </span>
     <span class='ocr_line' id='line_1_21' title="bbox 233 1254 1006 1297; baseline -0.008 -9"><span class='ocrx_word' id='word_1_120' title='bbox 233 1258 317 1297; x_wconf 84' lang='lat' dir='ltr'>quod</span> <span class='ocrx_word' id='word_1_121' title='bbox 331 1257 528 1297; x_wconf 85' lang='lat' dir='ltr'>hujusmodi,</span> <span class='ocrx_word' id='word_1_122' title='bbox 549 1266 612 1286; x_wconf 89' lang='lat' dir='ltr'>non</span> <span class='ocrx_word' id='word_1_123' title='bbox 628 1258 674 1286; x_wconf 90' lang='lat' dir='ltr'>est</span> <span class='ocrx_word' id='word_1_124' title='bbox 692 1255 886 1295; x_wconf 87' lang='lat' dir='ltr'>principium</span> <span class='ocrx_word' id='word_1_125' title='bbox 909 1254 1006 1292; x_wconf 88' lang='lat' dir='ltr'>igno-</span> 
     </span>
     <span class='ocr_line' id='line_1_22' title="bbox 232 1307 1004 1350; baseline -0.009 -7"><span class='ocrx_word' id='word_1_126' title='bbox 232 1312 344 1343; x_wconf 78' lang='lat' dir='ltr'>rantiae</span> <span class='ocrx_word' id='word_1_127' title='bbox 361 1321 369 1342; x_wconf 89' lang='lat'><strong>:</strong></span> <span class='ocrx_word' id='word_1_128' title='bbox 385 1320 462 1350; x_wconf 84' lang='lat' dir='ltr'>ergo</span> <span class='ocrx_word' id='word_1_129' title='bbox 479 1310 620 1341; x_wconf 87' lang='lat' dir='ltr'>Christus</span> <span class='ocrx_word' id='word_1_130' title='bbox 640 1318 704 1339; x_wconf 88' lang='lat' dir='ltr'>non</span> <span class='ocrx_word' id='word_1_131' title='bbox 720 1307 889 1347; x_wconf 84' lang='lat' dir='ltr'>assumpsit</span> <span class='ocrx_word' id='word_1_132' title='bbox 904 1307 1004 1337; x_wconf 87' lang='lat' dir='ltr'>desec-</span> 
     </span>
     <span class='ocr_line' id='line_1_23' title="bbox 235 1363 755 1404; baseline -0.008 -8"><span class='ocrx_word' id='word_1_133' title='bbox 235 1369 301 1397; x_wconf 87' lang='lat' dir='ltr'>tum</span> <span class='ocrx_word' id='word_1_134' title='bbox 315 1366 417 1403; x_wconf 82' lang='lat' dir='ltr'>illum,</span> <span class='ocrx_word' id='word_1_135' title='bbox 430 1365 485 1404; x_wconf 86' lang='lat' dir='ltr'>qui</span> <span class='ocrx_word' id='word_1_136' title='bbox 501 1367 547 1395; x_wconf 88' lang='lat' dir='ltr'>est</span> <span class='ocrx_word' id='word_1_137' title='bbox 561 1363 755 1403; x_wconf 81' lang='lat' dir='ltr'>ignorantia.</span> 
     </span>
    </p>

    <p class='ocr_par' dir='ltr' id='par_1_5' title="bbox 233 1412 1006 1513">
     <span class='ocr_line' id='line_1_24' title="bbox 272 1412 1004 1456; baseline -0.011 -6"><span class='ocrx_word' id='word_1_138' title='bbox 272 1419 361 1456; x_wconf 84' lang='lat' dir='ltr'>Item,</span> <span class='ocrx_word' id='word_1_139' title='bbox 390 1419 530 1449; x_wconf 85' lang='lat' dir='ltr'>Christus</span> <span class='ocrx_word' id='word_1_140' title='bbox 554 1418 685 1447; x_wconf 89' lang='lat' dir='ltr'>venerat</span> <span class='ocrx_word' id='word_1_141' title='bbox 710 1424 767 1445; x_wconf 90' lang='lat' dir='ltr'>nos</span> <span class='ocrx_word' id='word_1_142' title='bbox 790 1414 902 1445; x_wconf 89' lang='lat' dir='ltr'>docere</span> <span class='ocrx_word' id='word_1_143' title='bbox 927 1412 1004 1443; x_wconf 90' lang='lat' dir='ltr'>:sed</span> 
     </span>
     <span class='ocr_line' id='line_1_25' title="bbox 233 1466 1006 1513; baseline -0.009 -10"><span class='ocrx_word' id='word_1_144' title='bbox 233 1473 410 1513; x_wconf 85' lang='lat' dir='ltr'>ignorantis</span> <span class='ocrx_word' id='word_1_145' title='bbox 423 1481 488 1502; x_wconf 92' lang='lat' dir='ltr'>non</span> <span class='ocrx_word' id='word_1_146' title='bbox 504 1473 547 1501; x_wconf 66' lang='lat' dir='ltr'>est</span> <span class='ocrx_word' id='word_1_147' title='bbox 562 1471 673 1501; x_wconf 83' lang='lat' dir='ltr'>docere</span> <span class='ocrx_word' id='word_1_148' title='bbox 692 1479 699 1500; x_wconf 90' lang='lat'><strong>:</strong></span> <span class='ocrx_word' id='word_1_149' title='bbox 726 1477 804 1507; x_wconf 89' lang='lat' dir='ltr'>ergo</span> <span class='ocrx_word' id='word_1_150' title='bbox 818 1476 882 1497; x_wconf 90' lang='lat' dir='ltr'>non</span> <span class='ocrx_word' id='word_1_151' title='bbox 897 1466 1006 1497; x_wconf 81' lang='lat' dir='ltr'>debuit</span> 
     </span>
    </p>
   </div>
   <div class='ocr_carea' id='block_1_2' title="bbox 232 1524 1004 1614">
    <p class='ocr_par' dir='ltr' id='par_1_6' title="bbox 232 1524 1004 1614">
     <span class='ocr_line' id='line_1_26' title="bbox 232 1524 631 1564; baseline -0.008 -9"><span class='ocrx_word' id='word_1_152' title='bbox 232 1524 446 1564; x_wconf 80' lang='lat' dir='ltr'>ignorantiam</span> <span class='ocrx_word' id='word_1_153' title='bbox 457 1531 631 1553; x_wconf 81' lang='lat' dir='ltr'>assumere.</span> 
     </span>
     <span class='ocr_line' id='line_1_27' title="bbox 272 1570 1004 1614; baseline -0.011 -8"><span class='ocrx_word' id='word_1_154' title='bbox 272 1576 361 1614; x_wconf 84' lang='lat' dir='ltr'>Item,</span> <span class='ocrx_word' id='word_1_155' title='bbox 377 1575 457 1605; x_wconf 88' lang='lat' dir='ltr'>nulli</span> <span class='ocrx_word' id='word_1_156' title='bbox 485 1575 547 1604; x_wconf 80' lang='lat' dir='ltr'>nisi</span> <span class='ocrx_word' id='word_1_157' title='bbox 574 1573 685 1604; x_wconf 86' lang='lat' dir='ltr'>scienti</span> <span class='ocrx_word' id='word_1_158' title='bbox 709 1570 902 1602; x_wconf 90' lang='lat' dir='ltr'>credendum</span> <span class='ocrx_word' id='word_1_159' title='bbox 927 1571 973 1600; x_wconf 90' lang='lat' dir='ltr'>est</span> <span class='ocrx_word' id='word_1_160' title='bbox 996 1578 1004 1599; x_wconf 74' lang='grc' dir='ltr'><strong><em>ε</em></strong></span> 
     </span>
    </p>
   </div>
   <div class='ocr_carea' id='block_1_3' title="bbox 231 1624 1008 1776">
    <p class='ocr_par' dir='ltr' id='par_1_7' title="bbox 231 1624 1008 1776">
     <span class='ocr_line' id='line_1_28' title="bbox 231 1624 1008 1661; baseline -0.013 0"><span class='ocrx_word' id='word_1_161' title='bbox 231 1631 284 1661; x_wconf 87' lang='lat' dir='ltr'>sed</span> <span class='ocrx_word' id='word_1_162' title='bbox 314 1630 455 1660; x_wconf 87' lang='lat' dir='ltr'>Christus</span> <span class='ocrx_word' id='word_1_163' title='bbox 476 1629 515 1659; x_wconf 87' lang='lat' dir='ltr'>ad</span> <span class='ocrx_word' id='word_1_164' title='bbox 538 1628 598 1658; x_wconf 92' lang='lat' dir='ltr'>hoc</span> <span class='ocrx_word' id='word_1_165' title='bbox 626 1626 714 1658; x_wconf 89' lang='lat' dir='ltr'>venit</span> <span class='ocrx_word' id='word_1_166' title='bbox 743 1626 777 1655; x_wconf 93' lang='lat' dir='ltr'>in</span> <span class='ocrx_word' id='word_1_167' title='bbox 804 1632 943 1660; x_wconf 88' lang='lat' dir='ltr'>carnem,</span> <span class='ocrx_word' id='word_1_168' title='bbox 972 1624 1008 1652; x_wconf 92' lang='lat' dir='ltr'>ut</span> 
     </span>
     <span class='ocr_line' id='line_1_29' title="bbox 231 1675 1006 1718; baseline -0.012 -4"><span class='ocrx_word' id='word_1_169' title='bbox 231 1685 432 1714; x_wconf 83' lang='lat' dir='ltr'>crederemus</span> <span class='ocrx_word' id='word_1_170' title='bbox 458 1683 492 1712; x_wconf 86' lang='lat' dir='ltr'>in</span> <span class='ocrx_word' id='word_1_171' title='bbox 517 1691 591 1712; x_wconf 87' lang='lat' dir='ltr'>eum</span> <span class='ocrx_word' id='word_1_172' title='bbox 624 1691 632 1711; x_wconf 73' lang='grc' dir='ltr'>ι</span> <span class='ocrx_word' id='word_1_173' title='bbox 657 1689 735 1718; x_wconf 87' lang='lat' dir='ltr'>ergo</span> <span class='ocrx_word' id='word_1_174' title='bbox 764 1678 890 1709; x_wconf 89' lang='lat' dir='ltr'>videtur</span> <span class='ocrx_word' id='word_1_175' title='bbox 920 1675 1006 1716; x_wconf 89' lang='lat' dir='ltr'>quod</span> 
     </span>
     <span class='ocr_line' id='line_1_30' title="bbox 231 1732 1005 1776; baseline -0.013 -8"><span class='ocrx_word' id='word_1_176' title='bbox 231 1747 304 1768; x_wconf 86' lang='lat' dir='ltr'>cum</span> <span class='ocrx_word' id='word_1_177' title='bbox 332 1737 486 1776; x_wconf 81' lang='lat' dir='ltr'>sapientia</span> <span class='ocrx_word' id='word_1_178' title='bbox 514 1734 659 1766; x_wconf 83' lang='lat' dir='ltr'>debuerit</span> <span class='ocrx_word' id='word_1_179' title='bbox 682 1732 810 1769; x_wconf 88' lang='lat' dir='ltr'>venire,</span> <span class='ocrx_word' id='word_1_180' title='bbox 836 1740 900 1761; x_wconf 89' lang='lat' dir='ltr'>non</span> <span class='ocrx_word' id='word_1_181' title='bbox 930 1738 1005 1760; x_wconf 89' lang='lat' dir='ltr'>cum</span> 
     </span>
    </p>
   </div>
   <div class='ocr_carea' id='block_1_4' title="bbox 230 1791 1001 1879">
    <p class='ocr_par' dir='ltr' id='par_1_8' title="bbox 230 1791 1001 1879">
     <span class='ocr_line' id='line_1_31' title="bbox 230 1791 424 1829; baseline -0.005 -8"><span class='ocrx_word' id='word_1_182' title='bbox 230 1791 424 1829; x_wconf 76' lang='lat' dir='ltr'>ignorantia.</span> 
     </span>
     <span class='ocr_line' id='line_1_32' title="bbox 271 1834 1001 1879; baseline -0.012 -7"><span class='ocrx_word' id='word_1_183' title='bbox 271 1842 360 1879; x_wconf 87' lang='lat' dir='ltr'>Item,</span> <span class='ocrx_word' id='word_1_184' title='bbox 376 1841 429 1871; x_wconf 84' lang='lat' dir='ltr'>illa</span> <span class='ocrx_word' id='word_1_185' title='bbox 443 1840 550 1870; x_wconf 89' lang='lat' dir='ltr'>anima</span> <span class='ocrx_word' id='word_1_186' title='bbox 577 1847 640 1869; x_wconf 88' lang='lat' dir='ltr'>non</span> <span class='ocrx_word' id='word_1_187' title='bbox 659 1837 761 1877; x_wconf 88' lang='lat' dir='ltr'>potuit</span> <span class='ocrx_word' id='word_1_188' title='bbox 776 1836 861 1866; x_wconf 90' lang='lat' dir='ltr'>uniri</span> <span class='ocrx_word' id='word_1_189' title='bbox 886 1834 1001 1871; x_wconf 87' lang='lat' dir='ltr'>Verbo,</span> 
     </span>
    </p>
   </div>
   <div class='ocr_carea' id='block_1_5' title="bbox 230 1887 1006 2087">
    <p class='ocr_par' dir='ltr' id='par_1_9' title="bbox 230 1887 1006 2087">
     <span class='ocr_line' id='line_1_33' title="bbox 230 1887 1004 1935; baseline -0.013 -9"><span class='ocrx_word' id='word_1_190' title='bbox 230 1896 309 1935; x_wconf 82' lang='lat' dir='ltr'>quin</span> <span class='ocrx_word' id='word_1_191' title='bbox 326 1897 405 1925; x_wconf 85' lang='lat' dir='ltr'>esset</span> <span class='ocrx_word' id='word_1_192' title='bbox 420 1893 582 1924; x_wconf 83' lang='lat' dir='ltr'>deiformis</span> <span class='ocrx_word' id='word_1_193' title='bbox 611 1903 617 1922; x_wconf 92' lang='lat'>:</span> <span class='ocrx_word' id='word_1_194' title='bbox 647 1891 698 1921; x_wconf 76' lang='lat' dir='ltr'>sed</span> <span class='ocrx_word' id='word_1_195' title='bbox 715 1889 909 1920; x_wconf 79' lang='lat' dir='ltr'>deiformitas</span> <span class='ocrx_word' id='word_1_196' title='bbox 925 1887 1004 1917; x_wconf 86' lang='lat' dir='ltr'>tollit</span> 
     </span>
     <span class='ocr_line' id='line_1_34' title="bbox 231 1939 1006 1985; baseline -0.013 -6"><span class='ocrx_word' id='word_1_197' title='bbox 231 1948 456 1979; x_wconf 74' lang='lat' dir='ltr'>obscuritatem</span> <span class='ocrx_word' id='word_1_198' title='bbox 472 1945 662 1985; x_wconf 71' lang='lat' dir='ltr'>ignorantiae</span> <span class='ocrx_word' id='word_1_199' title='bbox 675 1952 771 1982; x_wconf 86' lang='lat' dir='ltr'>:ergo</span> <span class='ocrx_word' id='word_1_200' title='bbox 784 1942 910 1973; x_wconf 87' lang='lat' dir='ltr'>videtur</span> <span class='ocrx_word' id='word_1_201' title='bbox 921 1939 1006 1979; x_wconf 85' lang='lat' dir='ltr'>quod</span> 
     </span>
     <span class='ocr_line' id='line_1_35' title="bbox 233 1992 1004 2039; baseline -0.012 -9"><span class='ocrx_word' id='word_1_202' title='bbox 233 1999 423 2039; x_wconf 87' lang='lat' dir='ltr'>impossibile</span> <span class='ocrx_word' id='word_1_203' title='bbox 439 1998 532 2028; x_wconf 83' lang='lat' dir='ltr'>fuerit</span> <span class='ocrx_word' id='word_1_204' title='bbox 555 1996 714 2026; x_wconf 84' lang='lat' dir='ltr'>Christum</span> <span class='ocrx_word' id='word_1_205' title='bbox 740 1993 915 2024; x_wconf 86' lang='lat' dir='ltr'>secundum</span> <span class='ocrx_word' id='word_1_206' title='bbox 943 1992 1004 2021; x_wconf 89' lang='lat' dir='ltr'>hu-</span> 
     </span>
     <span class='ocr_line' id='line_1_36' title="bbox 233 2045 1006 2087; baseline -0.013 -3"><span class='ocrx_word' id='word_1_207' title='bbox 233 2062 362 2084; x_wconf 84' lang='lat' dir='ltr'>manam</span> <span class='ocrx_word' id='word_1_208' title='bbox 376 2055 524 2083; x_wconf 85' lang='lat' dir='ltr'>naturam</span> <span class='ocrx_word' id='word_1_209' title='bbox 539 2050 697 2081; x_wconf 82' lang='lat' dir='ltr'>defectum</span> <span class='ocrx_word' id='word_1_210' title='bbox 712 2046 905 2087; x_wconf 64' lang='lat' dir='ltr'>ignorantiae</span> <span class='ocrx_word' id='word_1_211' title='bbox 918 2045 952 2076; x_wconf 86' lang='lat' dir='ltr'>in</span> <span class='ocrx_word' id='word_1_212' title='bbox 973 2053 1006 2074; x_wconf 89' lang='lat' dir='ltr'>se</span> 
     </span>
    </p>
   </div>
   <div class='ocr_carea' id='block_1_6' title="bbox 232 2115 405 2138">
    <p class='ocr_par' dir='ltr' id='par_1_10' title="bbox 232 2115 405 2138">
     <span class='ocr_line' id='line_1_37' title="bbox 232 2115 405 2138; baseline -0.012 0"><span class='ocrx_word' id='word_1_213' title='bbox 232 2115 393 2138; x_wconf 69' lang='lat' dir='ltr'>aSsumel‘e</span> <span class='ocrx_word' id='word_1_214' title='bbox 398 2129 405 2136; x_wconf 87' lang='lat'>.</span> 
     </span>
    </p>
   </div>
   <div class='ocr_carea' id='block_1_7' title="bbox 492 2190 716 2223">
    <p class='ocr_par' dir='ltr' id='par_1_11' title="bbox 492 2190 716 2223">
     <span class='ocr_line' id='line_1_38' title="bbox 492 2190 716 2223; baseline -0.009 -1"><span class='ocrx_word' id='word_1_215' title='bbox 492 2190 716 2223; x_wconf 85' lang='lat' dir='ltr'>CONCLUSIO.</span> 
     </span>
    </p>
   </div>
   <div class='ocr_carea' id='block_1_8' title="bbox 235 2257 1005 2379">
    <p class='ocr_par' dir='ltr' id='par_1_12' title="bbox 235 2257 1005 2379">
     <span class='ocr_line' id='line_1_39' title="bbox 235 2257 1005 2294; baseline -0.012 -3"><span class='ocrx_word' id='word_1_216' title='bbox 235 2265 353 2291; x_wconf 76' lang='lat' dir='ltr'>Christus</span> <span class='ocrx_word' id='word_1_217' title='bbox 377 2262 507 2294; x_wconf 72' lang='lat' dir='ltr'>defectum</span> <span class='ocrx_word' id='word_1_218' title='bbox 533 2261 697 2294; x_wconf 57' lang='lat' dir='ltr'>z&#39;qnmantz&#39;oe</span> <span class='ocrx_word' id='word_1_219' title='bbox 723 2266 776 2284; x_wconf 75' lang='lat'><strong><em>71072</em></strong></span> <span class='ocrx_word' id='word_1_220' title='bbox 800 2257 910 2288; x_wconf 67' lang='lat' dir='ltr'>habuit,</span> <span class='ocrx_word' id='word_1_221' title='bbox 941 2258 1005 2290; x_wconf 77' lang='lat' dir='ltr'>qnia</span> 
     </span>
     <span class='ocr_line' id='line_1_40' title="bbox 268 2303 1005 2341; baseline -0.011 -6"><span class='ocrx_word' id='word_1_222' title='bbox 268 2310 362 2335; x_wconf 75' lang='lat' dir='ltr'>anima</span> <span class='ocrx_word' id='word_1_223' title='bbox 381 2307 435 2341; x_wconf 68' lang='lat' dir='ltr'>ejas</span> <span class='ocrx_word' id='word_1_224' title='bbox 455 2306 544 2333; x_wconf 70' lang='lat' dir='ltr'>debuit</span> <span class='ocrx_word' id='word_1_225' title='bbox 569 2312 620 2332; x_wconf 70' lang='lat' dir='ltr'>csse</span> <span class='ocrx_word' id='word_1_226' title='bbox 642 2304 798 2336; x_wconf 52' lang='lat' dir='ltr'>(laseratis,</span> <span class='ocrx_word' id='word_1_227' title='bbox 825 2305 849 2329; x_wconf 80' lang='lat' dir='ltr'>et</span> <span class='ocrx_word' id='word_1_228' title='bbox 878 2303 934 2336; x_wconf 72' lang='lat' dir='ltr'>ipse</span> <span class='ocrx_word' id='word_1_229' title='bbox 959 2308 1005 2328; x_wconf 76' lang='lat' dir='ltr'>nos</span> 
     </span>
     <span class='ocr_line' id='line_1_41' title="bbox 269 2353 474 2379; baseline -0.01 0"><span class='ocrx_word' id='word_1_230' title='bbox 269 2353 392 2379; x_wconf 54' lang='lat' dir='ltr'>docturus</span> <span class='ocrx_word' id='word_1_231' title='bbox 407 2354 474 2379; x_wconf 75' lang='lat' dir='ltr'>crae.</span> 
     </span>
    </p>
   </div>
   <div class='ocr_carea' id='block_1_9' title="bbox 236 2421 1007 2626">
    <p class='ocr_par' dir='ltr' id='par_1_13' title="bbox 236 2421 1007 2626">
     <span class='ocr_line' id='line_1_42' title="bbox 275 2421 1007 2467; baseline -0.01 -9"><span class='ocrx_word' id='word_1_232' title='bbox 275 2428 366 2467; x_wconf 82' lang='lat' dir='ltr'>Resp.</span> <span class='ocrx_word' id='word_1_233' title='bbox 379 2426 417 2457; x_wconf 90' lang='lat' dir='ltr'>ad</span> <span class='ocrx_word' id='word_1_234' title='bbox 432 2434 502 2464; x_wconf 85' lang='lat' dir='ltr'>arg.</span> <span class='ocrx_word' id='word_1_235' title='bbox 518 2424 691 2454; x_wconf 87' lang='lat' dir='ltr'>Dicendum</span> <span class='ocrx_word' id='word_1_236' title='bbox 707 2423 790 2463; x_wconf 88' lang='lat' dir='ltr'>quod</span> <span class='ocrx_word' id='word_1_237' title='bbox 806 2446 813 2459; x_wconf 80' lang='lat'>,</span> <span class='ocrx_word' id='word_1_238' title='bbox 838 2422 918 2452; x_wconf 89' lang='lat' dir='ltr'>sicut</span> <span class='ocrx_word' id='word_1_239' title='bbox 933 2421 1007 2452; x_wconf 88' lang='lat' dir='ltr'>dicit</span> 
     </span>
     <span class='ocr_line' id='line_1_43' title="bbox 236 2475 1007 2521; baseline -0.01 -9"><span class='ocrx_word' id='word_1_240' title='bbox 236 2482 384 2521; x_wconf 77' lang='lat' dir='ltr'>Magister</span> <span class='ocrx_word' id='word_1_241' title='bbox 408 2481 440 2510; x_wconf 78' lang='lat' dir='ltr'>ln</span> <span class='ocrx_word' id='word_1_242' title='bbox 459 2480 573 2515; x_wconf 83' lang='lat' dir='ltr'>littera,</span> <span class='ocrx_word' id='word_1_243' title='bbox 594 2477 736 2507; x_wconf 84' lang='lat' dir='ltr'>Christus</span> <span class='ocrx_word' id='word_1_244' title='bbox 750 2485 812 2506; x_wconf 93' lang='lat' dir='ltr'>non</span> <span class='ocrx_word' id='word_1_245' title='bbox 827 2475 939 2506; x_wconf 86' lang='lat' dir='ltr'>habuit</span> <span class='ocrx_word' id='word_1_246' title='bbox 952 2475 1007 2505; x_wconf 92' lang='lat' dir='ltr'>de-</span> 
     </span>
     <span class='ocr_line' id='line_1_44' title="bbox 236 2528 1007 2573; baseline -0.012 -6"><span class='ocrx_word' id='word_1_247' title='bbox 236 2537 352 2566; x_wconf 86' lang='lat' dir='ltr'>fectum</span> <span class='ocrx_word' id='word_1_248' title='bbox 364 2532 566 2573; x_wconf 61' lang='lat' dir='ltr'>ignorantiae.</span> <span class='ocrx_word' id='word_1_249' title='bbox 583 2531 620 2562; x_wconf 88' lang='lat' dir='ltr'>Et</span> <span class='ocrx_word' id='word_1_250' title='bbox 637 2530 715 2560; x_wconf 82' lang='lat' dir='ltr'>ratio</span> <span class='ocrx_word' id='word_1_251' title='bbox 730 2530 784 2569; x_wconf 85' lang='lat' dir='ltr'>huj</span> <span class='ocrx_word' id='word_1_252' title='bbox 792 2539 827 2559; x_wconf 91' lang='lat' dir='ltr'>us</span> <span class='ocrx_word' id='word_1_253' title='bbox 841 2531 899 2567; x_wconf 89' lang='lat' dir='ltr'>est,</span> <span class='ocrx_word' id='word_1_254' title='bbox 930 2528 1007 2568; x_wconf 86' lang='lat' dir='ltr'>quia</span> 
     </span>
     <span class='ocr_line' id='line_1_45' title="bbox 239 2581 1005 2626; baseline -0.008 -9"><span class='ocrx_word' id='word_1_255' title='bbox 239 2599 291 2617; x_wconf 61' lang='lat' dir='ltr'>:wi-</span> <span class='ocrx_word' id='word_1_256' title='bbox 309 2589 411 2626; x_wconf 51' lang='lat' dir='ltr'>ipsum</span> <span class='ocrx_word' id='word_1_257' title='bbox 423 2586 561 2616; x_wconf 62' lang='lat' dir='ltr'>decebat.</span> <span class='ocrx_word' id='word_1_258' title='bbox 581 2593 636 2614; x_wconf 77' lang='lat' dir='ltr'>nec</span> <span class='ocrx_word' id='word_1_259' title='bbox 646 2583 737 2613; x_wconf 68' lang='lat' dir='ltr'>nobis</span> <span class='ocrx_word' id='word_1_260' title='bbox 751 2582 946 2620; x_wconf 74' lang='lat' dir='ltr'>expediebat.</span> <span class='ocrx_word' id='word_1_261' title='bbox 960 2581 1005 2619; x_wconf 85' lang='lat' dir='ltr'>Ip-</span> 
     </span>
    </p>
   </div>
   <div class='ocr_carea' id='block_1_10' title="bbox 274 2644 1004 2679">
    <p class='ocr_par' dir='ltr' id='par_1_14' title="bbox 274 2644 1004 2679">
     <span class='ocr_line' id='line_1_46' title="bbox 274 2644 1004 2679; baseline -0.012 -6"><span class='ocrx_word' id='word_1_262' title='bbox 274 2653 376 2679; x_wconf 55' lang='lat' dir='ltr'>¹1t&#39;ma,</span> <span class='ocrx_word' id='word_1_263' title='bbox 387 2656 402 2678; x_wconf 79' lang='lat' dir='ltr'>l,</span> <span class='ocrx_word' id='word_1_264' title='bbox 413 2653 473 2672; x_wconf 76' lang='grc'>;,”..-</span> <span class='ocrx_word' id='word_1_265' title='bbox 488 2647 650 2675; x_wconf 61' lang='lat' dir='ltr'>inl‹112l1.,:.x⁴‚</span> <span class='ocrx_word' id='word_1_266' title='bbox 663 2648 769 2672; x_wconf 34' lang='lat' dir='ltr'>lusslaff</span> <span class='ocrx_word' id='word_1_267' title='bbox 784 2646 850 2668; x_wconf 66' lang='grc' dir='ltr'>ΙιιΙιΙ.</span> <span class='ocrx_word' id='word_1_268' title='bbox 867 2645 922 2667; x_wconf 64' lang='lat' dir='ltr'>an.</span> <span class='ocrx_word' id='word_1_269' title='bbox 932 2644 1004 2675; x_wconf 32' lang='lat' dir='ltr'>quud,</span> 
     </span>
    </p>
   </div>
   <div class='ocr_carea' id='block_1_11' title="bbox 818 165 1297 199">
    <p class='ocr_par' dir='ltr' id='par_1_15' title="bbox 818 165 1297 199">
     <span class='ocr_line' id='line_1_47' title="bbox 818 165 1297 199; baseline -0.004 0"><span class='ocrx_word' id='word_1_270' title='bbox 818 165 1124 199; x_wconf 68' lang='lat' dir='ltr'>SEN&#39;l&#39;lCN&#39;l‘lARUM</span> <span class='ocrx_word' id='word_1_271' title='bbox 1151 167 1221 197; x_wconf 70' lang='lat' dir='ltr'>MB-</span> <span class='ocrx_word' id='word_1_272' title='bbox 1247 167 1297 197; x_wconf 86' lang='grc' dir='ltr'>ΙΙΙ.</span> 
     </span>
    </p>
   </div>
   <div class='ocr_carea' id='block_1_12' title="bbox 1060 233 1838 2669">
    <p class='ocr_par' dir='ltr' id='par_1_16' title="bbox 1061 233 1838 1118">
     <span class='ocr_line' id='line_1_48' title="bbox 1061 233 1834 277; baseline 0.012 -15"><span class='ocrx_word' id='word_1_273' title='bbox 1061 242 1133 263; x_wconf 88' lang='lat' dir='ltr'>sum</span> <span class='ocrx_word' id='word_1_274' title='bbox 1150 242 1213 264; x_wconf 92' lang='lat' dir='ltr'>non</span> <span class='ocrx_word' id='word_1_275' title='bbox 1242 233 1381 272; x_wconf 82' lang='lat' dir='ltr'>decebat,</span> <span class='ocrx_word' id='word_1_276' title='bbox 1410 236 1486 275; x_wconf 88' lang='lat' dir='ltr'>quia</span> <span class='ocrx_word' id='word_1_277' title='bbox 1507 237 1614 267; x_wconf 87' lang='lat' dir='ltr'>anima</span> <span class='ocrx_word' id='word_1_278' title='bbox 1641 239 1710 277; x_wconf 83' lang='lat' dir='ltr'>ejus</span> <span class='ocrx_word' id='word_1_279' title='bbox 1724 240 1834 271; x_wconf 87' lang='lat' dir='ltr'>debuit</span> 
     </span>
     <span class='ocr_line' id='line_1_49' title="bbox 1064 287 1833 330; baseline 0.01 -14"><span class='ocrx_word' id='word_1_280' title='bbox 1064 296 1129 317; x_wconf 85' lang='lat' dir='ltr'>esse</span> <span class='ocrx_word' id='word_1_281' title='bbox 1144 287 1304 317; x_wconf 78' lang='lat' dir='ltr'>deiformis</span> <span class='ocrx_word' id='word_1_282' title='bbox 1316 311 1324 325; x_wconf 91' lang='lat'>,</span> <span class='ocrx_word' id='word_1_283' title='bbox 1341 297 1377 317; x_wconf 89' lang='lat' dir='ltr'>ac</span> <span class='ocrx_word' id='word_1_284' title='bbox 1393 297 1447 327; x_wconf 90' lang='lat' dir='ltr'>per</span> <span class='ocrx_word' id='word_1_285' title='bbox 1470 289 1530 320; x_wconf 88' lang='lat' dir='ltr'>hoc</span> <span class='ocrx_word' id='word_1_286' title='bbox 1557 291 1675 330; x_wconf 85' lang='lat' dir='ltr'>repleta</span> <span class='ocrx_word' id='word_1_287' title='bbox 1701 292 1769 324; x_wconf 90' lang='lat' dir='ltr'>luce</span> <span class='ocrx_word' id='word_1_288' title='bbox 1784 303 1833 324; x_wconf 86' lang='lat' dir='ltr'>sa-</span> 
     </span>
     <span class='ocr_line' id='line_1_50' title="bbox 1063 341 1836 383; baseline 0.008 -13"><span class='ocrx_word' id='word_1_289' title='bbox 1063 341 1199 379; x_wconf 69' lang='lat' dir='ltr'>pientire,</span> <span class='ocrx_word' id='word_1_290' title='bbox 1223 343 1253 371; x_wconf 87' lang='lat' dir='ltr'>et</span> <span class='ocrx_word' id='word_1_291' title='bbox 1271 341 1457 372; x_wconf 85' lang='lat' dir='ltr'>rectitudine</span> <span class='ocrx_word' id='word_1_292' title='bbox 1479 343 1628 381; x_wconf 82' lang='lat' dir='ltr'>justitiae;</span> <span class='ocrx_word' id='word_1_293' title='bbox 1656 345 1836 383; x_wconf 81' lang='lat' dir='ltr'>ignorantia</span> 
     </span>
     <span class='ocr_line' id='line_1_51' title="bbox 1062 394 1832 437; baseline 0.009 -14"><span class='ocrx_word' id='word_1_294' title='bbox 1062 396 1169 423; x_wconf 75' lang='lat' dir='ltr'>autem</span> <span class='ocrx_word' id='word_1_295' title='bbox 1200 394 1334 433; x_wconf 84' lang='lat' dir='ltr'>privatio</span> <span class='ocrx_word' id='word_1_296' title='bbox 1358 396 1404 424; x_wconf 86' lang='lat' dir='ltr'>est</span> <span class='ocrx_word' id='word_1_297' title='bbox 1419 394 1569 433; x_wconf 72' lang='lat' dir='ltr'>scientiae,</span> <span class='ocrx_word' id='word_1_298' title='bbox 1592 400 1622 427; x_wconf 88' lang='lat' dir='ltr'>et</span> <span class='ocrx_word' id='word_1_299' title='bbox 1644 401 1744 437; x_wconf 87' lang='lat' dir='ltr'>potest</span> <span class='ocrx_word' id='word_1_300' title='bbox 1766 409 1832 430; x_wconf 88' lang='lat' dir='ltr'>esse</span> 
     </span>
     <span class='ocr_line' id='line_1_52' title="bbox 1063 447 1834 487; baseline 0.008 -10"><span class='ocrx_word' id='word_1_301' title='bbox 1063 447 1113 477; x_wconf 87' lang='lat' dir='ltr'>via</span> <span class='ocrx_word' id='word_1_302' title='bbox 1130 447 1162 476; x_wconf 92' lang='lat' dir='ltr'>in</span> <span class='ocrx_word' id='word_1_303' title='bbox 1182 455 1335 483; x_wconf 86' lang='lat' dir='ltr'>errorem,</span> <span class='ocrx_word' id='word_1_304' title='bbox 1354 449 1385 477; x_wconf 90' lang='lat' dir='ltr'>et</span> <span class='ocrx_word' id='word_1_305' title='bbox 1409 447 1656 487; x_wconf 85' lang='lat' dir='ltr'>obliquationem</span> <span class='ocrx_word' id='word_1_306' title='bbox 1669 461 1687 481; x_wconf 88' lang='lat' dir='ltr'>a</span> <span class='ocrx_word' id='word_1_307' title='bbox 1702 453 1834 483; x_wconf 84' lang='lat' dir='ltr'>rectitu-</span> 
     </span>
     <span class='ocr_line' id='line_1_53' title="bbox 1062 500 1833 539; baseline 0.009 -10"><span class='ocrx_word' id='word_1_308' title='bbox 1062 500 1134 530; x_wconf 88' lang='lat' dir='ltr'>dine</span> <span class='ocrx_word' id='word_1_309' title='bbox 1153 500 1296 538; x_wconf 72' lang='lat' dir='ltr'>Justitiae,</span> <span class='ocrx_word' id='word_1_310' title='bbox 1314 509 1349 530; x_wconf 87' lang='lat' dir='ltr'>ac</span> <span class='ocrx_word' id='word_1_311' title='bbox 1376 509 1431 539; x_wconf 91' lang='lat' dir='ltr'>per</span> <span class='ocrx_word' id='word_1_312' title='bbox 1455 501 1514 531; x_wconf 89' lang='lat' dir='ltr'>hoc</span> <span class='ocrx_word' id='word_1_313' title='bbox 1531 501 1651 533; x_wconf 89' lang='lat' dir='ltr'>Christo</span> <span class='ocrx_word' id='word_1_314' title='bbox 1667 514 1731 535; x_wconf 87' lang='lat' dir='ltr'>non</span> <span class='ocrx_word' id='word_1_315' title='bbox 1747 515 1833 536; x_wconf 87' lang='lat' dir='ltr'>com-</span> 
     </span>
     <span class='ocr_line' id='line_1_54' title="bbox 1062 552 1835 598; baseline 0.009 -16"><span class='ocrx_word' id='word_1_316' title='bbox 1062 553 1196 592; x_wconf 81' lang='lat' dir='ltr'>petebat.</span> <span class='ocrx_word' id='word_1_317' title='bbox 1214 552 1310 583; x_wconf 86' lang='lat' dir='ltr'>Nobis</span> <span class='ocrx_word' id='word_1_318' title='bbox 1334 553 1430 583; x_wconf 86' lang='lat' dir='ltr'>etiam</span> <span class='ocrx_word' id='word_1_319' title='bbox 1454 563 1517 584; x_wconf 91' lang='lat' dir='ltr'>non</span> <span class='ocrx_word' id='word_1_320' title='bbox 1543 556 1738 595; x_wconf 79' lang='lat' dir='ltr'>expediebat,</span> <span class='ocrx_word' id='word_1_321' title='bbox 1754 567 1835 598; x_wconf 88' lang='lat' dir='ltr'>quos</span> 
     </span>
     <span class='ocr_line' id='line_1_55' title="bbox 1062 606 1835 647; baseline 0.008 -12"><span class='ocrx_word' id='word_1_322' title='bbox 1062 608 1191 636; x_wconf 89' lang='lat' dir='ltr'>venerat</span> <span class='ocrx_word' id='word_1_323' title='bbox 1207 606 1361 636; x_wconf 82' lang='lat' dir='ltr'>redimere</span> <span class='ocrx_word' id='word_1_324' title='bbox 1371 608 1401 637; x_wconf 86' lang='lat' dir='ltr'>et</span> <span class='ocrx_word' id='word_1_325' title='bbox 1416 607 1564 647; x_wconf 83' lang='lat' dir='ltr'>dirigere.</span> <span class='ocrx_word' id='word_1_326' title='bbox 1581 608 1613 639; x_wconf 90' lang='lat' dir='ltr'>Si</span> <span class='ocrx_word' id='word_1_327' title='bbox 1633 609 1718 640; x_wconf 89' lang='lat' dir='ltr'>enim</span> <span class='ocrx_word' id='word_1_328' title='bbox 1733 611 1835 642; x_wconf 86' lang='lat' dir='ltr'>defec-</span> 
     </span>
     <span class='ocr_line' id='line_1_56' title="bbox 1062 659 1836 698; baseline 0.008 -9"><span class='ocrx_word' id='word_1_329' title='bbox 1062 661 1131 689; x_wconf 90' lang='lat' dir='ltr'>tum</span> <span class='ocrx_word' id='word_1_330' title='bbox 1155 659 1344 698; x_wconf 55' lang='lat' dir='ltr'>ignorantia}</span> <span class='ocrx_word' id='word_1_331' title='bbox 1374 660 1556 698; x_wconf 85' lang='lat' dir='ltr'>habuisset,</span> <span class='ocrx_word' id='word_1_332' title='bbox 1593 671 1653 693; x_wconf 88' lang='lat' dir='ltr'>nos</span> <span class='ocrx_word' id='word_1_333' title='bbox 1680 663 1836 695; x_wconf 89' lang='lat' dir='ltr'>redimere</span> 
     </span>
     <span class='ocr_line' id='line_1_57' title="bbox 1062 713 1836 756; baseline 0.006 -14"><span class='ocrx_word' id='word_1_334' title='bbox 1062 713 1263 750; x_wconf 85' lang='lat' dir='ltr'>nescivisset;</span> <span class='ocrx_word' id='word_1_335' title='bbox 1284 713 1421 752; x_wconf 87' lang='lat' dir='ltr'>dirigere</span> <span class='ocrx_word' id='word_1_336' title='bbox 1435 714 1530 744; x_wconf 86' lang='lat' dir='ltr'>etiam</span> <span class='ocrx_word' id='word_1_337' title='bbox 1543 716 1734 755; x_wconf 85' lang='lat' dir='ltr'>nescivisset,</span> <span class='ocrx_word' id='word_1_338' title='bbox 1745 718 1836 756; x_wconf 73' lang='lat' dir='ltr'>quia&#39;</span> 
     </span>
     <span class='ocr_line' id='line_1_58' title="bbox 1061 767 1836 808; baseline 0.008 -11"><span class='ocrx_word' id='word_1_339' title='bbox 1061 767 1092 797; x_wconf 88' lang='lat' dir='ltr'>sz&#39;</span> <span class='ocrx_word' id='word_1_340' title='bbox 1106 775 1205 797; x_wconf 73' lang='lat' dir='ltr'>ccecus</span> <span class='ocrx_word' id='word_1_341' title='bbox 1215 775 1293 798; x_wconf 76' lang='lat' dir='ltr'>coeco</span> <span class='ocrx_word' id='word_1_342' title='bbox 1309 767 1460 799; x_wconf 68' lang='lat' dir='ltr'>(meatum</span> <span class='ocrx_word' id='word_1_343' title='bbox 1473 768 1621 807; x_wconf 55' lang='lat' dir='ltr'>preveat,</span> <span class='ocrx_word' id='word_1_344' title='bbox 1637 770 1725 801; x_wconf 77' lang='lat' dir='ltr'>cmzbo</span> <span class='ocrx_word' id='word_1_345' title='bbox 1740 771 1776 801; x_wconf 79' lang='lat' dir='ltr'>in</span> <span class='ocrx_word' id='word_1_346' title='bbox 1792 770 1836 808; x_wconf 78' lang='grc' dir='ltr'>Γο-</span> 
     </span>
     <span class='ocr_line' id='line_1_59' title="bbox 1062 820 1837 861; baseline 0.004 -10"><span class='ocrx_word' id='word_1_347' title='bbox 1062 827 1151 851; x_wconf 79' lang='lat' dir='ltr'>veam</span> <span class='ocrx_word' id='word_1_348' title='bbox 1165 820 1297 852; x_wconf 70' lang='lat' dir='ltr'>cadunt.</span> <span class='ocrx_word' id='word_1_349' title='bbox 1314 820 1351 851; x_wconf 79' lang='lat' dir='ltr'>Et</span> <span class='ocrx_word' id='word_1_350' title='bbox 1361 821 1431 851; x_wconf 88' lang='lat' dir='ltr'>ideo</span> <span class='ocrx_word' id='word_1_351' title='bbox 1443 830 1500 852; x_wconf 84' lang='lat' dir='ltr'>nee</span> <span class='ocrx_word' id='word_1_352' title='bbox 1514 822 1619 861; x_wconf 83' lang='lat' dir='ltr'>ipsum</span> <span class='ocrx_word' id='word_1_353' title='bbox 1628 823 1766 860; x_wconf 86' lang='lat' dir='ltr'>decebat,</span> <span class='ocrx_word' id='word_1_354' title='bbox 1778 832 1837 854; x_wconf 91' lang='lat' dir='ltr'>nec</span> 
     </span>
     <span class='ocr_line' id='line_1_60' title="bbox 1062 873 1836 913; baseline 0.005 -11"><span class='ocrx_word' id='word_1_355' title='bbox 1062 873 1152 903; x_wconf 88' lang='lat' dir='ltr'>nohis</span> <span class='ocrx_word' id='word_1_356' title='bbox 1165 874 1360 913; x_wconf 79' lang='lat' dir='ltr'>expediebat,</span> <span class='ocrx_word' id='word_1_357' title='bbox 1381 874 1465 913; x_wconf 87' lang='lat' dir='ltr'>quod</span> <span class='ocrx_word' id='word_1_358' title='bbox 1482 875 1577 905; x_wconf 81' lang='lat' dir='ltr'>talem</span> <span class='ocrx_word' id='word_1_359' title='bbox 1601 875 1758 906; x_wconf 84' lang='lat' dir='ltr'>desectum</span> <span class='ocrx_word' id='word_1_360' title='bbox 1783 884 1836 906; x_wconf 85' lang='lat' dir='ltr'>as-</span> 
     </span>
     <span class='ocr_line' id='line_1_61' title="bbox 1062 927 1836 967; baseline 0.003 -11"><span class='ocrx_word' id='word_1_361' title='bbox 1062 929 1212 956; x_wconf 87' lang='lat' dir='ltr'>sumeret.</span> <span class='ocrx_word' id='word_1_362' title='bbox 1233 927 1476 957; x_wconf 79' lang='lat' dir='ltr'>Concedendum</span> <span class='ocrx_word' id='word_1_363' title='bbox 1498 930 1545 958; x_wconf 89' lang='lat' dir='ltr'>est</span> <span class='ocrx_word' id='word_1_364' title='bbox 1572 937 1650 967; x_wconf 89' lang='lat' dir='ltr'>ergo</span> <span class='ocrx_word' id='word_1_365' title='bbox 1676 928 1836 959; x_wconf 80' lang='lat' dir='ltr'>Christum</span> 
     </span>
     <span class='ocr_line' id='line_1_62' title="bbox 1061 980 1838 1024; baseline 0.005 -14"><span class='ocrx_word' id='word_1_366' title='bbox 1061 981 1220 1011; x_wconf 86' lang='lat' dir='ltr'>defectum</span> <span class='ocrx_word' id='word_1_367' title='bbox 1236 980 1426 1019; x_wconf 79' lang='lat' dir='ltr'>ignorantiae</span> <span class='ocrx_word' id='word_1_368' title='bbox 1448 990 1650 1020; x_wconf 87' lang='lat' dir='ltr'>nequaquam</span> <span class='ocrx_word' id='word_1_369' title='bbox 1679 981 1712 1012; x_wconf 90' lang='lat' dir='ltr'>in</span> <span class='ocrx_word' id='word_1_370' title='bbox 1734 991 1766 1012; x_wconf 88' lang='lat' dir='ltr'>se</span> <span class='ocrx_word' id='word_1_371' title='bbox 1780 984 1838 1024; x_wconf 81' lang='lat' dir='ltr'>ha-</span> 
     </span>
     <span class='ocr_line' id='line_1_63' title="bbox 1062 1034 1837 1076; baseline 0.009 -13"><span class='ocrx_word' id='word_1_372' title='bbox 1062 1034 1182 1072; x_wconf 87' lang='lat' dir='ltr'>buisse;</span> <span class='ocrx_word' id='word_1_373' title='bbox 1211 1037 1242 1065; x_wconf 87' lang='lat' dir='ltr'>et</span> <span class='ocrx_word' id='word_1_374' title='bbox 1272 1035 1409 1066; x_wconf 90' lang='lat' dir='ltr'>rationes</span> <span class='ocrx_word' id='word_1_375' title='bbox 1433 1035 1472 1067; x_wconf 86' lang='lat' dir='ltr'>ad</span> <span class='ocrx_word' id='word_1_376' title='bbox 1495 1035 1555 1066; x_wconf 89' lang='lat' dir='ltr'>hoc</span> <span class='ocrx_word' id='word_1_377' title='bbox 1584 1035 1733 1076; x_wconf 80' lang='lat' dir='ltr'>induetae,</span> <span class='ocrx_word' id='word_1_378' title='bbox 1761 1041 1837 1070; x_wconf 89' lang='lat' dir='ltr'>sunt</span> 
     </span>
     <span class='ocr_line' id='line_1_64' title="bbox 1061 1087 1284 1118; baseline 0.004 -1"><span class='ocrx_word' id='word_1_379' title='bbox 1061 1087 1284 1118; x_wconf 82' lang='lat' dir='ltr'>concedendae.</span> 
     </span>
    </p>

    <p class='ocr_par' dir='ltr' id='par_1_17' title="bbox 1060 1141 1837 1649">
     <span class='ocr_line' id='line_1_65' title="bbox 1104 1141 1836 1181; baseline 0.007 -11"><span class='ocrx_word' id='word_1_380' title='bbox 1104 1144 1132 1170; x_wconf 84' lang='lat'>1.</span> <span class='ocrx_word' id='word_1_381' title='bbox 1150 1141 1197 1171; x_wconf 82' lang='lat' dir='ltr'>Ad</span> <span class='ocrx_word' id='word_1_382' title='bbox 1214 1141 1291 1172; x_wconf 91' lang='lat' dir='ltr'>illud</span> <span class='ocrx_word' id='word_1_383' title='bbox 1307 1150 1382 1172; x_wconf 92' lang='lat' dir='ltr'>vero</span> <span class='ocrx_word' id='word_1_384' title='bbox 1398 1141 1483 1180; x_wconf 90' lang='lat' dir='ltr'>quod</span> <span class='ocrx_word' id='word_1_385' title='bbox 1494 1141 1643 1181; x_wconf 87' lang='lat' dir='ltr'>objicitur</span> <span class='ocrx_word' id='word_1_386' title='bbox 1655 1142 1692 1172; x_wconf 90' lang='lat' dir='ltr'>de</span> <span class='ocrx_word' id='word_1_387' title='bbox 1705 1142 1836 1175; x_wconf 88' lang='lat' dir='ltr'>Damas-</span> 
     </span>
     <span class='ocr_line' id='line_1_66' title="bbox 1061 1195 1837 1234; baseline 0.005 -10"><span class='ocrx_word' id='word_1_388' title='bbox 1061 1203 1150 1232; x_wconf 84' lang='lat' dir='ltr'>ceno,</span> <span class='ocrx_word' id='word_1_389' title='bbox 1165 1195 1249 1234; x_wconf 89' lang='lat' dir='ltr'>quod</span> <span class='ocrx_word' id='word_1_390' title='bbox 1277 1195 1447 1233; x_wconf 86' lang='lat' dir='ltr'>assumpsit</span> <span class='ocrx_word' id='word_1_391' title='bbox 1474 1196 1623 1225; x_wconf 86' lang='lat' dir='ltr'>naturam</span> <span class='ocrx_word' id='word_1_392' title='bbox 1641 1196 1789 1227; x_wconf 89' lang='lat' dir='ltr'>servilem</span> <span class='ocrx_word' id='word_1_393' title='bbox 1805 1200 1837 1228; x_wconf 90' lang='lat' dir='ltr'>et</span> 
     </span>
     <span class='ocr_line' id='line_1_67' title="bbox 1062 1247 1837 1286; baseline 0.004 -9"><span class='ocrx_word' id='word_1_394' title='bbox 1062 1247 1277 1286; x_wconf 82' lang='lat' dir='ltr'>ignorantem,</span> <span class='ocrx_word' id='word_1_395' title='bbox 1294 1247 1465 1277; x_wconf 86' lang='lat' dir='ltr'>dicendum</span> <span class='ocrx_word' id='word_1_396' title='bbox 1494 1247 1580 1286; x_wconf 89' lang='lat' dir='ltr'>quod</span> <span class='ocrx_word' id='word_1_397' title='bbox 1608 1247 1792 1286; x_wconf 80' lang='lat' dir='ltr'>ignorantia</span> <span class='ocrx_word' id='word_1_398' title='bbox 1806 1252 1837 1280; x_wconf 89' lang='lat' dir='ltr'>et</span> 
     </span>
     <span class='ocr_line' id='line_1_68' title="bbox 1062 1299 1836 1342; baseline 0.004 -12"><span class='ocrx_word' id='word_1_399' title='bbox 1062 1300 1216 1330; x_wconf 88' lang='lat' dir='ltr'>servilitas</span> <span class='ocrx_word' id='word_1_400' title='bbox 1241 1308 1306 1329; x_wconf 89' lang='lat' dir='ltr'>non</span> <span class='ocrx_word' id='word_1_401' title='bbox 1325 1299 1509 1329; x_wconf 88' lang='lat' dir='ltr'>attribuitur</span> <span class='ocrx_word' id='word_1_402' title='bbox 1524 1302 1647 1330; x_wconf 66' lang='lat' dir='ltr'>natm‘ae</span> <span class='ocrx_word' id='word_1_403' title='bbox 1665 1304 1836 1342; x_wconf 87' lang='lat' dir='ltr'>assumptae</span> 
     </span>
     <span class='ocr_line' id='line_1_69' title="bbox 1061 1353 1836 1393; baseline 0.001 -9"><span class='ocrx_word' id='word_1_404' title='bbox 1061 1354 1184 1384; x_wconf 89' lang='lat' dir='ltr'>ratione</span> <span class='ocrx_word' id='word_1_405' title='bbox 1204 1353 1289 1383; x_wconf 86' lang='lat' dir='ltr'>illius</span> <span class='ocrx_word' id='word_1_406' title='bbox 1313 1353 1486 1391; x_wconf 89' lang='lat' dir='ltr'>singularis</span> <span class='ocrx_word' id='word_1_407' title='bbox 1513 1354 1648 1391; x_wconf 84' lang='lat' dir='ltr'>naturae,</span> <span class='ocrx_word' id='word_1_408' title='bbox 1678 1362 1753 1393; x_wconf 87' lang='lat' dir='ltr'>quae</span> <span class='ocrx_word' id='word_1_409' title='bbox 1778 1355 1836 1386; x_wconf 82' lang='lat' dir='ltr'>fuit</span> 
     </span>
     <span class='ocr_line' id='line_1_70' title="bbox 1060 1405 1837 1445; baseline 0.001 -8"><span class='ocrx_word' id='word_1_410' title='bbox 1060 1405 1162 1437; x_wconf 86' lang='lat' dir='ltr'>Verbo</span> <span class='ocrx_word' id='word_1_411' title='bbox 1181 1405 1326 1445; x_wconf 85' lang='lat' dir='ltr'>copulata</span> <span class='ocrx_word' id='word_1_412' title='bbox 1354 1406 1387 1435; x_wconf 92' lang='lat' dir='ltr'>in</span> <span class='ocrx_word' id='word_1_413' title='bbox 1415 1405 1569 1436; x_wconf 83' lang='lat' dir='ltr'>unitatem</span> <span class='ocrx_word' id='word_1_414' title='bbox 1598 1415 1754 1445; x_wconf 63' lang='lat' dir='ltr'>personae,</span> <span class='ocrx_word' id='word_1_415' title='bbox 1783 1407 1837 1438; x_wconf 88' lang='lat' dir='ltr'>sed</span> 
     </span>
     <span class='ocr_line' id='line_1_71' title="bbox 1061 1456 1836 1498; baseline 0.001 -10"><span class='ocrx_word' id='word_1_416' title='bbox 1061 1460 1219 1497; x_wconf 86' lang='lat' dir='ltr'>quantum</span> <span class='ocrx_word' id='word_1_417' title='bbox 1235 1457 1273 1487; x_wconf 90' lang='lat' dir='ltr'>ad</span> <span class='ocrx_word' id='word_1_418' title='bbox 1291 1457 1367 1487; x_wconf 86' lang='lat' dir='ltr'>alias</span> <span class='ocrx_word' id='word_1_419' title='bbox 1380 1458 1511 1487; x_wconf 87' lang='lat' dir='ltr'>naturas</span> <span class='ocrx_word' id='word_1_420' title='bbox 1526 1456 1705 1488; x_wconf 89' lang='lat' dir='ltr'>consimiles</span> <span class='ocrx_word' id='word_1_421' title='bbox 1717 1457 1751 1488; x_wconf 90' lang='lat' dir='ltr'>in</span> <span class='ocrx_word' id='word_1_422' title='bbox 1766 1466 1836 1498; x_wconf 89' lang='lat' dir='ltr'>spe-</span> 
     </span>
     <span class='ocr_line' id='line_1_72' title="bbox 1062 1510 1835 1550; baseline 0.003 -9"><span class='ocrx_word' id='word_1_423' title='bbox 1062 1511 1119 1549; x_wconf 89' lang='lat' dir='ltr'>cie,</span> <span class='ocrx_word' id='word_1_424' title='bbox 1136 1511 1227 1550; x_wconf 87' lang='lat' dir='ltr'>quasi</span> <span class='ocrx_word' id='word_1_425' title='bbox 1255 1511 1337 1541; x_wconf 88' lang='lat' dir='ltr'>dicat</span> <span class='ocrx_word' id='word_1_426' title='bbox 1367 1521 1374 1540; x_wconf 87' lang='lat'>:</span> <span class='ocrx_word' id='word_1_427' title='bbox 1399 1510 1579 1550; x_wconf 83' lang='lat' dir='ltr'>Assumpsit</span> <span class='ocrx_word' id='word_1_428' title='bbox 1594 1513 1743 1542; x_wconf 88' lang='lat' dir='ltr'>naturam</span> <span class='ocrx_word' id='word_1_429' title='bbox 1761 1521 1835 1543; x_wconf 86' lang='lat' dir='ltr'>nos-</span> 
     </span>
     <span class='ocr_line' id='line_1_73' title="bbox 1061 1564 1835 1604; baseline 0.003 -9"><span class='ocrx_word' id='word_1_430' title='bbox 1061 1567 1155 1602; x_wconf 85' lang='lat' dir='ltr'>tram,</span> <span class='ocrx_word' id='word_1_431' title='bbox 1170 1574 1244 1604; x_wconf 82' lang='lat' dir='ltr'>quae</span> <span class='ocrx_word' id='word_1_432' title='bbox 1259 1567 1305 1595; x_wconf 88' lang='lat' dir='ltr'>est</span> <span class='ocrx_word' id='word_1_433' title='bbox 1318 1564 1481 1604; x_wconf 86' lang='lat' dir='ltr'>ignorans,</span> <span class='ocrx_word' id='word_1_434' title='bbox 1508 1573 1574 1596; x_wconf 89' lang='lat' dir='ltr'>non</span> <span class='ocrx_word' id='word_1_435' title='bbox 1588 1564 1621 1596; x_wconf 89' lang='lat' dir='ltr'>in</span> <span class='ocrx_word' id='word_1_436' title='bbox 1636 1565 1768 1604; x_wconf 88' lang='lat' dir='ltr'>Christo,</span> <span class='ocrx_word' id='word_1_437' title='bbox 1781 1566 1835 1597; x_wconf 83' lang='lat' dir='ltr'>sed</span> 
     </span>
     <span class='ocr_line' id='line_1_74' title="bbox 1062 1619 1212 1649; baseline 0 -1"><span class='ocrx_word' id='word_1_438' title='bbox 1062 1619 1094 1649; x_wconf 93' lang='lat' dir='ltr'>in</span> <span class='ocrx_word' id='word_1_439' title='bbox 1109 1619 1212 1649; x_wconf 88' lang='lat' dir='ltr'>nobis.</span> 
     </span>
    </p>

    <p class='ocr_par' dir='ltr' id='par_1_18' title="bbox 1061 1671 1838 2083">
     <span class='ocr_line' id='line_1_75' title="bbox 1102 1671 1838 1710; baseline 0.001 -9"><span class='ocrx_word' id='word_1_440' title='bbox 1102 1674 1131 1702; x_wconf 72' lang='lat'>2.</span> <span class='ocrx_word' id='word_1_441' title='bbox 1150 1672 1198 1702; x_wconf 91' lang='lat' dir='ltr'>Ad</span> <span class='ocrx_word' id='word_1_442' title='bbox 1212 1671 1289 1701; x_wconf 91' lang='lat' dir='ltr'>illud</span> <span class='ocrx_word' id='word_1_443' title='bbox 1305 1671 1475 1708; x_wconf 88' lang='lat' dir='ltr'>Ambrosii,</span> <span class='ocrx_word' id='word_1_444' title='bbox 1490 1680 1554 1710; x_wconf 91' lang='lat' dir='ltr'>quo</span> <span class='ocrx_word' id='word_1_445' title='bbox 1565 1671 1604 1710; x_wconf 85' lang='lat' dir='ltr'>(a)</span> <span class='ocrx_word' id='word_1_446' title='bbox 1616 1671 1730 1702; x_wconf 73' lang='lat' dir='ltr'>dicItur</span> <span class='ocrx_word' id='word_1_447' title='bbox 1738 1671 1838 1702; x_wconf 88' lang='lat' dir='ltr'>Chris-</span> 
     </span>
     <span class='ocr_line' id='line_1_76' title="bbox 1062 1724 1836 1763; baseline 0 -8"><span class='ocrx_word' id='word_1_448' title='bbox 1062 1727 1130 1755; x_wconf 90' lang='lat' dir='ltr'>tum</span> <span class='ocrx_word' id='word_1_449' title='bbox 1146 1725 1308 1763; x_wconf 78' lang='lat' dir='ltr'>ignorasse</span> <span class='ocrx_word' id='word_1_450' title='bbox 1324 1724 1409 1763; x_wconf 86' lang='lat' dir='ltr'>quod</span> <span class='ocrx_word' id='word_1_451' title='bbox 1441 1732 1505 1754; x_wconf 88' lang='lat' dir='ltr'>non</span> <span class='ocrx_word' id='word_1_452' title='bbox 1530 1724 1648 1762; x_wconf 86' lang='lat' dir='ltr'>didicit,</span> <span class='ocrx_word' id='word_1_453' title='bbox 1666 1724 1836 1755; x_wconf 87' lang='lat' dir='ltr'>dicendum</span> 
     </span>
     <span class='ocr_line' id='line_1_77' title="bbox 1061 1776 1833 1817; baseline -0.001 -9"><span class='ocrx_word' id='word_1_454' title='bbox 1061 1778 1145 1817; x_wconf 89' lang='lat' dir='ltr'>quod</span> <span class='ocrx_word' id='word_1_455' title='bbox 1160 1777 1309 1817; x_wconf 64' lang='lat' dir='ltr'>quaedam</span> <span class='ocrx_word' id='word_1_456' title='bbox 1326 1779 1373 1807; x_wconf 91' lang='lat' dir='ltr'>est</span> <span class='ocrx_word' id='word_1_457' title='bbox 1389 1777 1521 1806; x_wconf 86' lang='lat' dir='ltr'>scientia</span> <span class='ocrx_word' id='word_1_458' title='bbox 1536 1776 1686 1816; x_wconf 89' lang='lat' dir='ltr'>simplicis</span> <span class='ocrx_word' id='word_1_459' title='bbox 1698 1777 1833 1815; x_wconf 83' lang='lat' dir='ltr'>notitiae,</span> 
     </span>
     <span class='ocr_line' id='line_1_78' title="bbox 1062 1830 1835 1871; baseline -0.001 -10"><span class='ocrx_word' id='word_1_460' title='bbox 1062 1831 1209 1871; x_wconf 53' lang='lat' dir='ltr'>quaedam</span> <span class='ocrx_word' id='word_1_461' title='bbox 1226 1830 1440 1870; x_wconf 75' lang='lat' dir='ltr'>experientiae.</span> <span class='ocrx_word' id='word_1_462' title='bbox 1449 1830 1637 1860; x_wconf 86' lang='lat' dir='ltr'>Ambrosius</span> <span class='ocrx_word' id='word_1_463' title='bbox 1651 1832 1757 1860; x_wconf 85' lang='lat' dir='ltr'>autem</span> <span class='ocrx_word' id='word_1_464' title='bbox 1770 1839 1835 1861; x_wconf 87' lang='lat' dir='ltr'>non</span> 
     </span>
     <span class='ocr_line' id='line_1_79' title="bbox 1061 1882 1836 1923; baseline 0 -9"><span class='ocrx_word' id='word_1_465' title='bbox 1061 1884 1203 1923; x_wconf 89' lang='lat' dir='ltr'>loquitur</span> <span class='ocrx_word' id='word_1_466' title='bbox 1222 1884 1263 1913; x_wconf 88' lang='lat' dir='ltr'>ibi</span> <span class='ocrx_word' id='word_1_467' title='bbox 1278 1884 1316 1914; x_wconf 92' lang='lat' dir='ltr'>de</span> <span class='ocrx_word' id='word_1_468' title='bbox 1330 1883 1522 1922; x_wconf 79' lang='lat' dir='ltr'>ignorantia,</span> <span class='ocrx_word' id='word_1_469' title='bbox 1538 1885 1633 1922; x_wconf 87' lang='lat' dir='ltr'>prout</span> <span class='ocrx_word' id='word_1_470' title='bbox 1647 1882 1721 1913; x_wconf 81' lang='lat' dir='ltr'>dicit</span> <span class='ocrx_word' id='word_1_471' title='bbox 1732 1883 1836 1922; x_wconf 87' lang='lat' dir='ltr'>priva-</span> 
     </span>
     <span class='ocr_line' id='line_1_80' title="bbox 1062 1936 1836 1976; baseline 0 -8"><span class='ocrx_word' id='word_1_472' title='bbox 1062 1938 1180 1968; x_wconf 89' lang='lat' dir='ltr'>tionem</span> <span class='ocrx_word' id='word_1_473' title='bbox 1205 1939 1360 1976; x_wconf 86' lang='lat' dir='ltr'>cujnsque</span> <span class='ocrx_word' id='word_1_474' title='bbox 1375 1936 1525 1974; x_wconf 81' lang='lat' dir='ltr'>scientiae,</span> <span class='ocrx_word' id='word_1_475' title='bbox 1540 1936 1593 1967; x_wconf 87' lang='lat' dir='ltr'>sed</span> <span class='ocrx_word' id='word_1_476' title='bbox 1619 1938 1712 1976; x_wconf 89' lang='lat' dir='ltr'>prout</span> <span class='ocrx_word' id='word_1_477' title='bbox 1728 1936 1836 1976; x_wconf 88' lang='lat' dir='ltr'>priva-</span> 
     </span>
     <span class='ocr_line' id='line_1_81' title="bbox 1062 1987 1836 2027; baseline 0 -9"><span class='ocrx_word' id='word_1_478' title='bbox 1062 1989 1181 2018; x_wconf 88' lang='lat' dir='ltr'>tionem</span> <span class='ocrx_word' id='word_1_479' title='bbox 1196 1988 1271 2018; x_wconf 84' lang='lat' dir='ltr'>dicit</span> <span class='ocrx_word' id='word_1_480' title='bbox 1285 1987 1500 2027; x_wconf 62' lang='lat' dir='ltr'>experientiae,</span> <span class='ocrx_word' id='word_1_481' title='bbox 1517 1987 1694 2017; x_wconf 87' lang='lat' dir='ltr'>secundum</span> <span class='ocrx_word' id='word_1_482' title='bbox 1707 1987 1792 2027; x_wconf 86' lang='lat' dir='ltr'>quod</span> <span class='ocrx_word' id='word_1_483' title='bbox 1802 1987 1836 2017; x_wconf 92' lang='lat' dir='ltr'>in</span> 
     </span>
     <span class='ocr_line' id='line_1_82' title="bbox 1062 2041 1597 2083; baseline -0.004 -11"><span class='ocrx_word' id='word_1_484' title='bbox 1062 2041 1316 2082; x_wconf 81' lang='lat' dir='ltr'>praecedentibus</span> <span class='ocrx_word' id='word_1_485' title='bbox 1333 2041 1526 2071; x_wconf 88' lang='lat' dir='ltr'>declaratum</span> <span class='ocrx_word' id='word_1_486' title='bbox 1540 2043 1597 2083; x_wconf 86' lang='lat' dir='ltr'>est.</span> 
     </span>
    </p>

    <p class='ocr_par' dir='ltr' id='par_1_19' title="bbox 1062 2092 1835 2447">
     <span class='ocr_line' id='line_1_83' title="bbox 1103 2092 1834 2134; baseline -0.001 -8"><span class='ocrx_word' id='word_1_487' title='bbox 1103 2097 1132 2126; x_wconf 89' lang='lat'>3.</span> <span class='ocrx_word' id='word_1_488' title='bbox 1151 2094 1198 2126; x_wconf 91' lang='lat' dir='ltr'>Ad</span> <span class='ocrx_word' id='word_1_489' title='bbox 1212 2094 1290 2125; x_wconf 90' lang='lat' dir='ltr'>illud</span> <span class='ocrx_word' id='word_1_490' title='bbox 1305 2093 1391 2134; x_wconf 87' lang='lat' dir='ltr'>quod</span> <span class='ocrx_word' id='word_1_491' title='bbox 1405 2093 1553 2133; x_wconf 83' lang='lat' dir='ltr'>objicitur</span> <span class='ocrx_word' id='word_1_492' title='bbox 1570 2093 1607 2124; x_wconf 90' lang='lat' dir='ltr'>de</span> <span class='ocrx_word' id='word_1_493' title='bbox 1620 2092 1723 2123; x_wconf 87' lang='lat' dir='ltr'>Leone</span> <span class='ocrx_word' id='word_1_494' title='bbox 1738 2092 1834 2133; x_wconf 84' lang='lat' dir='ltr'>Papa,</span> 
     </span>
     <span class='ocr_line' id='line_1_84' title="bbox 1063 2148 1833 2189; baseline 0 -9"><span class='ocrx_word' id='word_1_495' title='bbox 1063 2149 1147 2189; x_wconf 89' lang='lat' dir='ltr'>quod</span> <span class='ocrx_word' id='word_1_496' title='bbox 1160 2150 1263 2179; x_wconf 87' lang='lat' dir='ltr'>infans</span> <span class='ocrx_word' id='word_1_497' title='bbox 1277 2149 1328 2179; x_wconf 87' lang='lat' dir='ltr'>ille</span> <span class='ocrx_word' id='word_1_498' title='bbox 1343 2149 1375 2179; x_wconf 89' lang='lat' dir='ltr'>in</span> <span class='ocrx_word' id='word_1_499' title='bbox 1388 2148 1476 2179; x_wconf 90' lang='lat' dir='ltr'>nullo</span> <span class='ocrx_word' id='word_1_500' title='bbox 1490 2150 1558 2179; x_wconf 86' lang='lat' dir='ltr'>erat</span> <span class='ocrx_word' id='word_1_501' title='bbox 1571 2149 1610 2178; x_wconf 90' lang='lat' dir='ltr'>ab</span> <span class='ocrx_word' id='word_1_502' title='bbox 1626 2148 1763 2179; x_wconf 89' lang='lat' dir='ltr'>aliorum</span> <span class='ocrx_word' id='word_1_503' title='bbox 1775 2158 1833 2188; x_wconf 85' lang='lat' dir='ltr'>ge-</span> 
     </span>
     <span class='ocr_line' id='line_1_85' title="bbox 1063 2201 1835 2241; baseline -0.003 -7"><span class='ocrx_word' id='word_1_504' title='bbox 1063 2203 1227 2234; x_wconf 88' lang='lat' dir='ltr'>neralitate</span> <span class='ocrx_word' id='word_1_505' title='bbox 1250 2202 1402 2233; x_wconf 87' lang='lat' dir='ltr'>discretus</span> <span class='ocrx_word' id='word_1_506' title='bbox 1414 2225 1422 2239; x_wconf 82' lang='lat'>‚</span> <span class='ocrx_word' id='word_1_507' title='bbox 1455 2201 1625 2232; x_wconf 89' lang='lat' dir='ltr'>dicendum</span> <span class='ocrx_word' id='word_1_508' title='bbox 1653 2202 1737 2241; x_wconf 88' lang='lat' dir='ltr'>quod</span> <span class='ocrx_word' id='word_1_509' title='bbox 1773 2201 1835 2232; x_wconf 87' lang='lat' dir='ltr'>Leo</span> 
     </span>
     <span class='ocr_line' id='line_1_86' title="bbox 1064 2253 1835 2295; baseline -0.003 -9"><span class='ocrx_word' id='word_1_510' title='bbox 1064 2255 1149 2295; x_wconf 82' lang='lat' dir='ltr'>Papa</span> <span class='ocrx_word' id='word_1_511' title='bbox 1159 2256 1301 2295; x_wconf 87' lang='lat' dir='ltr'>loquitur</span> <span class='ocrx_word' id='word_1_512' title='bbox 1315 2257 1473 2294; x_wconf 85' lang='lat' dir='ltr'>quantum</span> <span class='ocrx_word' id='word_1_513' title='bbox 1489 2255 1527 2285; x_wconf 87' lang='lat' dir='ltr'>ad</span> <span class='ocrx_word' id='word_1_514' title='bbox 1542 2263 1591 2292; x_wconf 85' lang='lat' dir='ltr'>ea,</span> <span class='ocrx_word' id='word_1_515' title='bbox 1605 2262 1678 2293; x_wconf 80' lang='lat' dir='ltr'>quae</span> <span class='ocrx_word' id='word_1_516' title='bbox 1695 2253 1835 2285; x_wconf 85' lang='lat' dir='ltr'>exterius</span> 
     </span>
     <span class='ocr_line' id='line_1_87' title="bbox 1063 2306 1834 2349; baseline -0.005 -9"><span class='ocrx_word' id='word_1_517' title='bbox 1063 2309 1268 2349; x_wconf 86' lang='lat' dir='ltr'>apparebant,</span> <span class='ocrx_word' id='word_1_518' title='bbox 1283 2317 1346 2338; x_wconf 88' lang='lat' dir='ltr'>non</span> <span class='ocrx_word' id='word_1_519' title='bbox 1360 2310 1516 2347; x_wconf 87' lang='lat' dir='ltr'>quantum</span> <span class='ocrx_word' id='word_1_520' title='bbox 1528 2307 1567 2337; x_wconf 87' lang='lat' dir='ltr'>ad</span> <span class='ocrx_word' id='word_1_521' title='bbox 1578 2316 1626 2343; x_wconf 78' lang='lat' dir='ltr'>ea,</span> <span class='ocrx_word' id='word_1_522' title='bbox 1638 2315 1711 2346; x_wconf 80' lang='lat' dir='ltr'>quae</span> <span class='ocrx_word' id='word_1_523' title='bbox 1721 2306 1834 2337; x_wconf 88' lang='lat' dir='ltr'>intrin-</span> 
     </span>
     <span class='ocr_line' id='line_1_88' title="bbox 1064 2359 1835 2401; baseline -0.005 -7"><span class='ocrx_word' id='word_1_524' title='bbox 1064 2372 1154 2394; x_wconf 89' lang='lat' dir='ltr'>secus</span> <span class='ocrx_word' id='word_1_525' title='bbox 1182 2362 1339 2399; x_wconf 88' lang='lat' dir='ltr'>latebant,</span> <span class='ocrx_word' id='word_1_526' title='bbox 1364 2370 1420 2401; x_wconf 89' lang='lat' dir='ltr'>per</span> <span class='ocrx_word' id='word_1_527' title='bbox 1434 2369 1508 2401; x_wconf 81' lang='lat' dir='ltr'>quae</span> <span class='ocrx_word' id='word_1_528' title='bbox 1532 2361 1565 2390; x_wconf 93' lang='lat' dir='ltr'>in</span> <span class='ocrx_word' id='word_1_529' title='bbox 1582 2359 1691 2390; x_wconf 84' lang='lat' dir='ltr'>multiS</span> <span class='ocrx_word' id='word_1_530' title='bbox 1715 2360 1754 2391; x_wconf 85' lang='lat' dir='ltr'>ab</span> <span class='ocrx_word' id='word_1_531' title='bbox 1766 2359 1835 2391; x_wconf 84' lang='lat' dir='ltr'>aliis</span> 
     </span>
     <span class='ocr_line' id='line_1_89' title="bbox 1062 2416 1235 2447; baseline 0 -1"><span class='ocrx_word' id='word_1_532' title='bbox 1062 2416 1235 2447; x_wconf 80' lang='lat' dir='ltr'>differebat.</span> 
     </span>
    </p>

    <p class='ocr_par' dir='ltr' id='par_1_20' title="bbox 1063 2466 1835 2669">
     <span class='ocr_line' id='line_1_90' title="bbox 1104 2466 1834 2508; baseline -0.003 -8"><span class='ocrx_word' id='word_1_533' title='bbox 1104 2473 1133 2501; x_wconf 75' lang='grc'>4.</span> <span class='ocrx_word' id='word_1_534' title='bbox 1148 2470 1194 2500; x_wconf 88' lang='lat' dir='ltr'>Ad</span> <span class='ocrx_word' id='word_1_535' title='bbox 1209 2469 1285 2499; x_wconf 87' lang='lat' dir='ltr'>illud</span> <span class='ocrx_word' id='word_1_536' title='bbox 1301 2468 1385 2508; x_wconf 85' lang='lat' dir='ltr'>quod</span> <span class='ocrx_word' id='word_1_537' title='bbox 1408 2467 1572 2506; x_wconf 82' lang='lat' dir='ltr'>objicitur,</span> <span class='ocrx_word' id='word_1_538' title='bbox 1590 2466 1676 2506; x_wconf 84' lang='lat' dir='ltr'>quod</span> <span class='ocrx_word' id='word_1_539' title='bbox 1699 2467 1834 2499; x_wconf 77' lang='lat' dir='ltr'>scientia</span> 
     </span>
     <span class='ocr_line' id='line_1_91' title="bbox 1063 2519 1835 2563; baseline -0.008 -7"><span class='ocrx_word' id='word_1_540' title='bbox 1063 2524 1175 2563; x_wconf 75' lang='lat' dir='ltr'>inflat,</span> <span class='ocrx_word' id='word_1_541' title='bbox 1188 2522 1355 2554; x_wconf 80' lang='lat' dir='ltr'>dicendum</span> <span class='ocrx_word' id='word_1_542' title='bbox 1371 2520 1455 2561; x_wconf 85' lang='lat' dir='ltr'>quod</span> <span class='ocrx_word' id='word_1_543' title='bbox 1472 2522 1518 2551; x_wconf 79' lang='lat' dir='ltr'>est</span> <span class='ocrx_word' id='word_1_544' title='bbox 1542 2520 1628 2559; x_wconf 90' lang='lat' dir='ltr'>loqui</span> <span class='ocrx_word' id='word_1_545' title='bbox 1649 2520 1687 2550; x_wconf 90' lang='lat' dir='ltr'>de</span> <span class='ocrx_word' id='word_1_546' title='bbox 1706 2519 1835 2551; x_wconf 81' lang='lat' dir='ltr'>scientia</span> 
     </span>
     <span class='ocr_line' id='line_1_92' title="bbox 1064 2573 1834 2617; baseline -0.006 -9"><span class='ocrx_word' id='word_1_547' title='bbox 1064 2579 1158 2617; x_wconf 84' lang='lat' dir='ltr'>prout</span> <span class='ocrx_word' id='word_1_548' title='bbox 1173 2579 1218 2607; x_wconf 88' lang='lat' dir='ltr'>est</span> <span class='ocrx_word' id='word_1_549' title='bbox 1232 2576 1350 2615; x_wconf 83' lang='lat' dir='ltr'>absque</span> <span class='ocrx_word' id='word_1_550' title='bbox 1372 2574 1532 2612; x_wconf 85' lang='lat' dir='ltr'>charitate,</span> <span class='ocrx_word' id='word_1_551' title='bbox 1544 2575 1574 2603; x_wconf 89' lang='lat' dir='ltr'>et</span> <span class='ocrx_word' id='word_1_552' title='bbox 1589 2582 1607 2604; x_wconf 85' lang='lat' dir='ltr'>a</span> <span class='ocrx_word' id='word_1_553' title='bbox 1620 2573 1774 2605; x_wconf 85' lang='lat' dir='ltr'>charitate</span> <span class='ocrx_word' id='word_1_554' title='bbox 1786 2573 1834 2604; x_wconf 87' lang='lat' dir='ltr'>di-</span> 
     </span>
     <span class='ocr_line' id='line_1_93' title="bbox 1064 2626 1830 2669; baseline -0.009 -7"><span class='ocrx_word' id='word_1_555' title='bbox 1064 2634 1141 2667; x_wconf 78' lang='lat' dir='ltr'>visa,</span> <span class='ocrx_word' id='word_1_556' title='bbox 1160 2631 1205 2660; x_wconf 75' lang='lat' dir='ltr'>vel</span> <span class='ocrx_word' id='word_1_557' title='bbox 1222 2633 1313 2669; x_wconf 79' lang='lat' dir='ltr'>prout</span> <span class='ocrx_word' id='word_1_558' title='bbox 1329 2628 1524 2659; x_wconf 69' lang='lat' dir='ltr'>estcharilati</span> <span class='ocrx_word' id='word_1_559' title='bbox 1539 2629 1719 2666; x_wconf 84' lang='lat' dir='ltr'>conjuncta.</span> <span class='ocrx_word' id='word_1_560' title='bbox 1735 2626 1830 2656; x_wconf 86' lang='lat' dir='ltr'>Prout</span> 
     </span>
    </p>
   </div>
  </div>
 </body>
</html>
