<?xml version="1.0" encoding="UTF-8"?>
<!DOCTYPE html PUBLIC "-//W3C//DTD XHTML 1.0 Transitional//EN"
    "http://www.w3.org/TR/xhtml1/DTD/xhtml1-transitional.dtd">
<html xmlns="http://www.w3.org/1999/xhtml" xml:lang="en" lang="en">
 <head>
  <title>
</title>
<meta http-equiv="Content-Type" content="text/html;charset=utf-8" />
  <meta name='ocr-system' content='tesseract 3.04.00' />
  <meta name='ocr-capabilities' content='ocr_page ocr_carea ocr_par ocr_line ocrx_word'/>
</head>
<body>
  <div class='ocr_page' id='page_1' title='image "./operaomniasixtiv04bonauoft/operaomniasixtiv04bonauoft_0544.png"; bbox 0 0 2017 2960; ppageno 0'>
   <div class='ocr_carea' id='block_1_1' title="bbox 260 189 322 217">
    <p class='ocr_par' dir='ltr' id='par_1_1' title="bbox 260 189 322 217">
     <span class='ocr_line' id='line_1_1' title="bbox 260 189 322 217; baseline 0.016 -1"><span class='ocrx_word' id='word_1_1' title='bbox 260 189 322 217; x_wconf 66' lang='lat'>522</span> 
     </span>
    </p>
   </div>
   <div class='ocr_carea' id='block_1_2' title="bbox 239 250 1023 2675">
    <p class='ocr_par' dir='ltr' id='par_1_2' title="bbox 239 250 1023 2295">
     <span class='ocr_line' id='line_1_2' title="bbox 257 250 1020 290; baseline -0.004 -7"><span class='ocrx_word' id='word_1_2' title='bbox 257 253 457 284; x_wconf 84' lang='lat' dir='ltr'>determinari</span> <span class='ocrx_word' id='word_1_3' title='bbox 473 264 479 284; x_wconf 91' lang='lat'>:</span> <span class='ocrx_word' id='word_1_4' title='bbox 499 257 554 284; x_wconf 89' lang='lat' dir='ltr'>aut</span> <span class='ocrx_word' id='word_1_5' title='bbox 566 253 787 289; x_wconf 84' lang='lat' dir='ltr'>communiter,</span> <span class='ocrx_word' id='word_1_6' title='bbox 803 254 858 281; x_wconf 87' lang='lat' dir='ltr'>aut</span> <span class='ocrx_word' id='word_1_7' title='bbox 878 250 1020 290; x_wconf 86' lang='lat' dir='ltr'>proprie;</span> 
     </span>
     <span class='ocr_line' id='line_1_3' title="bbox 257 304 1023 346; baseline -0.003 -10"><span class='ocrx_word' id='word_1_8' title='bbox 257 306 325 337; x_wconf 84' lang='lat' dir='ltr'>sive</span> <span class='ocrx_word' id='word_1_9' title='bbox 338 315 394 346; x_wconf 83' lang='lat' dir='ltr'>per</span> <span class='ocrx_word' id='word_1_10' title='bbox 406 316 449 344; x_wconf 78' lang='lat' dir='ltr'>sc,</span> <span class='ocrx_word' id='word_1_11' title='bbox 464 309 493 337; x_wconf 83' lang='lat' dir='ltr'>ct</span> <span class='ocrx_word' id='word_1_12' title='bbox 508 315 563 346; x_wconf 84' lang='lat' dir='ltr'>per</span> <span class='ocrx_word' id='word_1_13' title='bbox 575 305 727 336; x_wconf 80' lang='lat' dir='ltr'>accidens.</span> <span class='ocrx_word' id='word_1_14' title='bbox 749 304 826 334; x_wconf 89' lang='lat' dir='ltr'>Illud</span> <span class='ocrx_word' id='word_1_15' title='bbox 841 305 948 334; x_wconf 86' lang='lat' dir='ltr'>autem</span> <span class='ocrx_word' id='word_1_16' title='bbox 962 312 1023 334; x_wconf 83' lang='lat' dir='ltr'>vo-</span> 
     </span>
     <span class='ocr_line' id='line_1_4' title="bbox 258 356 1023 399; baseline -0.005 -9"><span class='ocrx_word' id='word_1_17' title='bbox 258 362 348 390; x_wconf 82' lang='lat' dir='ltr'>catur</span> <span class='ocrx_word' id='word_1_18' title='bbox 362 360 521 399; x_wconf 81' lang='lat' dir='ltr'>objectum</span> <span class='ocrx_word' id='word_1_19' title='bbox 550 367 718 388; x_wconf 86' lang='lat' dir='ltr'>commune</span> <span class='ocrx_word' id='word_1_20' title='bbox 745 356 920 387; x_wconf 83' lang='lat' dir='ltr'>secundum</span> <span class='ocrx_word' id='word_1_21' title='bbox 939 365 1023 387; x_wconf 88' lang='lat' dir='ltr'>com-</span> 
     </span>
     <span class='ocr_line' id='line_1_5' title="bbox 257 409 1022 450; baseline -0.003 -8"><span class='ocrx_word' id='word_1_22' title='bbox 257 421 386 442; x_wconf 82' lang='lat' dir='ltr'>munem</span> <span class='ocrx_word' id='word_1_23' title='bbox 401 412 625 450; x_wconf 70' lang='lat' dir='ltr'>acceptionem,</span> <span class='ocrx_word' id='word_1_24' title='bbox 644 412 674 440; x_wconf 85' lang='lat' dir='ltr'>ct</span> <span class='ocrx_word' id='word_1_25' title='bbox 696 410 855 449; x_wconf 82' lang='lat' dir='ltr'>objectum</span> <span class='ocrx_word' id='word_1_26' title='bbox 870 419 925 449; x_wconf 89' lang='lat' dir='ltr'>per</span> <span class='ocrx_word' id='word_1_27' title='bbox 939 409 1022 440; x_wconf 81' lang='lat' dir='ltr'>acci-</span> 
     </span>
     <span class='ocr_line' id='line_1_6' title="bbox 256 463 1023 504; baseline -0.003 -9"><span class='ocrx_word' id='word_1_28' title='bbox 256 465 343 502; x_wconf 76' lang='lat' dir='ltr'>dens,</span> <span class='ocrx_word' id='word_1_29' title='bbox 358 465 441 504; x_wconf 83' lang='lat' dir='ltr'>quod</span> <span class='ocrx_word' id='word_1_30' title='bbox 458 465 586 503; x_wconf 83' lang='lat' dir='ltr'>quidem</span> <span class='ocrx_word' id='word_1_31' title='bbox 600 464 695 494; x_wconf 83' lang='lat' dir='ltr'>habet</span> <span class='ocrx_word' id='word_1_32' title='bbox 709 464 864 494; x_wconf 85' lang='lat' dir='ltr'>rationem</span> <span class='ocrx_word' id='word_1_33' title='bbox 879 463 1023 494; x_wconf 89' lang='lat' dir='ltr'>materia-</span> 
     </span>
     <span class='ocr_line' id='line_1_7' title="bbox 256 517 1023 556; baseline 0 -9"><span class='ocrx_word' id='word_1_34' title='bbox 256 518 303 548; x_wconf 91' lang='lat' dir='ltr'>lis.</span> <span class='ocrx_word' id='word_1_35' title='bbox 320 517 398 547; x_wconf 92' lang='lat' dir='ltr'>Illud</span> <span class='ocrx_word' id='word_1_36' title='bbox 413 520 519 546; x_wconf 86' lang='lat' dir='ltr'>autem</span> <span class='ocrx_word' id='word_1_37' title='bbox 533 517 647 547; x_wconf 87' lang='lat' dir='ltr'>dicitur</span> <span class='ocrx_word' id='word_1_38' title='bbox 661 517 825 556; x_wconf 52' lang='lat' dir='ltr'>{objectum</span> <span class='ocrx_word' id='word_1_39' title='bbox 846 517 969 556; x_wconf 88' lang='lat' dir='ltr'>proprie</span> <span class='ocrx_word' id='word_1_40' title='bbox 993 519 1023 547; x_wconf 86' lang='lat' dir='ltr'>et</span> 
     </span>
     <span class='ocr_line' id='line_1_8' title="bbox 256 569 1020 609; baseline 0 -10"><span class='ocrx_word' id='word_1_41' title='bbox 256 579 311 609; x_wconf 83' lang='lat' dir='ltr'>per</span> <span class='ocrx_word' id='word_1_42' title='bbox 323 578 366 606; x_wconf 82' lang='lat' dir='ltr'>se,</span> <span class='ocrx_word' id='word_1_43' title='bbox 383 569 466 608; x_wconf 87' lang='lat' dir='ltr'>quod</span> <span class='ocrx_word' id='word_1_44' title='bbox 477 569 605 608; x_wconf 89' lang='lat' dir='ltr'>quidem</span> <span class='ocrx_word' id='word_1_45' title='bbox 620 569 717 600; x_wconf 87' lang='lat' dir='ltr'>habet</span> <span class='ocrx_word' id='word_1_46' title='bbox 731 569 885 599; x_wconf 86' lang='lat' dir='ltr'>rationem</span> <span class='ocrx_word' id='word_1_47' title='bbox 901 569 1020 600; x_wconf 79' lang='lat' dir='ltr'>motivi.</span> 
     </span>
     <span class='ocr_line' id='line_1_9' title="bbox 256 622 1023 662; baseline 0.001 -9"><span class='ocrx_word' id='word_1_48' title='bbox 256 622 438 653; x_wconf 82' lang='lat' dir='ltr'>Secundum</span> <span class='ocrx_word' id='word_1_49' title='bbox 452 623 534 653; x_wconf 90' lang='lat' dir='ltr'>hanc</span> <span class='ocrx_word' id='word_1_50' title='bbox 557 622 715 662; x_wconf 84' lang='lat' dir='ltr'>duplicem</span> <span class='ocrx_word' id='word_1_51' title='bbox 734 622 946 661; x_wconf 80' lang='lat' dir='ltr'>acceptionem</span> <span class='ocrx_word' id='word_1_52' title='bbox 962 623 1023 654; x_wconf 91' lang='lat' dir='ltr'>du-</span> 
     </span>
     <span class='ocr_line' id='line_1_10' title="bbox 255 674 1022 714; baseline 0.003 -10"><span class='ocrx_word' id='word_1_53' title='bbox 255 675 375 714; x_wconf 78' lang='lat' dir='ltr'>pliciter</span> <span class='ocrx_word' id='word_1_54' title='bbox 389 675 543 713; x_wconf 81' lang='lat' dir='ltr'>contingit</span> <span class='ocrx_word' id='word_1_55' title='bbox 557 675 643 714; x_wconf 87' lang='lat' dir='ltr'>loqui</span> <span class='ocrx_word' id='word_1_56' title='bbox 656 675 693 705; x_wconf 89' lang='lat' dir='ltr'>de</span> <span class='ocrx_word' id='word_1_57' title='bbox 708 675 828 714; x_wconf 76' lang='lat' dir='ltr'>obiecto</span> <span class='ocrx_word' id='word_1_58' title='bbox 841 675 924 706; x_wconf 82' lang='lat' dir='ltr'>fidei.</span> <span class='ocrx_word' id='word_1_59' title='bbox 942 674 1022 706; x_wconf 84' lang='lat' dir='ltr'>Nam</span> 
     </span>
     <span class='ocr_line' id='line_1_11' title="bbox 257 728 1023 768; baseline -0.001 -9"><span class='ocrx_word' id='word_1_60' title='bbox 257 738 320 759; x_wconf 90' lang='lat' dir='ltr'>uno</span> <span class='ocrx_word' id='word_1_61' title='bbox 336 729 429 759; x_wconf 84' lang='lat' dir='ltr'>niodo</span> <span class='ocrx_word' id='word_1_62' title='bbox 451 731 550 768; x_wconf 84' lang='lat' dir='ltr'>potest</span> <span class='ocrx_word' id='word_1_63' title='bbox 569 729 627 759; x_wconf 91' lang='lat' dir='ltr'>dici</span> <span class='ocrx_word' id='word_1_64' title='bbox 650 729 810 768; x_wconf 77' lang='lat' dir='ltr'>objectum</span> <span class='ocrx_word' id='word_1_65' title='bbox 834 728 920 766; x_wconf 85' lang='lat' dir='ltr'>fidei,</span> <span class='ocrx_word' id='word_1_66' title='bbox 942 729 1023 759; x_wconf 86' lang='lat' dir='ltr'>circa</span> 
     </span>
     <span class='ocr_line' id='line_1_12' title="bbox 255 782 1023 822; baseline 0 -10"><span class='ocrx_word' id='word_1_67' title='bbox 255 782 338 822; x_wconf 90' lang='lat' dir='ltr'>quod</span> <span class='ocrx_word' id='word_1_68' title='bbox 354 782 419 821; x_wconf 82' lang='lat' dir='ltr'>ipsa</span> <span class='ocrx_word' id='word_1_69' title='bbox 434 783 510 812; x_wconf 87' lang='lat' dir='ltr'>fides</span> <span class='ocrx_word' id='word_1_70' title='bbox 539 785 695 819; x_wconf 85' lang='lat' dir='ltr'>versatur,</span> <span class='ocrx_word' id='word_1_71' title='bbox 712 784 864 821; x_wconf 80' lang='lat' dir='ltr'>tanquam</span> <span class='ocrx_word' id='word_1_72' title='bbox 888 782 1023 812; x_wconf 84' lang='lat' dir='ltr'>circail-</span> 
     </span>
     <span class='ocr_line' id='line_1_13' title="bbox 255 835 1023 875; baseline 0 -9"><span class='ocrx_word' id='word_1_73' title='bbox 255 835 310 866; x_wconf 89' lang='lat' dir='ltr'>lud</span> <span class='ocrx_word' id='word_1_74' title='bbox 324 836 406 875; x_wconf 90' lang='lat' dir='ltr'>quod</span> <span class='ocrx_word' id='word_1_75' title='bbox 417 836 512 866; x_wconf 85' lang='lat' dir='ltr'>credit</span> <span class='ocrx_word' id='word_1_76' title='bbox 528 845 594 866; x_wconf 87' lang='lat' dir='ltr'>esse</span> <span class='ocrx_word' id='word_1_77' title='bbox 606 845 732 872; x_wconf 81' lang='lat' dir='ltr'>verum,</span> <span class='ocrx_word' id='word_1_78' title='bbox 747 835 812 866; x_wconf 90' lang='lat' dir='ltr'>sive</span> <span class='ocrx_word' id='word_1_79' title='bbox 820 835 863 865; x_wconf 88' lang='lat' dir='ltr'>illi</span> <span class='ocrx_word' id='word_1_80' title='bbox 877 836 1023 866; x_wconf 88' lang='lat' dir='ltr'>assentiat</span> 
     </span>
     <span class='ocr_line' id='line_1_14' title="bbox 255 888 1022 928; baseline 0.001 -10"><span class='ocrx_word' id='word_1_81' title='bbox 255 891 382 928; x_wconf 84' lang='lat' dir='ltr'>propter</span> <span class='ocrx_word' id='word_1_82' title='bbox 397 898 440 925; x_wconf 76' lang='lat' dir='ltr'>se,</span> <span class='ocrx_word' id='word_1_83' title='bbox 456 888 522 919; x_wconf 87' lang='lat' dir='ltr'>sive</span> <span class='ocrx_word' id='word_1_84' title='bbox 537 891 666 928; x_wconf 89' lang='lat' dir='ltr'>propter</span> <span class='ocrx_word' id='word_1_85' title='bbox 680 888 775 919; x_wconf 86' lang='lat' dir='ltr'>aliud.</span> <span class='ocrx_word' id='word_1_86' title='bbox 803 888 841 919; x_wconf 82' lang='lat' dir='ltr'>Et</span> <span class='ocrx_word' id='word_1_87' title='bbox 854 889 913 919; x_wconf 86' lang='lat' dir='ltr'>hoc</span> <span class='ocrx_word' id='word_1_88' title='bbox 928 889 1022 919; x_wconf 88' lang='lat' dir='ltr'>modo</span> 
     </span>
     <span class='ocr_line' id='line_1_15' title="bbox 254 941 1020 972; baseline 0.001 -1"><span class='ocrx_word' id='word_1_89' title='bbox 254 950 317 971; x_wconf 92' lang='lat' dir='ltr'>non</span> <span class='ocrx_word' id='word_1_90' title='bbox 332 941 552 971; x_wconf 86' lang='lat' dir='ltr'>tantummodo</span> <span class='ocrx_word' id='word_1_91' title='bbox 577 943 624 971; x_wconf 86' lang='lat' dir='ltr'>est</span> <span class='ocrx_word' id='word_1_92' title='bbox 652 941 734 971; x_wconf 84' lang='lat' dir='ltr'>circa</span> <span class='ocrx_word' id='word_1_93' title='bbox 758 950 872 971; x_wconf 86' lang='lat' dir='ltr'>verum</span> <span class='ocrx_word' id='word_1_94' title='bbox 900 941 1020 972; x_wconf 83' lang='lat' dir='ltr'>increa-</span> 
     </span>
     <span class='ocr_line' id='line_1_16' title="bbox 252 995 1020 1033; baseline 0.001 -9"><span class='ocrx_word' id='word_1_95' title='bbox 252 997 332 1031; x_wconf 90' lang='lat' dir='ltr'>tum,</span> <span class='ocrx_word' id='word_1_96' title='bbox 362 1004 476 1025; x_wconf 72' lang='lat' dir='ltr'>verum</span> <span class='ocrx_word' id='word_1_97' title='bbox 493 995 589 1026; x_wconf 90' lang='lat' dir='ltr'>etiam</span> <span class='ocrx_word' id='word_1_98' title='bbox 618 995 700 1025; x_wconf 88' lang='lat' dir='ltr'>circa</span> <span class='ocrx_word' id='word_1_99' title='bbox 725 1003 839 1025; x_wconf 85' lang='lat' dir='ltr'>verum</span> <span class='ocrx_word' id='word_1_100' title='bbox 867 997 1020 1033; x_wconf 84' lang='lat' dir='ltr'>creatum,</span> 
     </span>
     <span class='ocr_line' id='line_1_17' title="bbox 252 1047 1019 1087; baseline 0.003 -10"><span class='ocrx_word' id='word_1_101' title='bbox 252 1048 327 1087; x_wconf 85' lang='lat' dir='ltr'>qnia</span> <span class='ocrx_word' id='word_1_102' title='bbox 342 1047 419 1078; x_wconf 80' lang='lat' dir='ltr'>fides</span> <span class='ocrx_word' id='word_1_103' title='bbox 434 1057 499 1078; x_wconf 85' lang='lat' dir='ltr'>non</span> <span class='ocrx_word' id='word_1_104' title='bbox 513 1050 636 1078; x_wconf 87' lang='lat' dir='ltr'>tantum</span> <span class='ocrx_word' id='word_1_105' title='bbox 653 1048 750 1078; x_wconf 87' lang='lat' dir='ltr'>credit</span> <span class='ocrx_word' id='word_1_106' title='bbox 764 1048 822 1087; x_wconf 91' lang='lat' dir='ltr'>ipsi</span> <span class='ocrx_word' id='word_1_107' title='bbox 833 1048 950 1079; x_wconf 70' lang='lat' dir='ltr'>divinae</span> <span class='ocrx_word' id='word_1_108' title='bbox 964 1057 1019 1079; x_wconf 78' lang='lat' dir='ltr'>ve-</span> 
     </span>
     <span class='ocr_line' id='line_1_18' title="bbox 250 1100 1022 1140; baseline 0.001 -10"><span class='ocrx_word' id='word_1_109' title='bbox 250 1100 333 1131; x_wconf 87' lang='lat' dir='ltr'>ritali</span> <span class='ocrx_word' id='word_1_110' title='bbox 349 1101 381 1130; x_wconf 89' lang='lat' dir='ltr'>in</span> <span class='ocrx_word' id='word_1_111' title='bbox 406 1101 517 1139; x_wconf 83' lang='lat' dir='ltr'>se‚sed</span> <span class='ocrx_word' id='word_1_112' title='bbox 541 1100 638 1131; x_wconf 86' lang='lat' dir='ltr'>etiam</span> <span class='ocrx_word' id='word_1_113' title='bbox 662 1101 727 1139; x_wconf 89' lang='lat' dir='ltr'>his,</span> <span class='ocrx_word' id='word_1_114' title='bbox 743 1109 816 1140; x_wconf 74' lang='lat' dir='ltr'>quae</span> <span class='ocrx_word' id='word_1_115' title='bbox 840 1100 900 1130; x_wconf 83' lang='lat' dir='ltr'>sibi</span> <span class='ocrx_word' id='word_1_116' title='bbox 927 1101 966 1131; x_wconf 87' lang='lat' dir='ltr'>ab</span> <span class='ocrx_word' id='word_1_117' title='bbox 985 1110 1022 1132; x_wconf 88' lang='lat' dir='ltr'>ea</span> 
     </span>
     <span class='ocr_line' id='line_1_19' title="bbox 250 1153 1021 1193; baseline 0.001 -10"><span class='ocrx_word' id='word_1_118' title='bbox 250 1153 418 1191; x_wconf 83' lang='lat' dir='ltr'>dictantur,</span> <span class='ocrx_word' id='word_1_119' title='bbox 439 1162 512 1193; x_wconf 76' lang='lat' dir='ltr'>quae</span> <span class='ocrx_word' id='word_1_120' title='bbox 535 1155 608 1184; x_wconf 88' lang='lat' dir='ltr'>sunt</span> <span class='ocrx_word' id='word_1_121' title='bbox 627 1153 727 1184; x_wconf 89' lang='lat' dir='ltr'>multa</span> <span class='ocrx_word' id='word_1_122' title='bbox 750 1163 826 1184; x_wconf 88' lang='lat' dir='ltr'>vera</span> <span class='ocrx_word' id='word_1_123' title='bbox 851 1155 964 1184; x_wconf 89' lang='lat' dir='ltr'>creata.</span> <span class='ocrx_word' id='word_1_124' title='bbox 988 1153 1021 1184; x_wconf 88' lang='lat' dir='ltr'>Si</span> 
     </span>
     <span class='ocr_line' id='line_1_20' title="bbox 250 1206 1020 1246; baseline 0.001 -10"><span class='ocrx_word' id='word_1_125' title='bbox 250 1209 357 1237; x_wconf 82' lang='lat' dir='ltr'>autem</span> <span class='ocrx_word' id='word_1_126' title='bbox 370 1207 540 1246; x_wconf 84' lang='lat' dir='ltr'>loquamur</span> <span class='ocrx_word' id='word_1_127' title='bbox 555 1206 592 1237; x_wconf 88' lang='lat' dir='ltr'>de</span> <span class='ocrx_word' id='word_1_128' title='bbox 608 1207 728 1246; x_wconf 87' lang='lat' dir='ltr'>objecto</span> <span class='ocrx_word' id='word_1_129' title='bbox 752 1207 824 1237; x_wconf 89' lang='lat' dir='ltr'>fidei</span> <span class='ocrx_word' id='word_1_130' title='bbox 846 1207 1020 1237; x_wconf 88' lang='lat' dir='ltr'>secundum</span> 
     </span>
     <span class='ocr_line' id='line_1_21' title="bbox 253 1259 1021 1299; baseline 0.001 -10"><span class='ocrx_word' id='word_1_131' title='bbox 253 1259 412 1299; x_wconf 82' lang='lat' dir='ltr'>propriam</span> <span class='ocrx_word' id='word_1_132' title='bbox 434 1259 647 1298; x_wconf 80' lang='lat' dir='ltr'>acceptionem</span> <span class='ocrx_word' id='word_1_133' title='bbox 671 1261 766 1298; x_wconf 87' lang='lat' dir='ltr'>prout</span> <span class='ocrx_word' id='word_1_134' title='bbox 791 1259 1021 1298; x_wconf 87' lang='lat' dir='ltr'>diciturobjec-</span> 
     </span>
     <span class='ocr_line' id='line_1_22' title="bbox 239 1304 1019 1351; baseline 0.001 -9"><span class='ocrx_word' id='word_1_135' title='bbox 239 1304 333 1348; x_wconf 78' lang='lat' dir='ltr'>tum,</span> <span class='ocrx_word' id='word_1_136' title='bbox 347 1311 431 1351; x_wconf 85' lang='lat' dir='ltr'>quod</span> <span class='ocrx_word' id='word_1_137' title='bbox 446 1311 541 1342; x_wconf 87' lang='lat' dir='ltr'>habet</span> <span class='ocrx_word' id='word_1_138' title='bbox 557 1311 711 1342; x_wconf 90' lang='lat' dir='ltr'>rationem</span> <span class='ocrx_word' id='word_1_139' title='bbox 726 1311 850 1349; x_wconf 84' lang='lat' dir='ltr'>motivi,</span> <span class='ocrx_word' id='word_1_140' title='bbox 863 1312 905 1342; x_wconf 90' lang='lat' dir='ltr'>sic</span> <span class='ocrx_word' id='word_1_141' title='bbox 915 1312 1019 1351; x_wconf 57' lang='grc'><strong>011100-</strong></span> 
     </span>
     <span class='ocr_line' id='line_1_23' title="bbox 252 1364 1021 1396; baseline 0.001 -1"><span class='ocrx_word' id='word_1_142' title='bbox 252 1367 321 1395; x_wconf 88' lang='lat' dir='ltr'>tum</span> <span class='ocrx_word' id='word_1_143' title='bbox 345 1365 417 1395; x_wconf 83' lang='lat' dir='ltr'>fidei</span> <span class='ocrx_word' id='word_1_144' title='bbox 444 1367 490 1395; x_wconf 89' lang='lat' dir='ltr'>est</span> <span class='ocrx_word' id='word_1_145' title='bbox 517 1373 631 1395; x_wconf 86' lang='lat' dir='ltr'>verum</span> <span class='ocrx_word' id='word_1_146' title='bbox 657 1364 845 1395; x_wconf 88' lang='lat' dir='ltr'>increatum.</span> <span class='ocrx_word' id='word_1_147' title='bbox 877 1365 914 1395; x_wconf 87' lang='lat' dir='ltr'>Et</span> <span class='ocrx_word' id='word_1_148' title='bbox 940 1366 1021 1396; x_wconf 91' lang='lat' dir='ltr'>sicut</span> 
     </span>
     <span class='ocr_line' id='line_1_24' title="bbox 253 1416 1020 1456; baseline 0.001 -9"><span class='ocrx_word' id='word_1_149' title='bbox 253 1417 409 1456; x_wconf 80' lang='lat' dir='ltr'>contingit</span> <span class='ocrx_word' id='word_1_150' title='bbox 423 1417 600 1455; x_wconf 81' lang='lat' dir='ltr'>intelligere</span> <span class='ocrx_word' id='word_1_151' title='bbox 615 1417 647 1446; x_wconf 93' lang='lat' dir='ltr'>in</span> <span class='ocrx_word' id='word_1_152' title='bbox 672 1416 760 1454; x_wconf 82' lang='lat' dir='ltr'>visu,</span> <span class='ocrx_word' id='word_1_153' title='bbox 778 1418 863 1456; x_wconf 87' lang='lat' dir='ltr'>quod</span> <span class='ocrx_word' id='word_1_154' title='bbox 879 1417 1020 1448; x_wconf 87' lang='lat' dir='ltr'>lucidum</span> 
     </span>
     <span class='ocr_line' id='line_1_25' title="bbox 251 1469 1019 1510; baseline 0 -10"><span class='ocrx_word' id='word_1_155' title='bbox 251 1470 416 1510; x_wconf 71' lang='lat' dir='ltr'>dupliciter</span> <span class='ocrx_word' id='word_1_156' title='bbox 438 1471 545 1500; x_wconf 89' lang='lat' dir='ltr'>movet</span> <span class='ocrx_word' id='word_1_157' title='bbox 569 1469 686 1507; x_wconf 76' lang='lat' dir='ltr'>visum,</span> <span class='ocrx_word' id='word_1_158' title='bbox 703 1469 753 1499; x_wconf 90' lang='lat' dir='ltr'>vel</span> <span class='ocrx_word' id='word_1_159' title='bbox 775 1471 870 1508; x_wconf 88' lang='lat' dir='ltr'>prout</span> <span class='ocrx_word' id='word_1_160' title='bbox 889 1472 934 1500; x_wconf 89' lang='lat' dir='ltr'>est</span> <span class='ocrx_word' id='word_1_161' title='bbox 949 1470 1019 1500; x_wconf 88' lang='lat' dir='ltr'>abs-</span> 
     </span>
     <span class='ocr_line' id='line_1_26' title="bbox 251 1523 1020 1562; baseline 0.003 -9"><span class='ocrx_word' id='word_1_162' title='bbox 251 1525 398 1560; x_wconf 85' lang='lat' dir='ltr'>tractum,</span> <span class='ocrx_word' id='word_1_163' title='bbox 414 1523 464 1553; x_wconf 90' lang='lat' dir='ltr'>vel</span> <span class='ocrx_word' id='word_1_164' title='bbox 478 1524 572 1562; x_wconf 87' lang='lat' dir='ltr'>prout</span> <span class='ocrx_word' id='word_1_165' title='bbox 586 1525 632 1553; x_wconf 88' lang='lat' dir='ltr'>est</span> <span class='ocrx_word' id='word_1_166' title='bbox 654 1525 788 1553; x_wconf 78' lang='lat' dir='ltr'>terrenae</span> <span class='ocrx_word' id='word_1_167' title='bbox 803 1523 944 1554; x_wconf 79' lang='lat' dir='ltr'>materiae</span> <span class='ocrx_word' id='word_1_168' title='bbox 969 1525 1020 1555; x_wconf 85' lang='lat' dir='ltr'>in-</span> 
     </span>
     <span class='ocr_line' id='line_1_27' title="bbox 251 1575 1018 1616; baseline 0 -10"><span class='ocrx_word' id='word_1_169' title='bbox 251 1577 467 1615; x_wconf 86' lang='lat' dir='ltr'>corporatum;</span> <span class='ocrx_word' id='word_1_170' title='bbox 485 1575 529 1605; x_wconf 91' lang='lat' dir='ltr'>sic</span> <span class='ocrx_word' id='word_1_171' title='bbox 548 1575 616 1615; x_wconf 88' lang='lat' dir='ltr'>ipsa</span> <span class='ocrx_word' id='word_1_172' title='bbox 631 1575 739 1605; x_wconf 87' lang='lat' dir='ltr'>divina</span> <span class='ocrx_word' id='word_1_173' title='bbox 754 1576 869 1606; x_wconf 75' lang='lat' dir='ltr'>veritas</span> <span class='ocrx_word' id='word_1_174' title='bbox 884 1576 1018 1616; x_wconf 90' lang='lat' dir='ltr'>duplici-</span> 
     </span>
     <span class='ocr_line' id='line_1_28' title="bbox 252 1628 1021 1668; baseline 0.001 -9"><span class='ocrx_word' id='word_1_175' title='bbox 252 1631 298 1659; x_wconf 89' lang='lat' dir='ltr'>ter</span> <span class='ocrx_word' id='word_1_176' title='bbox 313 1631 421 1659; x_wconf 89' lang='lat' dir='ltr'>movet</span> <span class='ocrx_word' id='word_1_177' title='bbox 434 1628 541 1668; x_wconf 86' lang='lat' dir='ltr'>ipsum</span> <span class='ocrx_word' id='word_1_178' title='bbox 561 1628 757 1658; x_wconf 88' lang='lat' dir='ltr'>intellectum</span> <span class='ocrx_word' id='word_1_179' title='bbox 776 1637 831 1668; x_wconf 89' lang='lat' dir='ltr'>per</span> <span class='ocrx_word' id='word_1_180' title='bbox 846 1629 940 1660; x_wconf 86' lang='lat' dir='ltr'>fidem</span> <span class='ocrx_word' id='word_1_181' title='bbox 952 1630 1021 1660; x_wconf 90' lang='lat' dir='ltr'>illu-</span> 
     </span>
     <span class='ocr_line' id='line_1_29' title="bbox 251 1681 1017 1722; baseline 0.001 -11"><span class='ocrx_word' id='word_1_182' title='bbox 251 1681 408 1712; x_wconf 88' lang='lat' dir='ltr'>minatum</span> <span class='ocrx_word' id='word_1_183' title='bbox 423 1691 430 1711; x_wconf 73' lang='grc' dir='ltr'>ε</span> <span class='ocrx_word' id='word_1_184' title='bbox 444 1681 493 1711; x_wconf 73' lang='lat' dir='ltr'>rel</span> <span class='ocrx_word' id='word_1_185' title='bbox 509 1690 618 1721; x_wconf 79' lang='lat' dir='ltr'>perse,</span> <span class='ocrx_word' id='word_1_186' title='bbox 636 1681 717 1711; x_wconf 86' lang='lat' dir='ltr'>sicut</span> <span class='ocrx_word' id='word_1_187' title='bbox 727 1681 759 1711; x_wconf 86' lang='lat' dir='ltr'>in</span> <span class='ocrx_word' id='word_1_188' title='bbox 776 1682 915 1712; x_wconf 82' lang='lat' dir='ltr'>articulis</span> <span class='ocrx_word' id='word_1_189' title='bbox 930 1691 1017 1722; x_wconf 82' lang='lat' dir='ltr'>spec-</span> 
     </span>
     <span class='ocr_line' id='line_1_30' title="bbox 250 1733 1020 1773; baseline 0.001 -9"><span class='ocrx_word' id='word_1_190' title='bbox 250 1734 389 1764; x_wconf 85' lang='lat' dir='ltr'>tantibus</span> <span class='ocrx_word' id='word_1_191' title='bbox 403 1734 442 1764; x_wconf 82' lang='lat' dir='ltr'>ad</span> <span class='ocrx_word' id='word_1_192' title='bbox 456 1734 561 1773; x_wconf 88' lang='lat' dir='ltr'>ipsum</span> <span class='ocrx_word' id='word_1_193' title='bbox 570 1734 669 1764; x_wconf 87' lang='lat' dir='ltr'>Deum</span> <span class='ocrx_word' id='word_1_194' title='bbox 683 1733 860 1764; x_wconf 84' lang='lat' dir='ltr'>secundum</span> <span class='ocrx_word' id='word_1_195' title='bbox 871 1734 1020 1765; x_wconf 87' lang='lat' dir='ltr'>divinita-</span> 
     </span>
     <span class='ocr_line' id='line_1_31' title="bbox 251 1787 1021 1825; baseline 0 -8"><span class='ocrx_word' id='word_1_196' title='bbox 251 1791 329 1824; x_wconf 84' lang='lat' dir='ltr'>tem;</span> <span class='ocrx_word' id='word_1_197' title='bbox 347 1787 396 1817; x_wconf 84' lang='lat' dir='ltr'>vel</span> <span class='ocrx_word' id='word_1_198' title='bbox 413 1789 448 1817; x_wconf 88' lang='lat' dir='ltr'>ut</span> <span class='ocrx_word' id='word_1_199' title='bbox 462 1789 508 1817; x_wconf 92' lang='lat' dir='ltr'>est</span> <span class='ocrx_word' id='word_1_200' title='bbox 525 1787 614 1817; x_wconf 88' lang='lat' dir='ltr'>unita</span> <span class='ocrx_word' id='word_1_201' title='bbox 628 1790 794 1825; x_wconf 82' lang='lat' dir='ltr'>creaturae,</span> <span class='ocrx_word' id='word_1_202' title='bbox 819 1787 899 1817; x_wconf 92' lang='lat' dir='ltr'>sicut</span> <span class='ocrx_word' id='word_1_203' title='bbox 912 1787 943 1817; x_wconf 91' lang='lat' dir='ltr'>in</span> <span class='ocrx_word' id='word_1_204' title='bbox 960 1787 1021 1817; x_wconf 85' lang='lat' dir='ltr'>illis</span> 
     </span>
     <span class='ocr_line' id='line_1_32' title="bbox 250 1839 1021 1880; baseline 0 -10"><span class='ocrx_word' id='word_1_205' title='bbox 250 1840 393 1870; x_wconf 85' lang='lat' dir='ltr'>articulis</span> <span class='ocrx_word' id='word_1_206' title='bbox 406 1839 648 1880; x_wconf 81' lang='lat' dir='ltr'>respicientibus</span> <span class='ocrx_word' id='word_1_207' title='bbox 676 1840 782 1879; x_wconf 84' lang='lat' dir='ltr'>ipsum</span> <span class='ocrx_word' id='word_1_208' title='bbox 800 1839 899 1870; x_wconf 88' lang='lat' dir='ltr'>Deum</span> <span class='ocrx_word' id='word_1_209' title='bbox 917 1839 949 1870; x_wconf 86' lang='lat' dir='ltr'>in</span> <span class='ocrx_word' id='word_1_210' title='bbox 964 1849 1021 1871; x_wconf 84' lang='lat' dir='ltr'>sua</span> 
     </span>
     <span class='ocr_line' id='line_1_33' title="bbox 250 1892 1020 1932; baseline 0 -9"><span class='ocrx_word' id='word_1_211' title='bbox 250 1893 447 1924; x_wconf 79' lang='lat' dir='ltr'>humanitate</span> <span class='ocrx_word' id='word_1_212' title='bbox 462 1894 640 1932; x_wconf 86' lang='lat' dir='ltr'>assumpta;</span> <span class='ocrx_word' id='word_1_213' title='bbox 663 1892 714 1923; x_wconf 87' lang='lat' dir='ltr'>vel</span> <span class='ocrx_word' id='word_1_214' title='bbox 733 1892 765 1922; x_wconf 93' lang='lat' dir='ltr'>in</span> <span class='ocrx_word' id='word_1_215' title='bbox 785 1892 965 1932; x_wconf 84' lang='lat' dir='ltr'>operatione</span> <span class='ocrx_word' id='word_1_216' title='bbox 981 1893 1020 1923; x_wconf 89' lang='lat' dir='ltr'>ab</span> 
     </span>
     <span class='ocr_line' id='line_1_34' title="bbox 250 1946 1021 1986; baseline 0 -10"><span class='ocrx_word' id='word_1_217' title='bbox 250 1946 317 1986; x_wconf 89' lang='lat' dir='ltr'>ipso</span> <span class='ocrx_word' id='word_1_218' title='bbox 328 1949 442 1984; x_wconf 82' lang='lat' dir='ltr'>creata,</span> <span class='ocrx_word' id='word_1_219' title='bbox 456 1946 535 1977; x_wconf 88' lang='lat' dir='ltr'>sicut</span> <span class='ocrx_word' id='word_1_220' title='bbox 548 1947 581 1976; x_wconf 90' lang='lat' dir='ltr'>in</span> <span class='ocrx_word' id='word_1_221' title='bbox 596 1946 766 1984; x_wconf 82' lang='lat' dir='ltr'>creatione,</span> <span class='ocrx_word' id='word_1_222' title='bbox 783 1946 981 1985; x_wconf 83' lang='lat' dir='ltr'>reparatione</span> <span class='ocrx_word' id='word_1_223' title='bbox 991 1948 1021 1976; x_wconf 92' lang='lat' dir='ltr'>et</span> 
     </span>
     <span class='ocr_line' id='line_1_35' title="bbox 251 1998 1020 2038; baseline 0 -9"><span class='ocrx_word' id='word_1_224' title='bbox 251 1999 490 2037; x_wconf 82' lang='lat' dir='ltr'>glorificatione.</span> <span class='ocrx_word' id='word_1_225' title='bbox 511 1999 754 2029; x_wconf 87' lang='lat' dir='ltr'>Concedcndum</span> <span class='ocrx_word' id='word_1_226' title='bbox 778 2008 855 2038; x_wconf 78' lang='lat' dir='ltr'>ergo</span> <span class='ocrx_word' id='word_1_227' title='bbox 877 1998 1020 2038; x_wconf 81' lang='lat' dir='ltr'>estquod</span> 
     </span>
     <span class='ocr_line' id='line_1_36' title="bbox 251 2051 1020 2093; baseline -0.001 -10"><span class='ocrx_word' id='word_1_228' title='bbox 251 2052 412 2092; x_wconf 84' lang='lat' dir='ltr'>objectum</span> <span class='ocrx_word' id='word_1_229' title='bbox 433 2053 506 2084; x_wconf 83' lang='lat' dir='ltr'>fidei</span> <span class='ocrx_word' id='word_1_230' title='bbox 521 2053 709 2093; x_wconf 89' lang='lat' dir='ltr'>proprium,</span> <span class='ocrx_word' id='word_1_231' title='bbox 735 2052 913 2083; x_wconf 86' lang='lat' dir='ltr'>secundum</span> <span class='ocrx_word' id='word_1_232' title='bbox 935 2051 1020 2091; x_wconf 84' lang='lat' dir='ltr'>quod</span> 
     </span>
     <span class='ocr_line' id='line_1_37' title="bbox 251 2105 1021 2142; baseline -0.001 -6"><span class='ocrx_word' id='word_1_233' title='bbox 251 2105 346 2136; x_wconf 87' lang='lat' dir='ltr'>habet</span> <span class='ocrx_word' id='word_1_234' title='bbox 366 2107 522 2137; x_wconf 83' lang='lat' dir='ltr'>rationem</span> <span class='ocrx_word' id='word_1_235' title='bbox 551 2106 676 2142; x_wconf 84' lang='lat' dir='ltr'>motivi,</span> <span class='ocrx_word' id='word_1_236' title='bbox 698 2107 745 2136; x_wconf 84' lang='lat' dir='ltr'>est</span> <span class='ocrx_word' id='word_1_237' title='bbox 761 2114 874 2136; x_wconf 79' lang='lat' dir='ltr'>verum</span> <span class='ocrx_word' id='word_1_238' title='bbox 900 2105 1021 2135; x_wconf 86' lang='lat' dir='ltr'>increa-</span> 
     </span>
     <span class='ocr_line' id='line_1_38' title="bbox 251 2158 1022 2198; baseline 0.001 -10"><span class='ocrx_word' id='word_1_239' title='bbox 251 2160 320 2189; x_wconf 88' lang='lat' dir='ltr'>tum</span> <span class='ocrx_word' id='word_1_240' title='bbox 338 2169 345 2189; x_wconf 87' lang='lat'>:</span> <span class='ocrx_word' id='word_1_241' title='bbox 366 2161 396 2190; x_wconf 90' lang='lat' dir='ltr'>et</span> <span class='ocrx_word' id='word_1_242' title='bbox 409 2159 484 2198; x_wconf 85' lang='lat' dir='ltr'>quia</span> <span class='ocrx_word' id='word_1_243' title='bbox 507 2159 566 2190; x_wconf 89' lang='lat' dir='ltr'>hoc</span> <span class='ocrx_word' id='word_1_244' title='bbox 589 2159 724 2198; x_wconf 89' lang='lat' dir='ltr'>probant</span> <span class='ocrx_word' id='word_1_245' title='bbox 749 2159 886 2189; x_wconf 87' lang='lat' dir='ltr'>rationes</span> <span class='ocrx_word' id='word_1_246' title='bbox 900 2158 938 2189; x_wconf 88' lang='lat' dir='ltr'>ad</span> <span class='ocrx_word' id='word_1_247' title='bbox 955 2159 1022 2198; x_wconf 86' lang='lat' dir='ltr'>pri-</span> 
     </span>
     <span class='ocr_line' id='line_1_39' title="bbox 251 2211 1021 2252; baseline 0 -10"><span class='ocrx_word' id='word_1_248' title='bbox 251 2221 337 2242; x_wconf 86' lang='lat' dir='ltr'>mam</span> <span class='ocrx_word' id='word_1_249' title='bbox 365 2215 487 2252; x_wconf 87' lang='lat' dir='ltr'>partem</span> <span class='ocrx_word' id='word_1_250' title='bbox 521 2212 658 2243; x_wconf 82' lang='lat' dir='ltr'>inductae</span> <span class='ocrx_word' id='word_1_251' title='bbox 673 2236 681 2250; x_wconf 87' lang='lat'>,</span> <span class='ocrx_word' id='word_1_252' title='bbox 717 2212 786 2242; x_wconf 92' lang='lat' dir='ltr'>ideo</span> <span class='ocrx_word' id='word_1_253' title='bbox 815 2211 1021 2242; x_wconf 68' lang='lat' dir='ltr'>concedendae</span> 
     </span>
     <span class='ocr_line' id='line_1_40' title="bbox 251 2266 335 2295; baseline 0 0"><span class='ocrx_word' id='word_1_254' title='bbox 251 2266 335 2295; x_wconf 86' lang='lat' dir='ltr'>sunt.</span> 
     </span>
    </p>

    <p class='ocr_par' dir='ltr' id='par_1_3' title="bbox 250 2317 1023 2675">
     <span class='ocr_line' id='line_1_41' title="bbox 292 2317 1021 2357; baseline 0 -9"><span class='ocrx_word' id='word_1_255' title='bbox 292 2319 321 2348; x_wconf 80' lang='lat'>1.</span> <span class='ocrx_word' id='word_1_256' title='bbox 336 2317 383 2348; x_wconf 81' lang='lat' dir='ltr'>Ad</span> <span class='ocrx_word' id='word_1_257' title='bbox 403 2317 481 2348; x_wconf 90' lang='lat' dir='ltr'>illud</span> <span class='ocrx_word' id='word_1_258' title='bbox 496 2317 600 2357; x_wconf 90' lang='lat' dir='ltr'>primo</span> <span class='ocrx_word' id='word_1_259' title='bbox 620 2317 703 2356; x_wconf 87' lang='lat' dir='ltr'>quod</span> <span class='ocrx_word' id='word_1_260' title='bbox 727 2317 874 2356; x_wconf 81' lang='lat' dir='ltr'>objicitur</span> <span class='ocrx_word' id='word_1_261' title='bbox 892 2317 925 2347; x_wconf 89' lang='lat' dir='ltr'>in</span> <span class='ocrx_word' id='word_1_262' title='bbox 946 2326 1021 2348; x_wconf 90' lang='lat' dir='ltr'>con-</span> 
     </span>
     <span class='ocr_line' id='line_1_42' title="bbox 250 2370 1023 2410; baseline 0 -10"><span class='ocrx_word' id='word_1_263' title='bbox 250 2370 384 2400; x_wconf 87' lang='lat' dir='ltr'>trarium</span> <span class='ocrx_word' id='word_1_264' title='bbox 395 2394 403 2408; x_wconf 83' lang='lat'><em>‚</em></span> <span class='ocrx_word' id='word_1_265' title='bbox 436 2370 520 2410; x_wconf 91' lang='lat' dir='ltr'>quod</span> <span class='ocrx_word' id='word_1_266' title='bbox 544 2370 673 2409; x_wconf 88' lang='lat' dir='ltr'>quidam</span> <span class='ocrx_word' id='word_1_267' title='bbox 701 2370 824 2400; x_wconf 88' lang='lat' dir='ltr'>articuli</span> <span class='ocrx_word' id='word_1_268' title='bbox 851 2370 1023 2410; x_wconf 80' lang='lat' dir='ltr'>respiciunt</span> 
     </span>
     <span class='ocr_line' id='line_1_43' title="bbox 250 2422 1020 2462; baseline -0.001 -9"><span class='ocrx_word' id='word_1_269' title='bbox 250 2422 494 2459; x_wconf 82' lang='lat' dir='ltr'>humanitatem,</span> <span class='ocrx_word' id='word_1_270' title='bbox 531 2423 612 2453; x_wconf 87' lang='lat' dir='ltr'>sicut</span> <span class='ocrx_word' id='word_1_271' title='bbox 646 2423 776 2462; x_wconf 88' lang='lat' dir='ltr'>quidam</span> <span class='ocrx_word' id='word_1_272' title='bbox 809 2423 1020 2461; x_wconf 87' lang='lat' dir='ltr'>divinitatem,</span> 
     </span>
     <span class='ocr_line' id='line_1_44' title="bbox 251 2475 1022 2515; baseline 0 -10"><span class='ocrx_word' id='word_1_273' title='bbox 251 2476 316 2515; x_wconf 86' lang='lat' dir='ltr'>jam</span> <span class='ocrx_word' id='word_1_274' title='bbox 345 2477 428 2515; x_wconf 87' lang='lat' dir='ltr'>patet</span> <span class='ocrx_word' id='word_1_275' title='bbox 445 2476 625 2515; x_wconf 88' lang='lat' dir='ltr'>responsio,</span> <span class='ocrx_word' id='word_1_276' title='bbox 656 2476 731 2515; x_wconf 87' lang='lat' dir='ltr'>quia</span> <span class='ocrx_word' id='word_1_277' title='bbox 753 2475 797 2505; x_wconf 91' lang='lat' dir='ltr'>illi</span> <span class='ocrx_word' id='word_1_278' title='bbox 819 2475 944 2506; x_wconf 90' lang='lat' dir='ltr'>articuli</span> <span class='ocrx_word' id='word_1_279' title='bbox 967 2475 1022 2514; x_wconf 90' lang='lat' dir='ltr'>qui</span> 
     </span>
     <span class='ocr_line' id='line_1_45' title="bbox 252 2527 1020 2565; baseline -0.001 -7"><span class='ocrx_word' id='word_1_280' title='bbox 252 2530 327 2558; x_wconf 90' lang='lat' dir='ltr'>sunt</span> <span class='ocrx_word' id='word_1_281' title='bbox 341 2528 378 2558; x_wconf 89' lang='lat' dir='ltr'>de</span> <span class='ocrx_word' id='word_1_282' title='bbox 393 2528 603 2565; x_wconf 85' lang='lat' dir='ltr'>humanitate,</span> <span class='ocrx_word' id='word_1_283' title='bbox 628 2529 659 2558; x_wconf 88' lang='lat' dir='ltr'>ct</span> <span class='ocrx_word' id='word_1_284' title='bbox 682 2528 763 2558; x_wconf 88' lang='lat' dir='ltr'>circa</span> <span class='ocrx_word' id='word_1_285' title='bbox 777 2527 1020 2564; x_wconf 85' lang='lat' dir='ltr'>humanitatem,</span> 
     </span>
     <span class='ocr_line' id='line_1_46' title="bbox 251 2581 1022 2622; baseline 0.003 -12"><span class='ocrx_word' id='word_1_286' title='bbox 251 2581 463 2612; x_wconf 67' lang='lat' dir='ltr'>enuncientur</span> <span class='ocrx_word' id='word_1_287' title='bbox 478 2581 517 2612; x_wconf 88' lang='lat' dir='ltr'>de</span> <span class='ocrx_word' id='word_1_288' title='bbox 536 2581 642 2612; x_wconf 84' lang='lat' dir='ltr'>divina</span> <span class='ocrx_word' id='word_1_289' title='bbox 665 2590 810 2621; x_wconf 84' lang='lat' dir='ltr'>persona,</span> <span class='ocrx_word' id='word_1_290' title='bbox 830 2581 912 2612; x_wconf 89' lang='lat' dir='ltr'>circa</span> <span class='ocrx_word' id='word_1_291' title='bbox 925 2591 1022 2622; x_wconf 88' lang='lat' dir='ltr'>quam</span> 
     </span>
     <span class='ocr_line' id='line_1_47' title="bbox 253 2634 1022 2675; baseline 0.003 -11"><span class='ocrx_word' id='word_1_292' title='bbox 253 2634 394 2664; x_wconf 84' lang='lat' dir='ltr'>consistit</span> <span class='ocrx_word' id='word_1_293' title='bbox 421 2634 538 2665; x_wconf 85' lang='lat' dir='ltr'>veritas</span> <span class='ocrx_word' id='word_1_294' title='bbox 562 2635 714 2671; x_wconf 85' lang='lat' dir='ltr'>increata;</span> <span class='ocrx_word' id='word_1_295' title='bbox 737 2635 768 2665; x_wconf 82' lang='lat' dir='ltr'>et</span> <span class='ocrx_word' id='word_1_296' title='bbox 793 2642 833 2665; x_wconf 85' lang='lat' dir='ltr'>ex</span> <span class='ocrx_word' id='word_1_297' title='bbox 860 2634 913 2665; x_wconf 83' lang='lat' dir='ltr'>illa</span> <span class='ocrx_word' id='word_1_298' title='bbox 935 2637 1022 2675; x_wconf 89' lang='lat' dir='ltr'>parte</span> 
     </span>
    </p>
   </div>
   <div class='ocr_carea' id='block_1_3' title="bbox 791 184 1268 216">
    <p class='ocr_par' dir='ltr' id='par_1_4' title="bbox 791 184 1268 216">
     <span class='ocr_line' id='line_1_48' title="bbox 791 184 1268 216; baseline 0.002 -1"><span class='ocrx_word' id='word_1_299' title='bbox 791 184 1097 215; x_wconf 79' lang='lat' dir='ltr'><strong>SENTENTIARUM</strong></span> <span class='ocrx_word' id='word_1_300' title='bbox 1120 185 1193 216; x_wconf 88' lang='lat' dir='ltr'><strong>LIB.</strong></span> <span class='ocrx_word' id='word_1_301' title='bbox 1217 186 1268 216; x_wconf 90' lang='lat' dir='ltr'>lll.</span> 
     </span>
    </p>
   </div>
   <div class='ocr_carea' id='block_1_4' title="bbox 1071 251 1846 2676">
    <p class='ocr_par' dir='ltr' id='par_1_5' title="bbox 1078 251 1846 708">
     <span class='ocr_line' id='line_1_49' title="bbox 1079 251 1842 293; baseline 0.005 -12"><span class='ocrx_word' id='word_1_302' title='bbox 1079 251 1173 282; x_wconf 86' lang='lat' dir='ltr'>habet</span> <span class='ocrx_word' id='word_1_303' title='bbox 1193 252 1348 282; x_wconf 88' lang='lat' dir='ltr'>rationem</span> <span class='ocrx_word' id='word_1_304' title='bbox 1371 253 1492 285; x_wconf 84' lang='lat' dir='ltr'>motivi.</span> <span class='ocrx_word' id='word_1_305' title='bbox 1513 254 1593 285; x_wconf 90' lang='lat' dir='ltr'>Nam</span> <span class='ocrx_word' id='word_1_306' title='bbox 1614 263 1655 284; x_wconf 79' lang='lat' dir='ltr'>ex</span> <span class='ocrx_word' id='word_1_307' title='bbox 1669 254 1722 284; x_wconf 88' lang='lat' dir='ltr'>illa</span> <span class='ocrx_word' id='word_1_308' title='bbox 1744 256 1842 293; x_wconf 83' lang='lat' dir='ltr'>parte.</span> 
     </span>
     <span class='ocr_line' id='line_1_50' title="bbox 1079 304 1844 344; baseline 0.004 -11"><span class='ocrx_word' id='word_1_309' title='bbox 1079 312 1143 343; x_wconf 84' lang='lat' dir='ltr'>qua</span> <span class='ocrx_word' id='word_1_310' title='bbox 1156 304 1329 334; x_wconf 86' lang='lat' dir='ltr'>consistunt</span> <span class='ocrx_word' id='word_1_311' title='bbox 1342 304 1424 336; x_wconf 79' lang='lat' dir='ltr'>circa</span> <span class='ocrx_word' id='word_1_312' title='bbox 1438 305 1603 337; x_wconf 86' lang='lat' dir='ltr'>veritatem</span> <span class='ocrx_word' id='word_1_313' title='bbox 1617 307 1769 344; x_wconf 83' lang='lat' dir='ltr'>creatam,</span> <span class='ocrx_word' id='word_1_314' title='bbox 1787 306 1844 336; x_wconf 89' lang='lat' dir='ltr'>ha-</span> 
     </span>
     <span class='ocr_line' id='line_1_51' title="bbox 1079 356 1844 390; baseline 0.003 -4"><span class='ocrx_word' id='word_1_315' title='bbox 1079 356 1266 387; x_wconf 77' lang='lat' dir='ltr'>bcntsolum</span> <span class='ocrx_word' id='word_1_316' title='bbox 1289 357 1442 388; x_wconf 84' lang='lat' dir='ltr'>rationem</span> <span class='ocrx_word' id='word_1_317' title='bbox 1465 359 1643 390; x_wconf 86' lang='lat' dir='ltr'>materialis.</span> <span class='ocrx_word' id='word_1_318' title='bbox 1663 358 1750 389; x_wconf 83' lang='lat' dir='ltr'>Unde</span> <span class='ocrx_word' id='word_1_319' title='bbox 1764 359 1844 389; x_wconf 87' lang='lat' dir='ltr'>sicut</span> 
     </span>
     <span class='ocr_line' id='line_1_52' title="bbox 1079 411 1845 449; baseline 0.005 -10"><span class='ocrx_word' id='word_1_320' title='bbox 1079 418 1145 440; x_wconf 89' lang='lat' dir='ltr'>una</span> <span class='ocrx_word' id='word_1_321' title='bbox 1159 412 1204 440; x_wconf 88' lang='lat' dir='ltr'>est</span> <span class='ocrx_word' id='word_1_322' title='bbox 1215 419 1347 449; x_wconf 82' lang='lat' dir='ltr'>persona</span> <span class='ocrx_word' id='word_1_323' title='bbox 1361 411 1393 441; x_wconf 92' lang='lat' dir='ltr'>in</span> <span class='ocrx_word' id='word_1_324' title='bbox 1404 411 1528 442; x_wconf 91' lang='lat' dir='ltr'>duabus</span> <span class='ocrx_word' id='word_1_325' title='bbox 1541 413 1671 449; x_wconf 84' lang='lat' dir='ltr'>naturis,</span> <span class='ocrx_word' id='word_1_326' title='bbox 1684 413 1787 443; x_wconf 87' lang='lat' dir='ltr'>creata</span> <span class='ocrx_word' id='word_1_327' title='bbox 1798 412 1845 443; x_wconf 87' lang='lat' dir='ltr'>vi-</span> 
     </span>
     <span class='ocr_line' id='line_1_53' title="bbox 1079 462 1843 503; baseline 0.005 -11"><span class='ocrx_word' id='word_1_328' title='bbox 1079 462 1199 501; x_wconf 89' lang='lat' dir='ltr'>delicet,</span> <span class='ocrx_word' id='word_1_329' title='bbox 1216 465 1247 493; x_wconf 84' lang='lat' dir='ltr'>et</span> <span class='ocrx_word' id='word_1_330' title='bbox 1263 463 1419 503; x_wconf 81' lang='lat' dir='ltr'>increata3</span> <span class='ocrx_word' id='word_1_331' title='bbox 1436 465 1480 495; x_wconf 90' lang='lat' dir='ltr'>sic</span> <span class='ocrx_word' id='word_1_332' title='bbox 1495 474 1560 495; x_wconf 91' lang='lat' dir='ltr'>una</span> <span class='ocrx_word' id='word_1_333' title='bbox 1577 467 1622 496; x_wconf 85' lang='lat' dir='ltr'>est</span> <span class='ocrx_word' id='word_1_334' title='bbox 1634 467 1752 497; x_wconf 88' lang='lat' dir='ltr'>veritas</span> <span class='ocrx_word' id='word_1_335' title='bbox 1775 474 1843 496; x_wconf 90' lang='lat' dir='ltr'>mo-</span> 
     </span>
     <span class='ocr_line' id='line_1_54' title="bbox 1079 517 1843 557; baseline 0.003 -11"><span class='ocrx_word' id='word_1_336' title='bbox 1079 524 1168 553; x_wconf 85' lang='lat' dir='ltr'>vens,</span> <span class='ocrx_word' id='word_1_337' title='bbox 1186 526 1259 556; x_wconf 75' lang='lat' dir='ltr'>quae</span> <span class='ocrx_word' id='word_1_338' title='bbox 1270 518 1354 547; x_wconf 87' lang='lat' dir='ltr'>tenet</span> <span class='ocrx_word' id='word_1_339' title='bbox 1368 518 1522 549; x_wconf 85' lang='lat' dir='ltr'>rationem</span> <span class='ocrx_word' id='word_1_340' title='bbox 1537 517 1662 557; x_wconf 78' lang='lat' dir='ltr'>obJecti,</span> <span class='ocrx_word' id='word_1_341' title='bbox 1673 518 1781 549; x_wconf 91' lang='lat' dir='ltr'>sivein</span> <span class='ocrx_word' id='word_1_342' title='bbox 1790 527 1843 548; x_wconf 87' lang='lat' dir='ltr'>ar-</span> 
     </span>
     <span class='ocr_line' id='line_1_55' title="bbox 1079 568 1846 609; baseline 0.001 -10"><span class='ocrx_word' id='word_1_343' title='bbox 1079 568 1182 599; x_wconf 86' lang='lat' dir='ltr'>ticulis</span> <span class='ocrx_word' id='word_1_344' title='bbox 1195 569 1251 609; x_wconf 88' lang='lat' dir='ltr'>qui</span> <span class='ocrx_word' id='word_1_345' title='bbox 1264 570 1434 609; x_wconf 84' lang='lat' dir='ltr'>respiciunt</span> <span class='ocrx_word' id='word_1_346' title='bbox 1450 570 1659 609; x_wconf 79' lang='lat' dir='ltr'>divinitatem,</span> <span class='ocrx_word' id='word_1_347' title='bbox 1669 571 1735 602; x_wconf 89' lang='lat' dir='ltr'>sive</span> <span class='ocrx_word' id='word_1_348' title='bbox 1749 571 1782 601; x_wconf 92' lang='lat' dir='ltr'>in</span> <span class='ocrx_word' id='word_1_349' title='bbox 1796 570 1846 601; x_wconf 88' lang='lat' dir='ltr'>his</span> 
     </span>
     <span class='ocr_line' id='line_1_56' title="bbox 1079 622 1845 663; baseline 0.003 -11"><span class='ocrx_word' id='word_1_350' title='bbox 1079 622 1134 661; x_wconf 86' lang='lat' dir='ltr'>qui</span> <span class='ocrx_word' id='word_1_351' title='bbox 1158 623 1331 662; x_wconf 86' lang='lat' dir='ltr'>respiciunt</span> <span class='ocrx_word' id='word_1_352' title='bbox 1348 622 1579 655; x_wconf 86' lang='lat' dir='ltr'>humanitatem</span> <span class='ocrx_word' id='word_1_353' title='bbox 1600 634 1608 654; x_wconf 73' lang='grc' dir='ltr'>ε</span> <span class='ocrx_word' id='word_1_354' title='bbox 1628 631 1701 663; x_wconf 83' lang='lat' dir='ltr'>quae</span> <span class='ocrx_word' id='word_1_355' title='bbox 1717 623 1845 663; x_wconf 79' lang='lat' dir='ltr'>quidem</span> 
     </span>
     <span class='ocr_line' id='line_1_57' title="bbox 1078 675 1414 708; baseline 0.009 -3"><span class='ocrx_word' id='word_1_356' title='bbox 1078 678 1124 706; x_wconf 89' lang='lat' dir='ltr'>est</span> <span class='ocrx_word' id='word_1_357' title='bbox 1138 675 1252 706; x_wconf 86' lang='lat' dir='ltr'>veritas</span> <span class='ocrx_word' id='word_1_358' title='bbox 1267 675 1414 708; x_wconf 86' lang='lat' dir='ltr'>increata.</span> 
     </span>
    </p>

    <p class='ocr_par' dir='ltr' id='par_1_6' title="bbox 1077 728 1845 1084">
     <span class='ocr_line' id='line_1_58' title="bbox 1118 728 1845 769; baseline 0.004 -11"><span class='ocrx_word' id='word_1_359' title='bbox 1118 730 1147 758; x_wconf 68' lang='grc' dir='ltr'>ΞΣ.</span> <span class='ocrx_word' id='word_1_360' title='bbox 1164 728 1212 759; x_wconf 86' lang='lat' dir='ltr'>Ad</span> <span class='ocrx_word' id='word_1_361' title='bbox 1228 728 1302 759; x_wconf 89' lang='lat' dir='ltr'>illud</span> <span class='ocrx_word' id='word_1_362' title='bbox 1318 729 1401 768; x_wconf 86' lang='lat' dir='ltr'>quod</span> <span class='ocrx_word' id='word_1_363' title='bbox 1419 729 1567 769; x_wconf 84' lang='lat' dir='ltr'>objicitur</span> <span class='ocrx_word' id='word_1_364' title='bbox 1578 753 1586 768; x_wconf 89' lang='lat'>,</span> <span class='ocrx_word' id='word_1_365' title='bbox 1603 728 1687 769; x_wconf 91' lang='lat' dir='ltr'>quod</span> <span class='ocrx_word' id='word_1_366' title='bbox 1702 729 1740 760; x_wconf 89' lang='lat' dir='ltr'>ad</span> <span class='ocrx_word' id='word_1_367' title='bbox 1756 731 1800 761; x_wconf 90' lang='lat' dir='ltr'>tot</span> <span class='ocrx_word' id='word_1_368' title='bbox 1812 739 1845 762; x_wconf 86' lang='lat' dir='ltr'>se</span> 
     </span>
     <span class='ocr_line' id='line_1_59' title="bbox 1078 782 1843 821; baseline 0.001 -9"><span class='ocrx_word' id='word_1_369' title='bbox 1078 782 1218 815; x_wconf 79' lang='lat' dir='ltr'>extendit</span> <span class='ocrx_word' id='word_1_370' title='bbox 1233 782 1318 818; x_wconf 79' lang='lat' dir='ltr'>tides,</span> <span class='ocrx_word' id='word_1_371' title='bbox 1341 782 1381 812; x_wconf 91' lang='lat' dir='ltr'>ad</span> <span class='ocrx_word' id='word_1_372' title='bbox 1405 785 1481 821; x_wconf 88' lang='lat' dir='ltr'>quot</span> <span class='ocrx_word' id='word_1_373' title='bbox 1495 791 1528 812; x_wconf 87' lang='lat' dir='ltr'>se</span> <span class='ocrx_word' id='word_1_374' title='bbox 1543 782 1684 813; x_wconf 77' lang='lat' dir='ltr'>extendit</span> <span class='ocrx_word' id='word_1_375' title='bbox 1697 782 1843 821; x_wconf 85' lang='lat' dir='ltr'>charitas,</span> 
     </span>
     <span class='ocr_line' id='line_1_60' title="bbox 1078 834 1844 874; baseline 0.003 -10"><span class='ocrx_word' id='word_1_376' title='bbox 1078 834 1245 865; x_wconf 88' lang='lat' dir='ltr'>dicendum</span> <span class='ocrx_word' id='word_1_377' title='bbox 1266 834 1348 874; x_wconf 86' lang='lat' dir='ltr'>quod</span> <span class='ocrx_word' id='word_1_378' title='bbox 1377 835 1433 865; x_wconf 88' lang='lat' dir='ltr'>etsi</span> <span class='ocrx_word' id='word_1_379' title='bbox 1454 834 1590 865; x_wconf 87' lang='lat' dir='ltr'>charitas</span> <span class='ocrx_word' id='word_1_380' title='bbox 1609 835 1754 866; x_wconf 87' lang='lat' dir='ltr'>videatur</span> <span class='ocrx_word' id='word_1_381' title='bbox 1778 844 1844 867; x_wconf 83' lang='lat' dir='ltr'>esse</span> 
     </span>
     <span class='ocr_line' id='line_1_61' title="bbox 1079 888 1844 919; baseline 0.003 -2"><span class='ocrx_word' id='word_1_382' title='bbox 1079 888 1162 918; x_wconf 89' lang='lat' dir='ltr'>circa</span> <span class='ocrx_word' id='word_1_383' title='bbox 1175 888 1295 918; x_wconf 88' lang='lat' dir='ltr'>bonum</span> <span class='ocrx_word' id='word_1_384' title='bbox 1311 889 1487 918; x_wconf 87' lang='lat' dir='ltr'>increatum</span> <span class='ocrx_word' id='word_1_385' title='bbox 1502 890 1532 918; x_wconf 90' lang='lat' dir='ltr'>et</span> <span class='ocrx_word' id='word_1_386' title='bbox 1549 889 1631 918; x_wconf 90' lang='lat' dir='ltr'>circa</span> <span class='ocrx_word' id='word_1_387' title='bbox 1645 888 1765 919; x_wconf 90' lang='lat' dir='ltr'>bonum</span> <span class='ocrx_word' id='word_1_388' title='bbox 1779 897 1844 919; x_wconf 86' lang='lat' dir='ltr'>cre-</span> 
     </span>
     <span class='ocr_line' id='line_1_62' title="bbox 1077 941 1841 981; baseline 0.003 -11"><span class='ocrx_word' id='word_1_389' title='bbox 1077 942 1177 978; x_wconf 87' lang='lat' dir='ltr'>atum,</span> <span class='ocrx_word' id='word_1_390' title='bbox 1205 943 1357 980; x_wconf 87' lang='lat' dir='ltr'>tanquam</span> <span class='ocrx_word' id='word_1_391' title='bbox 1377 941 1459 971; x_wconf 88' lang='lat' dir='ltr'>circa</span> <span class='ocrx_word' id='word_1_392' title='bbox 1478 942 1638 981; x_wconf 72' lang='lat' dir='ltr'>obiectum</span> <span class='ocrx_word' id='word_1_393' title='bbox 1665 942 1841 981; x_wconf 87' lang='lat' dir='ltr'>proprium,</span> 
     </span>
     <span class='ocr_line' id='line_1_63' title="bbox 1078 994 1844 1034; baseline 0.001 -11"><span class='ocrx_word' id='word_1_394' title='bbox 1078 995 1183 1024; x_wconf 86' lang='lat' dir='ltr'>tamen</span> <span class='ocrx_word' id='word_1_395' title='bbox 1200 994 1359 1033; x_wconf 69' lang='lat' dir='ltr'>obiectum</span> <span class='ocrx_word' id='word_1_396' title='bbox 1380 995 1448 1033; x_wconf 84' lang='lat' dir='ltr'>ejus</span> <span class='ocrx_word' id='word_1_397' title='bbox 1469 994 1644 1034; x_wconf 87' lang='lat' dir='ltr'>proprium,</span> <span class='ocrx_word' id='word_1_398' title='bbox 1661 994 1742 1024; x_wconf 88' lang='lat' dir='ltr'>sicut</span> <span class='ocrx_word' id='word_1_399' title='bbox 1763 994 1844 1025; x_wconf 83' lang='lat' dir='ltr'>infra</span> 
     </span>
     <span class='ocr_line' id='line_1_64' title="bbox 1078 1047 1841 1084; baseline 0.003 -8"><span class='ocrx_word' id='word_1_400' title='bbox 1078 1047 1307 1084; x_wconf 79' lang='lat' dir='ltr'>manifestatur,</span> <span class='ocrx_word' id='word_1_401' title='bbox 1318 1055 1383 1077; x_wconf 90' lang='lat' dir='ltr'>non</span> <span class='ocrx_word' id='word_1_402' title='bbox 1391 1048 1437 1077; x_wconf 89' lang='lat' dir='ltr'>est</span> <span class='ocrx_word' id='word_1_403' title='bbox 1446 1047 1505 1076; x_wconf 87' lang='lat' dir='ltr'>nisi</span> <span class='ocrx_word' id='word_1_404' title='bbox 1520 1047 1641 1078; x_wconf 89' lang='lat' dir='ltr'>bonum</span> <span class='ocrx_word' id='word_1_405' title='bbox 1654 1047 1841 1079; x_wconf 85' lang='lat' dir='ltr'>increatum.</span> 
     </span>
    </p>

    <p class='ocr_par' dir='ltr' id='par_1_7' title="bbox 1074 1099 1845 1871">
     <span class='ocr_line' id='line_1_65' title="bbox 1117 1099 1845 1140; baseline 0.003 -11"><span class='ocrx_word' id='word_1_406' title='bbox 1117 1101 1146 1130; x_wconf 89' lang='lat'>3.</span> <span class='ocrx_word' id='word_1_407' title='bbox 1164 1099 1211 1130; x_wconf 89' lang='lat' dir='ltr'>Ad</span> <span class='ocrx_word' id='word_1_408' title='bbox 1226 1099 1303 1130; x_wconf 89' lang='lat' dir='ltr'>illud</span> <span class='ocrx_word' id='word_1_409' title='bbox 1324 1099 1407 1140; x_wconf 89' lang='lat' dir='ltr'>quod</span> <span class='ocrx_word' id='word_1_410' title='bbox 1422 1100 1580 1139; x_wconf 87' lang='lat' dir='ltr'>objicitur,</span> <span class='ocrx_word' id='word_1_411' title='bbox 1595 1101 1681 1140; x_wconf 85' lang='lat' dir='ltr'>quod</span> <span class='ocrx_word' id='word_1_412' title='bbox 1699 1100 1776 1131; x_wconf 89' lang='lat' dir='ltr'>fides</span> <span class='ocrx_word' id='word_1_413' title='bbox 1799 1101 1845 1131; x_wconf 90' lang='lat' dir='ltr'>est</span> 
     </span>
     <span class='ocr_line' id='line_1_66' title="bbox 1077 1152 1844 1193; baseline 0.001 -10"><span class='ocrx_word' id='word_1_414' title='bbox 1077 1152 1115 1183; x_wconf 89' lang='lat' dir='ltr'>de</span> <span class='ocrx_word' id='word_1_415' title='bbox 1129 1161 1205 1183; x_wconf 90' lang='lat' dir='ltr'>vero</span> <span class='ocrx_word' id='word_1_416' title='bbox 1220 1153 1338 1190; x_wconf 84' lang='lat' dir='ltr'>futuro,</span> <span class='ocrx_word' id='word_1_417' title='bbox 1355 1154 1426 1190; x_wconf 61' lang='lat' dir='ltr'>etc„</span> <span class='ocrx_word' id='word_1_418' title='bbox 1446 1153 1614 1184; x_wconf 89' lang='lat' dir='ltr'>dicendum</span> <span class='ocrx_word' id='word_1_419' title='bbox 1631 1154 1717 1193; x_wconf 89' lang='lat' dir='ltr'>quod</span> <span class='ocrx_word' id='word_1_420' title='bbox 1737 1161 1844 1184; x_wconf 87' lang='lat' dir='ltr'>resur-</span> 
     </span>
     <span class='ocr_line' id='line_1_67' title="bbox 1076 1206 1844 1247; baseline 0 -11"><span class='ocrx_word' id='word_1_421' title='bbox 1076 1206 1172 1236; x_wconf 87' lang='lat' dir='ltr'>rectio</span> <span class='ocrx_word' id='word_1_422' title='bbox 1199 1207 1301 1236; x_wconf 87' lang='lat' dir='ltr'>carnis</span> <span class='ocrx_word' id='word_1_423' title='bbox 1318 1207 1426 1237; x_wconf 87' lang='lat' dir='ltr'>futura</span> <span class='ocrx_word' id='word_1_424' title='bbox 1442 1215 1507 1237; x_wconf 88' lang='lat' dir='ltr'>non</span> <span class='ocrx_word' id='word_1_425' title='bbox 1526 1209 1572 1237; x_wconf 91' lang='lat' dir='ltr'>est</span> <span class='ocrx_word' id='word_1_426' title='bbox 1593 1207 1752 1247; x_wconf 84' lang='lat' dir='ltr'>objectum</span> <span class='ocrx_word' id='word_1_427' title='bbox 1771 1206 1844 1237; x_wconf 85' lang='lat' dir='ltr'>fidei</span> 
     </span>
     <span class='ocr_line' id='line_1_68' title="bbox 1076 1259 1842 1299; baseline 0.001 -10"><span class='ocrx_word' id='word_1_428' title='bbox 1076 1259 1253 1299; x_wconf 86' lang='lat' dir='ltr'>proprium,</span> <span class='ocrx_word' id='word_1_429' title='bbox 1276 1259 1336 1289; x_wconf 85' lang='lat' dir='ltr'>nisi</span> <span class='ocrx_word' id='word_1_430' title='bbox 1356 1259 1389 1289; x_wconf 94' lang='lat' dir='ltr'>in</span> <span class='ocrx_word' id='word_1_431' title='bbox 1409 1261 1566 1298; x_wconf 89' lang='lat' dir='ltr'>quantum</span> <span class='ocrx_word' id='word_1_432' title='bbox 1587 1261 1790 1299; x_wconf 82' lang='lat' dir='ltr'>comparatur</span> <span class='ocrx_word' id='word_1_433' title='bbox 1803 1260 1842 1290; x_wconf 90' lang='lat' dir='ltr'>ad</span> 
     </span>
     <span class='ocr_line' id='line_1_69' title="bbox 1076 1313 1844 1353; baseline 0.001 -10"><span class='ocrx_word' id='word_1_434' title='bbox 1076 1313 1216 1343; x_wconf 88' lang='lat' dir='ltr'>divinam</span> <span class='ocrx_word' id='word_1_435' title='bbox 1233 1313 1385 1343; x_wconf 85' lang='lat' dir='ltr'>virtutem</span> <span class='ocrx_word' id='word_1_436' title='bbox 1400 1314 1430 1343; x_wconf 88' lang='lat' dir='ltr'>et</span> <span class='ocrx_word' id='word_1_437' title='bbox 1442 1313 1610 1351; x_wconf 65' lang='grc' dir='ltr'>ι1051111301,</span> <span class='ocrx_word' id='word_1_438' title='bbox 1627 1322 1698 1352; x_wconf 85' lang='lat' dir='ltr'>quae</span> <span class='ocrx_word' id='word_1_439' title='bbox 1713 1321 1844 1353; x_wconf 87' lang='lat' dir='ltr'>corpora</span> 
     </span>
     <span class='ocr_line' id='line_1_70' title="bbox 1076 1365 1844 1402; baseline 0.003 -7"><span class='ocrx_word' id='word_1_440' title='bbox 1076 1365 1283 1402; x_wconf 82' lang='lat' dir='ltr'>resuscitabit,</span> <span class='ocrx_word' id='word_1_441' title='bbox 1296 1367 1333 1395; x_wconf 91' lang='lat' dir='ltr'>ut</span> <span class='ocrx_word' id='word_1_442' title='bbox 1348 1365 1515 1396; x_wconf 85' lang='lat' dir='ltr'>retributio</span> <span class='ocrx_word' id='word_1_443' title='bbox 1524 1366 1579 1395; x_wconf 83' lang='lat' dir='ltr'>fiat</span> <span class='ocrx_word' id='word_1_444' title='bbox 1592 1365 1769 1396; x_wconf 85' lang='lat' dir='ltr'>secundum</span> <span class='ocrx_word' id='word_1_445' title='bbox 1780 1375 1844 1397; x_wconf 86' lang='lat' dir='ltr'>me-</span> 
     </span>
     <span class='ocr_line' id='line_1_71' title="bbox 1075 1417 1843 1458; baseline 0.001 -10"><span class='ocrx_word' id='word_1_446' title='bbox 1075 1418 1152 1455; x_wconf 85' lang='lat' dir='ltr'>rita;</span> <span class='ocrx_word' id='word_1_447' title='bbox 1182 1420 1212 1448; x_wconf 90' lang='lat' dir='ltr'>et</span> <span class='ocrx_word' id='word_1_448' title='bbox 1236 1418 1279 1447; x_wconf 89' lang='lat' dir='ltr'>sic</span> <span class='ocrx_word' id='word_1_449' title='bbox 1298 1418 1419 1448; x_wconf 86' lang='lat' dir='ltr'>ratione</span> <span class='ocrx_word' id='word_1_450' title='bbox 1432 1418 1515 1457; x_wconf 62' lang='lat' dir='ltr'>{veri</span> <span class='ocrx_word' id='word_1_451' title='bbox 1534 1418 1665 1448; x_wconf 88' lang='lat' dir='ltr'>increati</span> <span class='ocrx_word' id='word_1_452' title='bbox 1687 1417 1843 1458; x_wconf 87' lang='lat' dir='ltr'>implicari</span> 
     </span>
     <span class='ocr_line' id='line_1_72' title="bbox 1075 1470 1844 1510; baseline 0.003 -10"><span class='ocrx_word' id='word_1_453' title='bbox 1075 1470 1169 1500; x_wconf 85' lang='lat' dir='ltr'>habet</span> <span class='ocrx_word' id='word_1_454' title='bbox 1181 1471 1303 1501; x_wconf 83' lang='lat' dir='ltr'>ratione</span> <span class='ocrx_word' id='word_1_455' title='bbox 1318 1471 1431 1510; x_wconf 78' lang='lat' dir='ltr'>obJecti</span> <span class='ocrx_word' id='word_1_456' title='bbox 1454 1481 1461 1501; x_wconf 73' lang='grc' dir='ltr'><em>τ</em></span> <span class='ocrx_word' id='word_1_457' title='bbox 1482 1470 1566 1510; x_wconf 88' lang='lat' dir='ltr'>quod</span> <span class='ocrx_word' id='word_1_458' title='bbox 1585 1470 1714 1510; x_wconf 88' lang='lat' dir='ltr'>quidem</span> <span class='ocrx_word' id='word_1_459' title='bbox 1729 1479 1844 1502; x_wconf 86' lang='lat' dir='ltr'>verum</span> 
     </span>
     <span class='ocr_line' id='line_1_73' title="bbox 1075 1523 1844 1563; baseline 0.003 -10"><span class='ocrx_word' id='word_1_460' title='bbox 1075 1524 1262 1561; x_wconf 85' lang='lat' dir='ltr'>increatum,</span> <span class='ocrx_word' id='word_1_461' title='bbox 1292 1526 1447 1563; x_wconf 86' lang='lat' dir='ltr'>quantum</span> <span class='ocrx_word' id='word_1_462' title='bbox 1467 1526 1512 1554; x_wconf 89' lang='lat' dir='ltr'>est</span> <span class='ocrx_word' id='word_1_463' title='bbox 1527 1523 1565 1554; x_wconf 84' lang='lat' dir='ltr'>de</span> <span class='ocrx_word' id='word_1_464' title='bbox 1586 1532 1637 1562; x_wconf 87' lang='lat' dir='ltr'>se,</span> <span class='ocrx_word' id='word_1_465' title='bbox 1659 1524 1812 1555; x_wconf 88' lang='lat' dir='ltr'>abstrahit</span> <span class='ocrx_word' id='word_1_466' title='bbox 1825 1534 1844 1555; x_wconf 84' lang='lat' dir='ltr'>a</span> 
     </span>
     <span class='ocr_line' id='line_1_74' title="bbox 1074 1576 1844 1616; baseline 0.001 -9"><span class='ocrx_word' id='word_1_467' title='bbox 1074 1577 1196 1607; x_wconf 88' lang='lat' dir='ltr'>ratione</span> <span class='ocrx_word' id='word_1_468' title='bbox 1211 1576 1360 1616; x_wconf 83' lang='lat' dir='ltr'>praeteriti</span> <span class='ocrx_word' id='word_1_469' title='bbox 1375 1578 1405 1607; x_wconf 84' lang='lat' dir='ltr'>et</span> <span class='ocrx_word' id='word_1_470' title='bbox 1420 1577 1530 1613; x_wconf 84' lang='lat' dir='ltr'>futuri,</span> <span class='ocrx_word' id='word_1_471' title='bbox 1541 1576 1613 1607; x_wconf 87' lang='lat' dir='ltr'>licet</span> <span class='ocrx_word' id='word_1_472' title='bbox 1627 1577 1799 1616; x_wconf 86' lang='lat' dir='ltr'>praeteritio</span> <span class='ocrx_word' id='word_1_473' title='bbox 1813 1579 1844 1608; x_wconf 87' lang='lat' dir='ltr'>et</span> 
     </span>
     <span class='ocr_line' id='line_1_75' title="bbox 1075 1629 1840 1669; baseline 0 -9"><span class='ocrx_word' id='word_1_474' title='bbox 1075 1630 1219 1660; x_wconf 86' lang='lat' dir='ltr'>futuritio</span> <span class='ocrx_word' id='word_1_475' title='bbox 1242 1632 1369 1660; x_wconf 84' lang='lat' dir='ltr'>notetur</span> <span class='ocrx_word' id='word_1_476' title='bbox 1391 1629 1474 1660; x_wconf 84' lang='lat' dir='ltr'>circa</span> <span class='ocrx_word' id='word_1_477' title='bbox 1492 1630 1562 1669; x_wconf 85' lang='lat' dir='ltr'>ejus</span> <span class='ocrx_word' id='word_1_478' title='bbox 1583 1629 1742 1668; x_wconf 83' lang='lat' dir='ltr'>effectum,</span> <span class='ocrx_word' id='word_1_479' title='bbox 1773 1630 1840 1669; x_wconf 83' lang='lat' dir='ltr'>qui,</span> 
     </span>
     <span class='ocr_line' id='line_1_76' title="bbox 1074 1682 1842 1722; baseline 0.001 -9"><span class='ocrx_word' id='word_1_480' title='bbox 1074 1684 1232 1722; x_wconf 86' lang='lat' dir='ltr'>quantum</span> <span class='ocrx_word' id='word_1_481' title='bbox 1256 1684 1301 1713; x_wconf 90' lang='lat' dir='ltr'>est</span> <span class='ocrx_word' id='word_1_482' title='bbox 1321 1683 1358 1713; x_wconf 90' lang='lat' dir='ltr'>de</span> <span class='ocrx_word' id='word_1_483' title='bbox 1374 1691 1418 1721; x_wconf 87' lang='lat' dir='ltr'>se,</span> <span class='ocrx_word' id='word_1_484' title='bbox 1446 1682 1541 1713; x_wconf 87' lang='lat' dir='ltr'>habet</span> <span class='ocrx_word' id='word_1_485' title='bbox 1564 1682 1668 1713; x_wconf 90' lang='lat' dir='ltr'>solum</span> <span class='ocrx_word' id='word_1_486' title='bbox 1688 1682 1842 1714; x_wconf 87' lang='lat' dir='ltr'>rationem</span> 
     </span>
     <span class='ocr_line' id='line_1_77' title="bbox 1075 1735 1843 1774; baseline 0 -8"><span class='ocrx_word' id='word_1_487' title='bbox 1075 1735 1245 1766; x_wconf 87' lang='lat' dir='ltr'>materialis</span> <span class='ocrx_word' id='word_1_488' title='bbox 1267 1735 1300 1765; x_wconf 88' lang='lat' dir='ltr'>in</span> <span class='ocrx_word' id='word_1_489' title='bbox 1324 1735 1558 1774; x_wconf 82' lang='lat' dir='ltr'>comparatione</span> <span class='ocrx_word' id='word_1_490' title='bbox 1585 1735 1625 1765; x_wconf 89' lang='lat' dir='ltr'>ad</span> <span class='ocrx_word' id='word_1_491' title='bbox 1654 1735 1727 1766; x_wconf 88' lang='lat' dir='ltr'>fidei</span> <span class='ocrx_word' id='word_1_492' title='bbox 1741 1744 1843 1767; x_wconf 88' lang='lat' dir='ltr'>assen-</span> 
     </span>
     <span class='ocr_line' id='line_1_78' title="bbox 1075 1787 1843 1827; baseline 0 -8"><span class='ocrx_word' id='word_1_493' title='bbox 1075 1797 1157 1825; x_wconf 90' lang='lat' dir='ltr'>sum,</span> <span class='ocrx_word' id='word_1_494' title='bbox 1174 1788 1349 1819; x_wconf 84' lang='lat' dir='ltr'>secundum</span> <span class='ocrx_word' id='word_1_495' title='bbox 1363 1787 1447 1827; x_wconf 88' lang='lat' dir='ltr'>quod</span> <span class='ocrx_word' id='word_1_496' title='bbox 1462 1787 1496 1818; x_wconf 91' lang='lat' dir='ltr'>in</span> <span class='ocrx_word' id='word_1_497' title='bbox 1519 1787 1769 1827; x_wconf 75' lang='lat' dir='ltr'>praecedentibus</span> <span class='ocrx_word' id='word_1_498' title='bbox 1783 1789 1843 1819; x_wconf 88' lang='lat' dir='ltr'>fuit</span> 
     </span>
     <span class='ocr_line' id='line_1_79' title="bbox 1074 1842 1203 1871; baseline 0 0"><span class='ocrx_word' id='word_1_499' title='bbox 1074 1842 1203 1871; x_wconf 88' lang='lat' dir='ltr'>tactum.</span> 
     </span>
    </p>

    <p class='ocr_par' dir='ltr' id='par_1_8' title="bbox 1071 1893 1844 2676">
     <span class='ocr_line' id='line_1_80' title="bbox 1114 1893 1843 1934; baseline 0.001 -10"><span class='ocrx_word' id='word_1_500' title='bbox 1114 1897 1144 1925; x_wconf 71' lang='lat'>4.</span> <span class='ocrx_word' id='word_1_501' title='bbox 1161 1894 1206 1924; x_wconf 88' lang='lat' dir='ltr'>Ad</span> <span class='ocrx_word' id='word_1_502' title='bbox 1223 1893 1301 1924; x_wconf 89' lang='lat' dir='ltr'>illud</span> <span class='ocrx_word' id='word_1_503' title='bbox 1313 1893 1397 1933; x_wconf 89' lang='lat' dir='ltr'>quod</span> <span class='ocrx_word' id='word_1_504' title='bbox 1405 1894 1564 1933; x_wconf 86' lang='lat' dir='ltr'>objicitur,</span> <span class='ocrx_word' id='word_1_505' title='bbox 1573 1894 1659 1934; x_wconf 82' lang='lat' dir='ltr'>quod</span> <span class='ocrx_word' id='word_1_506' title='bbox 1674 1893 1843 1925; x_wconf 61' lang='lat' dir='ltr'>haereticus</span> 
     </span>
     <span class='ocr_line' id='line_1_81' title="bbox 1071 1947 1843 1988; baseline 0.003 -11"><span class='ocrx_word' id='word_1_507' title='bbox 1071 1947 1278 1987; x_wconf 86' lang='lat' dir='ltr'>judicaretur,</span> <span class='ocrx_word' id='word_1_508' title='bbox 1301 1947 1356 1986; x_wconf 92' lang='lat' dir='ltr'>qui</span> <span class='ocrx_word' id='word_1_509' title='bbox 1380 1947 1583 1987; x_wconf 88' lang='lat' dir='ltr'>pertinaciter</span> <span class='ocrx_word' id='word_1_510' title='bbox 1609 1950 1744 1986; x_wconf 83' lang='lat' dir='ltr'>negaret</span> <span class='ocrx_word' id='word_1_511' title='bbox 1770 1956 1843 1988; x_wconf 84' lang='lat' dir='ltr'>quae</span> 
     </span>
     <span class='ocr_line' id='line_1_82' title="bbox 1075 1999 1843 2039; baseline 0.001 -9"><span class='ocrx_word' id='word_1_512' title='bbox 1075 2000 1109 2030; x_wconf 91' lang='lat' dir='ltr'>in</span> <span class='ocrx_word' id='word_1_513' title='bbox 1131 2008 1218 2030; x_wconf 82' lang='lat' dir='ltr'>sacra</span> <span class='ocrx_word' id='word_1_514' title='bbox 1252 1999 1415 2039; x_wconf 85' lang='lat' dir='ltr'>Scriptura</span> <span class='ocrx_word' id='word_1_515' title='bbox 1448 1999 1648 2038; x_wconf 85' lang='lat' dir='ltr'>scribuntur,</span> <span class='ocrx_word' id='word_1_516' title='bbox 1675 2000 1843 2031; x_wconf 86' lang='lat' dir='ltr'>dicendum</span> 
     </span>
     <span class='ocr_line' id='line_1_83' title="bbox 1076 2052 1843 2093; baseline 0.001 -10"><span class='ocrx_word' id='word_1_517' title='bbox 1076 2053 1161 2092; x_wconf 86' lang='lat' dir='ltr'>quod</span> <span class='ocrx_word' id='word_1_518' title='bbox 1186 2061 1251 2083; x_wconf 91' lang='lat' dir='ltr'>non</span> <span class='ocrx_word' id='word_1_519' title='bbox 1279 2054 1325 2083; x_wconf 86' lang='lat' dir='ltr'>est</span> <span class='ocrx_word' id='word_1_520' title='bbox 1348 2052 1423 2092; x_wconf 86' lang='lat' dir='ltr'>quia</span> <span class='ocrx_word' id='word_1_521' title='bbox 1449 2053 1568 2090; x_wconf 87' lang='lat' dir='ltr'>omnia,</span> <span class='ocrx_word' id='word_1_522' title='bbox 1596 2061 1670 2093; x_wconf 82' lang='lat' dir='ltr'>quae</span> <span class='ocrx_word' id='word_1_523' title='bbox 1693 2053 1728 2084; x_wconf 92' lang='lat' dir='ltr'>in</span> <span class='ocrx_word' id='word_1_524' title='bbox 1755 2062 1843 2084; x_wconf 86' lang='lat' dir='ltr'>sacra</span> 
     </span>
     <span class='ocr_line' id='line_1_84' title="bbox 1076 2105 1844 2146; baseline 0.001 -10"><span class='ocrx_word' id='word_1_525' title='bbox 1076 2105 1236 2146; x_wconf 86' lang='lat' dir='ltr'>Scriptura</span> <span class='ocrx_word' id='word_1_526' title='bbox 1257 2105 1469 2144; x_wconf 78' lang='lat' dir='ltr'>continentur,</span> <span class='ocrx_word' id='word_1_527' title='bbox 1487 2108 1613 2136; x_wconf 86' lang='lat' dir='ltr'>teneant</span> <span class='ocrx_word' id='word_1_528' title='bbox 1623 2106 1779 2137; x_wconf 87' lang='lat' dir='ltr'>rationem</span> <span class='ocrx_word' id='word_1_529' title='bbox 1791 2106 1844 2137; x_wconf 85' lang='lat' dir='ltr'>ob-</span> 
     </span>
     <span class='ocr_line' id='line_1_85' title="bbox 1072 2158 1840 2198; baseline 0.003 -10"><span class='ocrx_word' id='word_1_530' title='bbox 1072 2159 1147 2198; x_wconf 83' lang='lat' dir='ltr'>jecti</span> <span class='ocrx_word' id='word_1_531' title='bbox 1162 2158 1281 2198; x_wconf 86' lang='lat' dir='ltr'>proprii</span> <span class='ocrx_word' id='word_1_532' title='bbox 1295 2160 1325 2189; x_wconf 88' lang='lat' dir='ltr'>et</span> <span class='ocrx_word' id='word_1_533' title='bbox 1339 2158 1450 2189; x_wconf 91' lang='lat' dir='ltr'>motivi</span> <span class='ocrx_word' id='word_1_534' title='bbox 1468 2160 1612 2198; x_wconf 89' lang='lat' dir='ltr'>respectu</span> <span class='ocrx_word' id='word_1_535' title='bbox 1631 2158 1731 2198; x_wconf 90' lang='lat' dir='ltr'>ipsius</span> <span class='ocrx_word' id='word_1_536' title='bbox 1744 2159 1816 2190; x_wconf 83' lang='lat' dir='ltr'>fidei</span> <span class='ocrx_word' id='word_1_537' title='bbox 1832 2170 1840 2196; x_wconf 78' lang='lat'><em>3</em></span> 
     </span>
     <span class='ocr_line' id='line_1_86' title="bbox 1076 2211 1840 2251; baseline 0.001 -10"><span class='ocrx_word' id='word_1_538' title='bbox 1076 2211 1130 2241; x_wconf 88' lang='lat' dir='ltr'>sed</span> <span class='ocrx_word' id='word_1_539' title='bbox 1146 2211 1205 2241; x_wconf 91' lang='lat' dir='ltr'>hoc</span> <span class='ocrx_word' id='word_1_540' title='bbox 1218 2213 1275 2248; x_wconf 84' lang='lat' dir='ltr'>est,</span> <span class='ocrx_word' id='word_1_541' title='bbox 1291 2211 1367 2250; x_wconf 85' lang='lat' dir='ltr'>quia</span> <span class='ocrx_word' id='word_1_542' title='bbox 1383 2213 1621 2250; x_wconf 85' lang='lat' dir='ltr'>consequuntur</span> <span class='ocrx_word' id='word_1_543' title='bbox 1633 2211 1672 2242; x_wconf 86' lang='lat' dir='ltr'>ad</span> <span class='ocrx_word' id='word_1_544' title='bbox 1690 2212 1760 2251; x_wconf 84' lang='lat' dir='ltr'>ejus</span> <span class='ocrx_word' id='word_1_545' title='bbox 1784 2211 1840 2242; x_wconf 88' lang='lat' dir='ltr'>oh-</span> 
     </span>
     <span class='ocr_line' id='line_1_87' title="bbox 1073 2264 1842 2304; baseline 0.003 -10"><span class='ocrx_word' id='word_1_546' title='bbox 1073 2266 1194 2304; x_wconf 81' lang='lat' dir='ltr'>jectum</span> <span class='ocrx_word' id='word_1_547' title='bbox 1206 2264 1382 2304; x_wconf 88' lang='lat' dir='ltr'>proprium.</span> <span class='ocrx_word' id='word_1_548' title='bbox 1398 2264 1478 2301; x_wconf 84' lang='lat' dir='ltr'>Quia</span> <span class='ocrx_word' id='word_1_549' title='bbox 1492 2265 1578 2295; x_wconf 90' lang='lat' dir='ltr'>enim</span> <span class='ocrx_word' id='word_1_550' title='bbox 1586 2264 1842 2304; x_wconf 86' lang='lat' dir='ltr'>sacraScriptura</span> 
     </span>
     <span class='ocr_line' id='line_1_88' title="bbox 1077 2317 1842 2358; baseline 0 -10"><span class='ocrx_word' id='word_1_551' title='bbox 1077 2319 1122 2348; x_wconf 86' lang='lat' dir='ltr'>est</span> <span class='ocrx_word' id='word_1_552' title='bbox 1139 2318 1220 2349; x_wconf 86' lang='lat' dir='ltr'>edita</span> <span class='ocrx_word' id='word_1_553' title='bbox 1239 2318 1278 2347; x_wconf 88' lang='lat' dir='ltr'>ab</span> <span class='ocrx_word' id='word_1_554' title='bbox 1293 2318 1362 2357; x_wconf 86' lang='lat' dir='ltr'>ipsa</span> <span class='ocrx_word' id='word_1_555' title='bbox 1375 2317 1512 2349; x_wconf 84' lang='lat' dir='ltr'>Vcritate</span> <span class='ocrx_word' id='word_1_556' title='bbox 1532 2318 1680 2357; x_wconf 85' lang='lat' dir='ltr'>increata,</span> <span class='ocrx_word' id='word_1_557' title='bbox 1696 2319 1727 2348; x_wconf 90' lang='lat' dir='ltr'>et</span> <span class='ocrx_word' id='word_1_558' title='bbox 1741 2327 1760 2348; x_wconf 90' lang='lat' dir='ltr'>a</span> <span class='ocrx_word' id='word_1_559' title='bbox 1771 2317 1842 2358; x_wconf 90' lang='lat' dir='ltr'>Spi-</span> 
     </span>
     <span class='ocr_line' id='line_1_89' title="bbox 1076 2370 1842 2412; baseline -0.001 -10"><span class='ocrx_word' id='word_1_560' title='bbox 1076 2371 1140 2402; x_wconf 89' lang='lat' dir='ltr'>ritu</span> <span class='ocrx_word' id='word_1_561' title='bbox 1163 2373 1269 2402; x_wconf 82' lang='lat' dir='ltr'>sancto</span> <span class='ocrx_word' id='word_1_562' title='bbox 1281 2395 1289 2408; x_wconf 81' lang='lat'>‚</span> <span class='ocrx_word' id='word_1_563' title='bbox 1306 2371 1362 2411; x_wconf 89' lang='lat' dir='ltr'>qui</span> <span class='ocrx_word' id='word_1_564' title='bbox 1380 2372 1604 2402; x_wconf 83' lang='lat' dir='ltr'>contradiceret</span> <span class='ocrx_word' id='word_1_565' title='bbox 1626 2379 1723 2402; x_wconf 83' lang='lat' dir='ltr'>sacrae</span> <span class='ocrx_word' id='word_1_566' title='bbox 1737 2370 1842 2412; x_wconf 89' lang='lat' dir='ltr'>Scrip-</span> 
     </span>
     <span class='ocr_line' id='line_1_90' title="bbox 1077 2424 1843 2463; baseline -0.001 -7"><span class='ocrx_word' id='word_1_567' title='bbox 1077 2427 1170 2463; x_wconf 79' lang='lat' dir='ltr'>turae,</span> <span class='ocrx_word' id='word_1_568' title='bbox 1199 2424 1425 2455; x_wconf 88' lang='lat' dir='ltr'>contradiceret</span> <span class='ocrx_word' id='word_1_569' title='bbox 1452 2424 1496 2461; x_wconf 90' lang='lat' dir='ltr'>ei,</span> <span class='ocrx_word' id='word_1_570' title='bbox 1521 2424 1574 2454; x_wconf 87' lang='lat' dir='ltr'>cui</span> <span class='ocrx_word' id='word_1_571' title='bbox 1607 2424 1685 2454; x_wconf 86' lang='lat' dir='ltr'>fides</span> <span class='ocrx_word' id='word_1_572' title='bbox 1713 2424 1843 2456; x_wconf 87' lang='lat' dir='ltr'>assentit</span> 
     </span>
     <span class='ocr_line' id='line_1_91' title="bbox 1077 2476 1842 2517; baseline 0.001 -9"><span class='ocrx_word' id='word_1_573' title='bbox 1077 2478 1204 2517; x_wconf 86' lang='lat' dir='ltr'>propter</span> <span class='ocrx_word' id='word_1_574' title='bbox 1214 2486 1257 2513; x_wconf 84' lang='lat' dir='ltr'>se,</span> <span class='ocrx_word' id='word_1_575' title='bbox 1271 2476 1417 2507; x_wconf 87' lang='lat' dir='ltr'>videlicet</span> <span class='ocrx_word' id='word_1_576' title='bbox 1431 2476 1489 2516; x_wconf 90' lang='lat' dir='ltr'>ipsi</span> <span class='ocrx_word' id='word_1_577' title='bbox 1504 2484 1639 2508; x_wconf 82' lang='lat' dir='ltr'>summae</span> <span class='ocrx_word' id='word_1_578' title='bbox 1653 2476 1792 2508; x_wconf 87' lang='lat' dir='ltr'>Veritati.</span> <span class='ocrx_word' id='word_1_579' title='bbox 1804 2477 1842 2509; x_wconf 85' lang='lat' dir='ltr'>Et</span> 
     </span>
     <span class='ocr_line' id='line_1_92' title="bbox 1077 2529 1842 2569; baseline 0.003 -9"><span class='ocrx_word' id='word_1_580' title='bbox 1077 2530 1147 2561; x_wconf 91' lang='lat' dir='ltr'>ideo</span> <span class='ocrx_word' id='word_1_581' title='bbox 1162 2539 1200 2560; x_wconf 84' lang='lat' dir='ltr'>ex</span> <span class='ocrx_word' id='word_1_582' title='bbox 1220 2529 1280 2560; x_wconf 90' lang='lat' dir='ltr'>hoc</span> <span class='ocrx_word' id='word_1_583' title='bbox 1294 2538 1359 2559; x_wconf 92' lang='lat' dir='ltr'>non</span> <span class='ocrx_word' id='word_1_584' title='bbox 1373 2531 1473 2568; x_wconf 87' lang='lat' dir='ltr'>potest</span> <span class='ocrx_word' id='word_1_585' title='bbox 1487 2529 1642 2568; x_wconf 87' lang='lat' dir='ltr'>concludi,</span> <span class='ocrx_word' id='word_1_586' title='bbox 1656 2530 1742 2569; x_wconf 85' lang='lat' dir='ltr'>quod</span> <span class='ocrx_word' id='word_1_587' title='bbox 1766 2530 1842 2562; x_wconf 85' lang='lat' dir='ltr'>fides</span> 
     </span>
     <span class='ocr_line' id='line_1_93' title="bbox 1077 2582 1843 2614; baseline 0.001 -1"><span class='ocrx_word' id='word_1_588' title='bbox 1077 2582 1159 2613; x_wconf 85' lang='lat' dir='ltr'>circa</span> <span class='ocrx_word' id='word_1_589' title='bbox 1182 2590 1295 2613; x_wconf 70' lang='lat' dir='ltr'>verum</span> <span class='ocrx_word' id='word_1_590' title='bbox 1316 2584 1457 2613; x_wconf 88' lang='lat' dir='ltr'>creatum</span> <span class='ocrx_word' id='word_1_591' title='bbox 1486 2582 1600 2614; x_wconf 87' lang='lat' dir='ltr'>habeat</span> <span class='ocrx_word' id='word_1_592' title='bbox 1619 2582 1739 2614; x_wconf 81' lang='lat' dir='ltr'>versari</span> <span class='ocrx_word' id='word_1_593' title='bbox 1761 2582 1843 2614; x_wconf 82' lang='lat' dir='ltr'>sicut</span> 
     </span>
     <span class='ocr_line' id='line_1_94' title="bbox 1076 2635 1520 2676; baseline 0 -10"><span class='ocrx_word' id='word_1_594' title='bbox 1076 2635 1157 2667; x_wconf 87' lang='lat' dir='ltr'>circa</span> <span class='ocrx_word' id='word_1_595' title='bbox 1170 2635 1328 2676; x_wconf 75' lang='lat' dir='ltr'>obJectum</span> <span class='ocrx_word' id='word_1_596' title='bbox 1344 2635 1520 2676; x_wconf 85' lang='lat' dir='ltr'>proprium.</span> 
     </span>
    </p>
   </div>
  </div>
 </body>
</html>
