2017 2960
624 200 813 232 DlSTlNCT.
840 200 889 231 lx.
914 200 1004 232 ART.
1031 200 1066 231 [1.
1091 198 1241 237 QUAEST.
1265 199 1317 230 ΙΙΙ.

167 271 271 310 magis
287 278 448 300 summam
469 270 667 309 majestatem
680 281 686 307 ;
706 278 764 300 nec
778 277 866 309 spes,
882 268 943 299 hoc

166 325 287 355 constat
303 334 310 354 z
326 332 415 362 ergo,
431 324 490 353 ete.

441 437 668 470 CONCLUSIO.

166 530 262 557 Latria
275 531 312 556 est
326 530 413 556 virtus
426 529 586 563 cardinalis,
599 529 783 563 adjustitiam
794 531 944 564 pertinens,

203 582 261 600 cum
281 581 334 600 non
353 573 429 600 modo
453 575 624 604 interiorem,
652 573 699 600 sed
718 575 877 601 exteriorem
898 575 947 601 Dei

207 619 309 646 cultum
324 618 399 645 dicat
411 639 418 651 ,
440 618 514 653 cujus
526 619 668 653 proprium
685 626 766 652 qenus
780 620 817 645 est
838 619 945 653 religio.

208 699 299 739 Resp.
318 699 358 729 ad
373 706 443 737 arg.
460 698 508 729 Ad
522 698 747 738 praedictorum
763 698 947 738 intelligen-

167 753 245 783 tiam
267 754 313 783 est
328 752 521 790 notandum,
539 752 625 792 quod
642 752 714 782 licet
727 752 820 782 latria
838 752 945 783 notifi-

167 809 256 838 cetur
278 815 334 846 per
357 805 498 842 cultum,
518 806 585 836 sive
608 815 663 845 per
686 805 890 844 servitutem,
912 808 948 836 ut

166 860 289 891 dicatur
309 859 403 890 latria
422 868 489 889 esse
508 858 664 897 servitus,
681 858 747 890 sive
763 859 868 889 cultus
884 859 946 890 Deo

166 914 307 951 debitus,
324 914 355 944 et
378 913 437 943 ista
455 913 520 943 duo
540 912 632 952 quasi
654 921 711 952 pro
727 912 839 943 eodem
864 913 946 943 acci-

168 968 301 1008 piuntur
313 990 321 1001 ,
352 966 503 997 differunt
533 968 640 996 tamen
667 966 844 997 secundum
874 975 949 1006 pro-

168 1020 272 1061 priam
286 1019 512 1059 acceptionem.
530 1019 640 1050 Cultus
653 1019 740 1050 enim
753 1019 808 1050 Dei
822 1019 950 1059 respicit

167 1076 276 1105 actum
302 1073 485 1104 interiorem
509 1074 539 1103 et
563 1072 766 1110 exteriorem,
793 1076 824 1103 et
844 1072 949 1112 magis

168 1127 353 1158 interiorem
364 1151 372 1165 ,
389 1136 489 1166 quam
506 1126 697 1157 exteriorem
714 1136 721 1162 3
739 1125 876 1156 servitus
891 1135 950 1156 au-

167 1182 232 1211 tem
254 1180 382 1220 proprie
405 1179 533 1219 respicit
556 1181 663 1210 actum
687 1179 890 1209 exteriorem.
911 1179 950 1210 Et

167 1234 256 1271 ideo,
281 1242 355 1264 cum
384 1233 476 1263 latria
507 1233 545 1263 de
578 1233 699 1263 ratione
730 1232 780 1262 sui
802 1233 950 1263 vocabuli

166 1286 251 1318 idem
266 1287 306 1317 sit
320 1285 405 1326 quod
422 1286 576 1325 servitus,
594 1286 772 1316 secundum
790 1286 876 1325 quod
892 1295 948 1317 ex-

168 1339 257 1380 ponit
271 1339 474 1379 Augustinus
488 1339 521 1369 in
535 1339 616 1370 libro
636 1339 676 1371 De
696 1340 721 1370 T
720 1340 857 1371 rinitace
869 1339 888 1377 ¹,
903 1340 948 1371 la-

168 1392 230 1423 tria
264 1392 391 1432 proprie
427 1392 554 1432 respicit
593 1394 702 1423 actum
737 1393 946 1431 exteriorem5

170 1446 330 1477 theosebia
346 1454 424 1476 vero
435 1469 442 1483 ,
459 1445 510 1476 vel
525 1445 671 1484 eusebia,
689 1446 773 1476 idem
789 1448 849 1484 est,
866 1447 951 1486 quod

170 1499 274 1530 cultus
289 1499 435 1537 divinus,
452 1498 519 1530 sive
540 1499 644 1529 honus
666 1499 771 1529 cultus
797 1511 803 1530 ;
828 1501 858 1530 et
881 1500 952 1530 ideo

171 1553 299 1593 proprie
320 1552 447 1592 respicit
468 1554 575 1582 actum
598 1552 794 1582 interiorem.
818 1552 856 1583 Et
871 1562 954 1592 quo-

171 1607 259 1637 niam
275 1607 378 1637 virtus
389 1615 462 1646 quae
477 1605 604 1645 respicit
620 1608 728 1636 actum
745 1607 950 1644 exteriorem;

172 1662 320 1692 versatur
342 1659 480 1699 quodam
504 1659 597 1689 modo
622 1659 703 1689 circa
726 1660 899 1697 actionem,
924 1663 955 1691 et

173 1713 274 1744 estin
297 1721 415 1752 genere
442 1712 567 1743 virtutis
593 1712 782 1749 cardinalis;
808 1713 882 1743 hinc
909 1716 955 1745 est

173 1767 261 1808 quod
283 1766 376 1797 latria
404 1767 450 1796 est
480 1765 583 1796 virtus
606 1765 788 1796 cardinalis.
818 1766 857 1797 Et
881 1768 956 1807 quia

173 1821 351 1852 considerat
383 1822 492 1850 actum
521 1819 712 1850 exteriorem
747 1820 807 1851 sub
835 1821 956 1853 ratione

174 1875 288 1913 debiti,
312 1876 342 1905 et
362 1874 397 1904 in
423 1874 660 1913 comparatione
680 1874 718 1905 ad
743 1875 879 1906 alterum
893 1900 900 1913 ‚
926 1879 957 1907 et

175 1929 235 1960 hoe
249 1931 295 1959 est
311 1928 411 1968 ipsius
424 1928 569 1968 justitiae,
586 1928 655 1958 ideo
668 1928 760 1959 latria
776 1929 957 1961 continetur

176 1983 236 2013 sub
250 1982 368 2013 virtute
383 1981 550 2019 cardinali,
568 1990 642 2021 quae
658 1981 788 2021 quidem
804 1985 850 2013 est
861 1984 957 2023 Justi-

176 2036 231 2066 tia.
247 2039 377 2073 Rursus,
395 2035 471 2074 quia
486 2034 605 2074 species
616 2035 761 2074 justitiae,
780 2037 957 2068 secundum

176 2089 262 2129 quod
276 2088 442 2119 ordinatur
457 2088 493 2119 ad
510 2089 726 2119 venerandam
742 2091 890 2120 naturam
907 2100 958 2121 su-

177 2142 355 2182 periorem,
378 2143 426 2173 est
447 2142 515 2182 ipsa
537 2141 666 2180 religio,
683 2142 766 2173 sicut
785 2143 860 2173 dicit
881 2143 957 2175 Tul-

176 2196 261 2234 lins;
278 2196 354 2226 hinc
376 2197 423 2226 est
445 2195 530 2235 quod
552 2195 644 2226 latria
663 2205 729 2226 non
744 2196 849 2227 solum
863 2198 958 2228 estin

177 2259 296 2290 genere
311 2249 437 2281 virtutis
453 2251 608 2289 tanquam
633 2249 667 2279 in
686 2259 805 2289 genere
821 2253 955 2290 remoto,

176 2305 230 2335 sed
250 2304 284 2334 in
310 2312 429 2343 genere
460 2303 586 2335 virtutis
612 2303 781 2335 cardinalis
803 2307 958 2345 tanquam

176 2356 212 2388 in
227 2366 345 2397 genere
359 2356 592 2394 subalternat03
614 2356 647 2387 in
664 2366 783 2396 genere
798 2367 875 2389 vero
887 2359 956 2398 jus-

177 2412 272 2450 titiae,
297 2412 378 2442 sicut
392 2412 426 2442 in
441 2420 560 2451 genere
576 2412 771 2452 propinqum
790 2413 823 2443 in
838 2422 958 2452 genere

178 2474 255 2496 vero
269 2465 444 2504 religionis,
463 2465 545 2496 sicut
561 2465 594 2495 in
610 2475 727 2505 genere
742 2467 901 2506 proximo.
921 2467 959 2498 Et

179 2518 240 2549 hoc
260 2519 405 2559 estquod
424 2519 498 2550 dicit
517 2519 736 2558 Augustinus,
752 2520 796 2551 De
818 2520 958 2554 Ciuitate

180 2574 238 2605 Dei
251 2573 332 2604 libro
354 2574 493 2613 decimo,
514 2575 615 2615 capite
628 2585 653 2612 1,
671 2575 726 2606 ubi
746 2576 854 2614 ‹licit²,
871 2577 958 2616 quod

213 2654 307 2684 ¹Aug,
320 2653 349 2677 de
366 2654 464 2684 Triuia,
477 2654 521 2679 lib.
537 2656 555 2686 1,
567 2662 589 2679 c.
609 2660 643 2685 Vl,
661 2663 684 2679 n.
707 2656 747 2685 13;
765 2655 796 2679 de
813 2656 888 2681 Cei-[l.
904 2657 957 2686 Dei,

179 2688 266 2720 linx,
275 2695 298 2714 c.
313 2694 333 2719 1,
348 2696 374 2714 n.
386 2691 408 2714 2.
420 2702 449 2707 —
461 2691 472 2706 ²
483 2690 557 2721 mid„
573 2697 599 2715 n.
616 2692 639 2721 3,
654 2691 739 2722 quoad
754 2698 867 2717 sensum.

1718 206 1777 234 ⁰217

1000 269 1085 299 idem
1099 270 1145 299 est
1157 268 1241 308 apud
1258 267 1382 300 Graecos
1395 270 1504 308 latria,
1522 271 1605 310 quod
1623 271 1707 310 apud
1722 279 1780 302 nos

1000 322 1128 361 religio,
1140 324 1271 362 excepto
1283 324 1369 363 quod
1379 333 1497 355 nomen
1511 324 1673 364 religionis
1687 326 1733 354 est
1747 325 1779 354 in

1001 376 1084 416 plus.
1108 376 1197 407 Unde
1220 377 1339 408 ibidem
1365 378 1457 416 dicit,
1480 378 1566 418 quod
1590 378 1695 408 cultus
1719 378 1779 408 Deo

1001 429 1125 460 debitus
1163 432 1302 469 quatuor
1331 432 1514 462 nominibus
1544 433 1750 471 nuncupatur
1769 456 1777 469 ,

1001 482 1127 513 dnobus
1145 483 1230 522 apud
1245 483 1369 515 Graecos
1383 508 1390 522 ‚
1407 487 1437 515 et
1454 485 1580 515 duobus
1603 484 1687 524 apud
1709 493 1776 515 nos

1002 536 1095 574 Apud
1111 536 1235 566 Graeeos
1250 546 1390 577 namque
1402 538 1518 568 dicitur
1533 538 1635 575 latria,
1651 540 1681 569 et
1694 538 1780 568 theo-

1002 587 1098 624 sebia,
1122 587 1188 617 sive
1210 588 1358 626 eusebia;
1385 590 1469 628 apud
1494 599 1552 619 nos
1569 599 1645 620 vero
1665 589 1781 619 dicitur

1002 643 1116 683 pietas,
1134 645 1165 673 et
1185 643 1315 682 religio,
1331 644 1374 674 ita
1389 645 1473 684 quod
1496 645 1554 675 ista
1570 645 1632 675 duo
1650 645 1783 675 nomina

1002 696 1195 736 respondent
1215 697 1277 726 illis
1296 697 1440 735 duobus,
1456 698 1527 728 licet
1546 697 1782 737 quodammodo

1003 749 1066 779 sint
1081 749 1113 779 in
1128 749 1199 789 plus
1214 752 1372 789 quantum
1388 750 1425 780 ad
1442 753 1566 781 motum
1580 752 1781 781 consuetum.

1004 802 1159 832 Ditfernnt
1176 805 1284 833 autem
1298 802 1403 841 latria,
1426 805 1457 833 et
1479 803 1657 840 theosebia,
1675 813 1785 834 secun-

1004 855 1081 886 dum
1098 856 1258 895 propriam
1274 856 1501 896 acceptionem,
1521 857 1594 887 licet
1613 857 1785 897 aliquando

1004 909 1201 949 accipiantur
1216 919 1273 949 pro
1289 910 1400 941 eodem
1411 934 1418 947 ,
1443 910 1520 950 quia
1535 910 1697 941 theosebia
1712 911 1786 941 dicit

1004 962 1127 993 cultum
1152 963 1355 1001 interiorem,
1380 964 1436 1003 qui
1460 964 1588 1004 proprie
1607 966 1724 1004 spectat
1746 965 1785 995 ad

1006 1017 1142 1048 virtutes
1165 1017 1360 1056 theologicas
1369 1028 1376 1055 3
1403 1018 1456 1048 sed
1478 1018 1570 1048 latria
1597 1018 1786 1049 servitutem

1005 1070 1196 1101 exteriorem
1208 1095 1215 1107 ‚
1233 1079 1305 1111 quae
1321 1073 1439 1111 spectat
1453 1072 1491 1102 ad
1505 1073 1662 1111 justitiam
1676 1097 1683 1109 ‚
1700 1072 1783 1102 scili-

1006 1126 1053 1154 cet
1073 1124 1226 1154 virtutem
1247 1125 1450 1155 cardinalem.
1472 1125 1716 1156 Concedendum
1740 1128 1786 1156 est

1006 1186 1085 1216 ergo
1100 1177 1225 1208 latriam
1241 1187 1308 1208 esse
1321 1178 1473 1208 virtutem
1489 1178 1693 1209 cardinalem.
1710 1179 1787 1209 Gon-

1006 1230 1145 1262 cedenda
1156 1231 1253 1262 etiam
1270 1234 1345 1262 sunt
1359 1234 1556 1270 argumenta
1572 1232 1633 1262 hoc
1653 1232 1787 1272 proban-

1007 1284 1061 1315 tia.

1049 1341 1062 1368 1
1081 1340 1111 1368 ct
1128 1341 1157 1369 02.
1173 1338 1310 1369 Adduas
1327 1341 1434 1370 autem
1450 1339 1652 1370 auctoritates
1661 1340 1789 1379 Augus-

1007 1391 1065 1423 tini
1077 1393 1161 1432 patet
1174 1392 1338 1432 responsio
1352 1402 1409 1432 per
1420 1394 1488 1432 ¹jam
1502 1392 1594 1422 dicta.
1608 1392 1687 1423 Cum
1702 1392 1789 1422 enim

1008 1445 1081 1475 dicit
1109 1446 1330 1484 Augustinus,
1347 1446 1432 1485 quod
1452 1446 1555 1476 cultus
1576 1446 1639 1476 Deo
1665 1446 1790 1476 debitus

1009 1501 1054 1530 est
1080 1499 1148 1538 ipsa
1164 1499 1300 1536 dilectio,
1326 1500 1378 1530 vel
1393 1500 1546 1539 sapientia
1557 1524 1564 1537 ⁷
1592 1499 1734 1539 loquitur
1749 1499 1788 1529 de

1010 1554 1098 1584 cultu
1112 1554 1255 1584 interiori
1270 1565 1277 1590 ·‚
1294 1563 1368 1584 cum
1384 1557 1492 1584 autem
1508 1554 1644 1584 dicimus
1660 1554 1787 1584 latriam

1011 1616 1077 1637 esse
1091 1607 1225 1643 cultum,
1240 1606 1450 1645 intelligimus
1466 1606 1504 1636 de
1519 1606 1608 1636 cultu
1625 1606 1788 1643 exteriori,

1011 1670 1069 1691 nec
1099 1661 1253 1691 vocabulo
1278 1660 1441 1691 abutimur
1459 1671 1465 1690 :
1483 1662 1513 1690 et
1538 1660 1598 1690 hoc
1623 1662 1708 1699 patet
1735 1669 1791 1699 per

1011 1714 1192 1753 oppositum
1203 1739 1212 1752 ,
1237 1714 1313 1753 quia
1329 1723 1394 1743 non
1420 1714 1534 1743 dicitur
1549 1713 1721 1745 idololatra
1736 1713 1792 1753 qni

1013 1767 1111 1798 credit
1125 1767 1245 1798 idolum
1258 1776 1325 1797 esse
1342 1767 1452 1804 Deum,
1472 1767 1521 1798 vel
1536 1769 1621 1797 amat
1636 1767 1742 1806 ipsum
1753 1767 1792 1796 si-

1013 1823 1066 1851 cut
1082 1821 1191 1858 Deum,
1210 1821 1264 1851 sed
1278 1820 1436 1858 infidelis.
1449 1819 1539 1850 Tunc
1553 1822 1661 1850 autem
1676 1820 1793 1850 dicitur

1013 1874 1219 1906 idololatrare
1232 1897 1239 1911 ,
1264 1883 1338 1904 cum
1365 1873 1506 1904 exterius
1520 1873 1593 1903 colit
1611 1884 1617 1903 ε
1635 1875 1665 1904 et
1680 1874 1723 1903 sic
1736 1882 1792 1913 per

1013 1928 1195 1968 oppositum
1211 1928 1423 1967 intelligimus
1437 1927 1471 1957 in
1486 1927 1658 1967 proposito.

1054 1983 1082 2012 3.
1100 1982 1149 2011 Ad
1163 1981 1240 2011 illud
1256 1981 1340 2021 quod
1354 1981 1513 2020 objicitur,
1531 1980 1617 2020 quod
1628 1980 1793 2020 virtusper

1013 2045 1111 2076 quam
1125 2035 1274 2066 adoratur
1289 2034 1383 2072 Deus,
1400 2034 1530 2064 estfides
1541 2036 1571 2064 et
1583 2034 1730 2071 charitas,
1748 2033 1793 2064 di-

1014 2089 1151 2119 cendum
1163 2088 1249 2128 quod
1264 2088 1345 2118 sicut
1360 2089 1406 2117 est
1419 2087 1523 2117 cultus
1540 2086 1689 2124 exterior,
1706 2088 1736 2116 et
1745 2086 1794 2116 in-

1013 2143 1121 2181 terior,
1141 2143 1184 2172 sic
1199 2144 1245 2173 est
1266 2141 1407 2172 adoratio
1431 2141 1580 2179 exterior,
1597 2142 1629 2171 et
1651 2140 1791 2171 interior.

1014 2198 1154 2229 Adorare
1175 2198 1324 2235 interius,
1350 2199 1396 2227 est
1426 2198 1489 2227 tota
1506 2198 1611 2227 mente
1632 2196 1666 2225 In
1694 2195 1793 2225 Deum

1014 2252 1153 2289 tendere,
1182 2251 1264 2281 sicut
1284 2250 1359 2281 dicit
1373 2250 1532 2280 Rabanus.
1549 2249 1690 2280 Adorare
1702 2250 1794 2279 exte-

1015 2305 1094 2343 rius,
1120 2306 1167 2335 est
1190 2305 1331 2344 aliquam
1345 2303 1561 2335 reverentiam
1589 2302 1794 2342 corporaliter

1015 2358 1177 2389 exhibere.
1195 2358 1274 2388 Cum
1290 2366 1368 2396 ergo
1381 2356 1508 2393 dicitur,
1526 2355 1611 2395 quod
1627 2364 1683 2394 per
1700 2354 1794 2384 tidem

1014 2414 1045 2443 et
1055 2412 1241 2442 charitatem
1257 2411 1408 2441 adoratur
1418 2410 1511 2446 Deus,
1521 2408 1691 2440 dicendum
1702 2407 1788 2446 quod

1015 2474 1130 2498 verum
1145 2467 1191 2496 est
1205 2465 1243 2495 de
1258 2464 1440 2495 adoratione
1453 2462 1605 2500 interiori,
1628 2469 1701 2501 quae
1716 2461 1794 2491 inci-

1016 2520 1061 2560 pit
1083 2520 1117 2550 in
1139 2520 1211 2556 fide,
1233 2521 1264 2549 et
1286 2518 1476 2549 terminatur
1494 2517 1528 2546 iu
1551 2515 1721 2552 charitate;
1739 2515 1793 2546 sed

1016 2583 1080 2605 non
1096 2574 1189 2604 habet
1205 2573 1371 2604 veritatem
1384 2572 1421 2601 de
1431 2570 1612 2601 adoratione
1628 2568 1791 2606 exteriori,

1016 2636 1087 2667 quae
1102 2629 1208 2657 ortum
1225 2626 1319 2656 habet
1331 2635 1349 2655 a
1363 2625 1480 2655 virtute
1496 2622 1658 2653 cardinali.
1669 2622 1707 2652 Et
1717 2622 1742 2652 si
1757 2624 1793 2652 tu

1016 2682 1145 2721 objicias
1159 2681 1243 2721 quod
1262 2683 1325 2710 tam
1338 2679 1432 2716 fides,
1449 2686 1547 2718 quam
1562 2677 1709 2715 charitas,
1727 2676 1792 2706 dic-

1831 488 1904 507 Cultus

1797 519 1834 538 Dei
1854 525 1904 544 qna-

1797 552 1842 569 tumr
1865 556 1903 569 nn<

1797 581 1853 600 mina
1865 582 1903 600 ha-

1799 612 1840 631 hrt.
