<?xml version="1.0" encoding="UTF-8"?>
<!DOCTYPE html PUBLIC "-//W3C//DTD XHTML 1.0 Transitional//EN"
    "http://www.w3.org/TR/xhtml1/DTD/xhtml1-transitional.dtd">
<html xmlns="http://www.w3.org/1999/xhtml" xml:lang="en" lang="en">
 <head>
  <title>
</title>
<meta http-equiv="Content-Type" content="text/html;charset=utf-8" />
  <meta name='ocr-system' content='tesseract 3.04.00' />
  <meta name='ocr-capabilities' content='ocr_page ocr_carea ocr_par ocr_line ocrx_word'/>
</head>
<body>
  <div class='ocr_page' id='page_1' title='image "./operaomniasixtiv04bonauoft/operaomniasixtiv04bonauoft_0069.png"; bbox 0 0 2017 2960; ppageno 0'>
   <div class='ocr_carea' id='block_1_1' title="bbox 637 157 1230 195">
    <p class='ocr_par' dir='ltr' id='par_1_1' title="bbox 637 157 1230 195">
     <span class='ocr_line' id='line_1_1' title="bbox 637 157 1230 195; baseline -0.01 -1"><span class='ocrx_word' id='word_1_1' title='bbox 637 162 732 195; x_wconf 77' lang='lat' dir='ltr'>ms‘r.</span> <span class='ocrx_word' id='word_1_2' title='bbox 759 162 796 192; x_wconf 93' lang='lat' dir='ltr'>ll.</span> <span class='ocrx_word' id='word_1_3' title='bbox 822 159 915 191; x_wconf 71' lang='grc' dir='ltr'>ΛΒΤ.</span> <span class='ocrx_word' id='word_1_4' title='bbox 941 158 978 190; x_wconf 90' lang='grc' dir='ltr'>ΙΙ.</span> <span class='ocrx_word' id='word_1_5' title='bbox 999 157 1151 195; x_wconf 69' lang='lat' dir='ltr'>QUAES&#39;P.</span> <span class='ocrx_word' id='word_1_6' title='bbox 1177 158 1230 188; x_wconf 94' lang='lat' dir='ltr'>lll.</span> 
     </span>
    </p>
   </div>
   <div class='ocr_carea' id='block_1_2' title="bbox 144 228 930 1938">
    <p class='ocr_par' dir='ltr' id='par_1_2' title="bbox 144 228 923 602">
     <span class='ocr_line' id='line_1_2' title="bbox 145 228 921 277; baseline -0.019 -5"><span class='ocrx_word' id='word_1_7' title='bbox 145 240 179 271; x_wconf 90' lang='lat' dir='ltr'>in</span> <span class='ocrx_word' id='word_1_8' title='bbox 194 239 317 271; x_wconf 85' lang='lat' dir='ltr'>Christo</span> <span class='ocrx_word' id='word_1_9' title='bbox 335 235 473 277; x_wconf 78' lang='lat' dir='ltr'>speciem</span> <span class='ocrx_word' id='word_1_10' title='bbox 492 240 698 264; x_wconf 86' lang='lat' dir='ltr'>communem</span> <span class='ocrx_word' id='word_1_11' title='bbox 716 229 873 269; x_wconf 88' lang='lat' dir='ltr'>accipere,</span> <span class='ocrx_word' id='word_1_12' title='bbox 891 228 921 257; x_wconf 89' lang='lat' dir='ltr'>et</span> 
     </span>
     <span class='ocr_line' id='line_1_3' title="bbox 144 281 922 330; baseline -0.018 -5"><span class='ocrx_word' id='word_1_13' title='bbox 144 293 207 324; x_wconf 83' lang='lat' dir='ltr'>alio</span> <span class='ocrx_word' id='word_1_14' title='bbox 221 291 315 323; x_wconf 86' lang='lat' dir='ltr'>modo</span> <span class='ocrx_word' id='word_1_15' title='bbox 332 299 397 322; x_wconf 91' lang='lat' dir='ltr'>non</span> <span class='ocrx_word' id='word_1_16' title='bbox 407 299 416 329; x_wconf 86' lang='lat'><strong>;</strong></span> <span class='ocrx_word' id='word_1_17' title='bbox 434 289 511 330; x_wconf 89' lang='lat' dir='ltr'>quia</span> <span class='ocrx_word' id='word_1_18' title='bbox 524 312 531 324; x_wconf 82' lang='grc'><em>,</em></span> <span class='ocrx_word' id='word_1_19' title='bbox 550 296 625 318; x_wconf 76' lang='lat' dir='ltr'>cum</span> <span class='ocrx_word' id='word_1_20' title='bbox 644 286 684 316; x_wconf 83' lang='lat' dir='ltr'>sit</span> <span class='ocrx_word' id='word_1_21' title='bbox 702 285 735 315; x_wconf 86' lang='lat' dir='ltr'>in</span> <span class='ocrx_word' id='word_1_22' title='bbox 751 292 789 314; x_wconf 86' lang='lat' dir='ltr'>eo</span> <span class='ocrx_word' id='word_1_23' title='bbox 806 281 922 322; x_wconf 79' lang='lat' dir='ltr'><strong>triplex</strong></span> 
     </span>
     <span class='ocr_line' id='line_1_4' title="bbox 145 335 922 383; baseline -0.018 -4"><span class='ocrx_word' id='word_1_24' title='bbox 145 346 322 378; x_wconf 80' lang='lat' dir='ltr'>substantia</span> <span class='ocrx_word' id='word_1_25' title='bbox 332 369 340 382; x_wconf 86' lang='grc'>,</span> <span class='ocrx_word' id='word_1_26' title='bbox 356 354 397 376; x_wconf 82' lang='lat' dir='ltr'>ex</span> <span class='ocrx_word' id='word_1_27' title='bbox 412 342 638 383; x_wconf 87' lang='lat' dir='ltr'>conjunctione</span> <span class='ocrx_word' id='word_1_28' title='bbox 654 340 793 371; x_wconf 87' lang='lat' dir='ltr'>duorum</span> <span class='ocrx_word' id='word_1_29' title='bbox 804 361 812 374; x_wconf 82' lang='grc'><strong>.</strong></span> <span class='ocrx_word' id='word_1_30' title='bbox 829 335 922 367; x_wconf 85' lang='lat' dir='ltr'>vide-</span> 
     </span>
     <span class='ocr_line' id='line_1_5' title="bbox 145 390 923 434; baseline -0.017 -2"><span class='ocrx_word' id='word_1_31' title='bbox 145 400 218 432; x_wconf 87' lang='lat' dir='ltr'>licet</span> <span class='ocrx_word' id='word_1_32' title='bbox 239 399 357 431; x_wconf 83' lang='lat' dir='ltr'>animae</span> <span class='ocrx_word' id='word_1_33' title='bbox 379 401 411 429; x_wconf 92' lang='lat' dir='ltr'>et</span> <span class='ocrx_word' id='word_1_34' title='bbox 431 397 554 434; x_wconf 77' lang='lat' dir='ltr'>carnis.</span> <span class='ocrx_word' id='word_1_35' title='bbox 578 394 710 427; x_wconf 68' lang='lat' dir='ltr'>roeultat</span> <span class='ocrx_word' id='word_1_36' title='bbox 733 401 798 423; x_wconf 86' lang='lat' dir='ltr'>una</span> <span class='ocrx_word' id='word_1_37' title='bbox 820 390 923 421; x_wconf 77' lang='lat' dir='ltr'>forma</span> 
     </span>
     <span class='ocr_line' id='line_1_6' title="bbox 144 446 923 495; baseline -0.015 -10"><span class='ocrx_word' id='word_1_38' title='bbox 144 453 306 495; x_wconf 76' lang='lat' dir='ltr'>specifica,</span> <span class='ocrx_word' id='word_1_39' title='bbox 324 453 356 483; x_wconf 88' lang='lat' dir='ltr'>in</span> <span class='ocrx_word' id='word_1_40' title='bbox 373 461 437 493; x_wconf 79' lang='lat' dir='ltr'>qua</span> <span class='ocrx_word' id='word_1_41' title='bbox 453 460 529 482; x_wconf 87' lang='lat' dir='ltr'>cum</span> <span class='ocrx_word' id='word_1_42' title='bbox 543 449 614 481; x_wconf 82' lang='lat' dir='ltr'>aliis</span> <span class='ocrx_word' id='word_1_43' title='bbox 631 446 816 479; x_wconf 86' lang='lat' dir='ltr'>hominibus</span> <span class='ocrx_word' id='word_1_44' title='bbox 831 453 923 475; x_wconf 92' lang='lat' dir='ltr'>com-</span> 
     </span>
     <span class='ocr_line' id='line_1_7' title="bbox 146 497 922 546; baseline -0.015 -7"><span class='ocrx_word' id='word_1_45' title='bbox 146 507 299 539; x_wconf 84' lang='lat' dir='ltr'>municat.</span> <span class='ocrx_word' id='word_1_46' title='bbox 318 506 355 538; x_wconf 81' lang='lat' dir='ltr'>Et</span> <span class='ocrx_word' id='word_1_47' title='bbox 369 507 413 537; x_wconf 85' lang='lat' dir='ltr'>sic</span> <span class='ocrx_word' id='word_1_48' title='bbox 429 503 604 546; x_wconf 85' lang='lat' dir='ltr'>procedunt</span> <span class='ocrx_word' id='word_1_49' title='bbox 617 501 766 538; x_wconf 84' lang='lat' dir='ltr'>rationes,</span> <span class='ocrx_word' id='word_1_50' title='bbox 780 507 854 539; x_wconf 80' lang='lat' dir='ltr'>quae</span> <span class='ocrx_word' id='word_1_51' title='bbox 869 497 922 527; x_wconf 91' lang='lat' dir='ltr'>in-</span> 
     </span>
     <span class='ocr_line' id='line_1_8' title="bbox 145 559 665 602; baseline -0.015 -8"><span class='ocrx_word' id='word_1_52' title='bbox 145 562 308 594; x_wconf 85' lang='lat' dir='ltr'>ducuntur</span> <span class='ocrx_word' id='word_1_53' title='bbox 323 562 361 592; x_wconf 89' lang='lat' dir='ltr'>ad</span> <span class='ocrx_word' id='word_1_54' title='bbox 379 560 515 602; x_wconf 81' lang='lat' dir='ltr'>primam</span> <span class='ocrx_word' id='word_1_55' title='bbox 531 559 665 598; x_wconf 82' lang='lat' dir='ltr'>partem.</span> 
     </span>
    </p>

    <p class='ocr_par' dir='ltr' id='par_1_3' title="bbox 146 604 924 916">
     <span class='ocr_line' id='line_1_9' title="bbox 189 604 924 653; baseline -0.019 -5"><span class='ocrx_word' id='word_1_56' title='bbox 189 619 202 647; x_wconf 81' lang='lat'>¹</span> <span class='ocrx_word' id='word_1_57' title='bbox 224 618 255 647; x_wconf 88' lang='lat' dir='ltr'>et</span> <span class='ocrx_word' id='word_1_58' title='bbox 278 618 308 647; x_wconf 75' lang='grc'>9..</span> <span class='ocrx_word' id='word_1_59' title='bbox 335 615 381 646; x_wconf 86' lang='lat' dir='ltr'>Ex</span> <span class='ocrx_word' id='word_1_60' title='bbox 402 611 625 653; x_wconf 87' lang='lat' dir='ltr'>conjunctione</span> <span class='ocrx_word' id='word_1_61' title='bbox 648 617 726 639; x_wconf 88' lang='lat' dir='ltr'>vero</span> <span class='ocrx_word' id='word_1_62' title='bbox 750 604 924 638; x_wconf 87' lang='lat' dir='ltr'>divinitatis</span> 
     </span>
     <span class='ocr_line' id='line_1_10' title="bbox 146 659 924 701; baseline -0.018 1"><span class='ocrx_word' id='word_1_63' title='bbox 146 669 186 701; x_wconf 74' lang='lat' dir='ltr'>ad</span> <span class='ocrx_word' id='word_1_64' title='bbox 211 672 360 701; x_wconf 80' lang='lat' dir='ltr'>naturam</span> <span class='ocrx_word' id='word_1_65' title='bbox 384 669 522 699; x_wconf 84' lang='lat' dir='ltr'>creatam</span> <span class='ocrx_word' id='word_1_66' title='bbox 548 664 636 695; x_wconf 87' lang='lat' dir='ltr'>nulla</span> <span class='ocrx_word' id='word_1_67' title='bbox 660 661 794 694; x_wconf 84' lang='lat' dir='ltr'>omniuo</span> <span class='ocrx_word' id='word_1_68' title='bbox 821 659 924 690; x_wconf 80' lang='lat' dir='ltr'>torma</span> 
     </span>
     <span class='ocr_line' id='line_1_11' title="bbox 147 715 924 763; baseline -0.018 -7"><span class='ocrx_word' id='word_1_69' title='bbox 147 724 278 755; x_wconf 81' lang='lat' dir='ltr'>resultat</span> <span class='ocrx_word' id='word_1_70' title='bbox 291 733 299 754; x_wconf 91' lang='lat'>:</span> <span class='ocrx_word' id='word_1_71' title='bbox 313 726 343 754; x_wconf 91' lang='lat' dir='ltr'>et</span> <span class='ocrx_word' id='word_1_72' title='bbox 355 724 513 763; x_wconf 89' lang='lat' dir='ltr'>quantum</span> <span class='ocrx_word' id='word_1_73' title='bbox 526 719 565 750; x_wconf 85' lang='lat' dir='ltr'>ad</span> <span class='ocrx_word' id='word_1_74' title='bbox 579 719 638 749; x_wconf 91' lang='lat' dir='ltr'>hoc</span> <span class='ocrx_word' id='word_1_75' title='bbox 653 715 842 755; x_wconf 78' lang='lat' dir='ltr'>intelligitur</span> <span class='ocrx_word' id='word_1_76' title='bbox 855 721 924 743; x_wconf 86' lang='lat' dir='ltr'>ver-</span> 
     </span>
     <span class='ocr_line' id='line_1_12' title="bbox 147 765 923 813; baseline -0.017 -4"><span class='ocrx_word' id='word_1_77' title='bbox 147 777 225 809; x_wconf 90' lang='lat' dir='ltr'>bum</span> <span class='ocrx_word' id='word_1_78' title='bbox 237 775 421 808; x_wconf 80' lang='lat' dir='ltr'>Damasceni</span> <span class='ocrx_word' id='word_1_79' title='bbox 435 777 466 806; x_wconf 87' lang='lat' dir='ltr'>et</span> <span class='ocrx_word' id='word_1_80' title='bbox 479 772 634 813; x_wconf 79' lang='lat' dir='ltr'>Magistri,</span> <span class='ocrx_word' id='word_1_81' title='bbox 648 769 704 811; x_wconf 90' lang='lat' dir='ltr'>qui</span> <span class='ocrx_word' id='word_1_82' title='bbox 716 769 827 800; x_wconf 87' lang='lat' dir='ltr'>dicunt</span> <span class='ocrx_word' id='word_1_83' title='bbox 839 765 923 807; x_wconf 85' lang='lat' dir='ltr'>quod</span> 
     </span>
     <span class='ocr_line' id='line_1_13' title="bbox 147 821 924 863; baseline -0.017 0"><span class='ocrx_word' id='word_1_84' title='bbox 147 839 213 862; x_wconf 89' lang='lat' dir='ltr'>non</span> <span class='ocrx_word' id='word_1_85' title='bbox 234 833 281 862; x_wconf 85' lang='lat' dir='ltr'>est</span> <span class='ocrx_word' id='word_1_86' title='bbox 303 838 367 861; x_wconf 87' lang='lat' dir='ltr'>una</span> <span class='ocrx_word' id='word_1_87' title='bbox 391 831 506 860; x_wconf 81' lang='lat' dir='ltr'>natura</span> <span class='ocrx_word' id='word_1_88' title='bbox 520 825 653 863; x_wconf 79' lang='lat' dir='ltr'>Christi,</span> <span class='ocrx_word' id='word_1_89' title='bbox 671 824 754 854; x_wconf 85' lang='lat' dir='ltr'>sieut</span> <span class='ocrx_word' id='word_1_90' title='bbox 776 821 924 852; x_wconf 88' lang='lat' dir='ltr'>omnium</span> 
     </span>
     <span class='ocr_line' id='line_1_14' title="bbox 146 883 328 916; baseline -0.011 0"><span class='ocrx_word' id='word_1_91' title='bbox 146 883 328 916; x_wconf 90' lang='lat' dir='ltr'>hominum.</span> 
     </span>
    </p>

    <p class='ocr_par' dir='ltr' id='par_1_4' title="bbox 147 928 928 1293">
     <span class='ocr_line' id='line_1_15' title="bbox 187 928 924 976; baseline -0.016 -6"><span class='ocrx_word' id='word_1_92' title='bbox 187 940 218 970; x_wconf 87' lang='grc'>3.</span> <span class='ocrx_word' id='word_1_93' title='bbox 243 938 291 970; x_wconf 77' lang='lat' dir='ltr'>Ad</span> <span class='ocrx_word' id='word_1_94' title='bbox 316 937 394 969; x_wconf 91' lang='lat' dir='ltr'>illud</span> <span class='ocrx_word' id='word_1_95' title='bbox 419 945 495 968; x_wconf 83' lang='lat' dir='ltr'>vero</span> <span class='ocrx_word' id='word_1_96' title='bbox 518 934 605 976; x_wconf 84' lang='lat' dir='ltr'>quod</span> <span class='ocrx_word' id='word_1_97' title='bbox 628 932 814 974; x_wconf 86' lang='lat' dir='ltr'>opponitur,</span> <span class='ocrx_word' id='word_1_98' title='bbox 839 928 924 970; x_wconf 88' lang='lat' dir='ltr'>quod</span> 
     </span>
     <span class='ocr_line' id='line_1_16' title="bbox 147 982 925 1033; baseline -0.015 -8"><span class='ocrx_word' id='word_1_99' title='bbox 147 993 268 1033; x_wconf 84' lang='lat' dir='ltr'>species</span> <span class='ocrx_word' id='word_1_100' title='bbox 289 992 363 1024; x_wconf 87' lang='lat' dir='ltr'>dicit</span> <span class='ocrx_word' id='word_1_101' title='bbox 385 994 487 1022; x_wconf 86' lang='lat' dir='ltr'>totum</span> <span class='ocrx_word' id='word_1_102' title='bbox 507 999 574 1021; x_wconf 78' lang='lat' dir='ltr'>esse</span> <span class='ocrx_word' id='word_1_103' title='bbox 593 986 853 1022; x_wconf 83' lang='lat' dir='ltr'>individuorum,</span> <span class='ocrx_word' id='word_1_104' title='bbox 875 982 925 1014; x_wconf 88' lang='lat' dir='ltr'>di-</span> 
     </span>
     <span class='ocr_line' id='line_1_17' title="bbox 148 1038 927 1087; baseline -0.017 -8"><span class='ocrx_word' id='word_1_105' title='bbox 148 1047 286 1078; x_wconf 86' lang='lat' dir='ltr'>cendum</span> <span class='ocrx_word' id='word_1_106' title='bbox 308 1046 394 1087; x_wconf 91' lang='lat' dir='ltr'>quod</span> <span class='ocrx_word' id='word_1_107' title='bbox 416 1053 532 1076; x_wconf 80' lang='lat' dir='ltr'>verum</span> <span class='ocrx_word' id='word_1_108' title='bbox 555 1045 601 1074; x_wconf 85' lang='lat' dir='ltr'>est</span> <span class='ocrx_word' id='word_1_109' title='bbox 623 1044 773 1075; x_wconf 77' lang='lat' dir='ltr'>eatenus,</span> <span class='ocrx_word' id='word_1_110' title='bbox 792 1047 858 1079; x_wconf 86' lang='lat' dir='ltr'>qua</span> <span class='ocrx_word' id='word_1_111' title='bbox 881 1038 927 1067; x_wconf 84' lang='lat' dir='ltr'>est</span> 
     </span>
     <span class='ocr_line' id='line_1_18' title="bbox 148 1090 928 1134; baseline -0.013 -3"><span class='ocrx_word' id='word_1_112' title='bbox 148 1099 351 1131; x_wconf 88' lang='lat' dir='ltr'>individuum</span> <span class='ocrx_word' id='word_1_113' title='bbox 361 1101 547 1130; x_wconf 86' lang='lat' dir='ltr'>contentum</span> <span class='ocrx_word' id='word_1_114' title='bbox 559 1096 620 1127; x_wconf 78' lang='lat' dir='ltr'>sub</span> <span class='ocrx_word' id='word_1_115' title='bbox 630 1095 683 1126; x_wconf 91' lang='lat' dir='ltr'>illa</span> <span class='ocrx_word' id='word_1_116' title='bbox 693 1093 796 1134; x_wconf 69' lang='lat' dir='ltr'>speeie</span> <span class='ocrx_word' id='word_1_117' title='bbox 806 1103 814 1123; x_wconf 87' lang='lat'>:</span> <span class='ocrx_word' id='word_1_118' title='bbox 825 1090 928 1123; x_wconf 89' lang='lat' dir='ltr'>Chris-</span> 
     </span>
     <span class='ocr_line' id='line_1_19' title="bbox 148 1144 927 1185; baseline -0.014 0"><span class='ocrx_word' id='word_1_119' title='bbox 148 1155 200 1185; x_wconf 83' lang='lat' dir='ltr'>tus</span> <span class='ocrx_word' id='word_1_120' title='bbox 222 1156 330 1184; x_wconf 81' lang='lat' dir='ltr'>autem</span> <span class='ocrx_word' id='word_1_121' title='bbox 355 1155 402 1183; x_wconf 87' lang='lat' dir='ltr'>est</span> <span class='ocrx_word' id='word_1_122' title='bbox 427 1150 630 1182; x_wconf 89' lang='lat' dir='ltr'>individuum</span> <span class='ocrx_word' id='word_1_123' title='bbox 656 1150 842 1179; x_wconf 89' lang='lat' dir='ltr'>contentum</span> <span class='ocrx_word' id='word_1_124' title='bbox 867 1144 927 1175; x_wconf 88' lang='lat' dir='ltr'>sub</span> 
     </span>
     <span class='ocr_line' id='line_1_20' title="bbox 147 1203 926 1248; baseline -0.014 -9"><span class='ocrx_word' id='word_1_125' title='bbox 147 1207 252 1248; x_wconf 81' lang='lat' dir='ltr'>specie</span> <span class='ocrx_word' id='word_1_126' title='bbox 267 1207 412 1238; x_wconf 80' lang='lat' dir='ltr'>humana</span> <span class='ocrx_word' id='word_1_127' title='bbox 427 1205 552 1236; x_wconf 80' lang='lat' dir='ltr'>ratione</span> <span class='ocrx_word' id='word_1_128' title='bbox 571 1205 697 1234; x_wconf 84' lang='lat' dir='ltr'>naturae</span> <span class='ocrx_word' id='word_1_129' title='bbox 712 1203 826 1233; x_wconf 76' lang='lat' dir='ltr'>creatae</span> <span class='ocrx_word' id='word_1_130' title='bbox 837 1223 845 1238; x_wconf 82' lang='lat'><strong>‚</strong></span> <span class='ocrx_word' id='word_1_131' title='bbox 863 1207 926 1229; x_wconf 87' lang='lat' dir='ltr'>non</span> 
     </span>
     <span class='ocr_line' id='line_1_21' title="bbox 148 1260 589 1293; baseline -0.007 -1"><span class='ocrx_word' id='word_1_132' title='bbox 148 1261 270 1293; x_wconf 80' lang='lat' dir='ltr'>ratione</span> <span class='ocrx_word' id='word_1_133' title='bbox 287 1263 412 1292; x_wconf 80' lang='lat' dir='ltr'>uaturae</span> <span class='ocrx_word' id='word_1_134' title='bbox 429 1260 589 1291; x_wconf 83' lang='lat' dir='ltr'>increatae.</span> 
     </span>
    </p>

    <p class='ocr_par' dir='ltr' id='par_1_5' title="bbox 147 1306 930 1938">
     <span class='ocr_line' id='line_1_22' title="bbox 189 1306 927 1355; baseline -0.012 -9"><span class='ocrx_word' id='word_1_135' title='bbox 189 1317 218 1346; x_wconf 74' lang='lat'>4.</span> <span class='ocrx_word' id='word_1_136' title='bbox 240 1314 288 1346; x_wconf 81' lang='lat' dir='ltr'>Ad</span> <span class='ocrx_word' id='word_1_137' title='bbox 307 1314 385 1345; x_wconf 91' lang='lat' dir='ltr'>illud</span> <span class='ocrx_word' id='word_1_138' title='bbox 402 1314 487 1355; x_wconf 88' lang='lat' dir='ltr'>quod</span> <span class='ocrx_word' id='word_1_139' title='bbox 505 1313 621 1344; x_wconf 90' lang='lat' dir='ltr'>ultimo</span> <span class='ocrx_word' id='word_1_140' title='bbox 637 1310 821 1352; x_wconf 81' lang='lat' dir='ltr'>opponitur,</span> <span class='ocrx_word' id='word_1_141' title='bbox 841 1306 927 1348; x_wconf 87' lang='lat' dir='ltr'>quod</span> 
     </span>
     <span class='ocr_line' id='line_1_23' title="bbox 147 1361 927 1409; baseline -0.012 -9"><span class='ocrx_word' id='word_1_142' title='bbox 147 1368 267 1409; x_wconf 86' lang='lat' dir='ltr'>species</span> <span class='ocrx_word' id='word_1_143' title='bbox 289 1368 518 1409; x_wconf 82' lang='lat' dir='ltr'>specialissima</span> <span class='ocrx_word' id='word_1_144' title='bbox 544 1365 700 1406; x_wconf 87' lang='lat' dir='ltr'>accipitur</span> <span class='ocrx_word' id='word_1_145' title='bbox 725 1372 823 1405; x_wconf 86' lang='lat' dir='ltr'>penes</span> <span class='ocrx_word' id='word_1_146' title='bbox 849 1361 927 1392; x_wconf 89' lang='lat' dir='ltr'>illud</span> 
     </span>
     <span class='ocr_line' id='line_1_24' title="bbox 147 1415 926 1462; baseline -0.012 -8"><span class='ocrx_word' id='word_1_147' title='bbox 147 1421 235 1462; x_wconf 89' lang='lat' dir='ltr'>quod</span> <span class='ocrx_word' id='word_1_148' title='bbox 249 1421 486 1453; x_wconf 87' lang='lat' dir='ltr'>nobilissimum</span> <span class='ocrx_word' id='word_1_149' title='bbox 501 1423 549 1452; x_wconf 90' lang='lat' dir='ltr'>est</span> <span class='ocrx_word' id='word_1_150' title='bbox 562 1422 594 1451; x_wconf 85' lang='lat' dir='ltr'>et</span> <span class='ocrx_word' id='word_1_151' title='bbox 611 1417 878 1460; x_wconf 77' lang='lat' dir='ltr'>perfectissimum</span> <span class='ocrx_word' id='word_1_152' title='bbox 893 1415 926 1445; x_wconf 91' lang='lat' dir='ltr'>in</span> 
     </span>
     <span class='ocr_line' id='line_1_25' title="bbox 148 1469 928 1516; baseline -0.009 -9"><span class='ocrx_word' id='word_1_153' title='bbox 148 1484 200 1514; x_wconf 88' lang='lat' dir='ltr'>re,</span> <span class='ocrx_word' id='word_1_154' title='bbox 217 1475 387 1507; x_wconf 90' lang='lat' dir='ltr'>dicendum</span> <span class='ocrx_word' id='word_1_155' title='bbox 405 1475 490 1516; x_wconf 90' lang='lat' dir='ltr'>quod</span> <span class='ocrx_word' id='word_1_156' title='bbox 506 1483 621 1506; x_wconf 81' lang='lat' dir='ltr'>verum</span> <span class='ocrx_word' id='word_1_157' title='bbox 642 1475 690 1504; x_wconf 88' lang='lat' dir='ltr'>est</span> <span class='ocrx_word' id='word_1_158' title='bbox 711 1470 871 1512; x_wconf 89' lang='lat' dir='ltr'>loquendo</span> <span class='ocrx_word' id='word_1_159' title='bbox 890 1469 928 1500; x_wconf 86' lang='lat' dir='ltr'>de</span> 
     </span>
     <span class='ocr_line' id='line_1_26' title="bbox 148 1526 926 1570; baseline -0.01 -8"><span class='ocrx_word' id='word_1_160' title='bbox 148 1528 209 1560; x_wconf 84' lang='lat' dir='ltr'>illis</span> <span class='ocrx_word' id='word_1_161' title='bbox 219 1530 397 1561; x_wconf 86' lang='lat' dir='ltr'>secundum</span> <span class='ocrx_word' id='word_1_162' title='bbox 409 1539 484 1570; x_wconf 88' lang='lat' dir='ltr'>quae</span> <span class='ocrx_word' id='word_1_163' title='bbox 496 1538 547 1560; x_wconf 83' lang='lat' dir='ltr'>res</span> <span class='ocrx_word' id='word_1_164' title='bbox 559 1528 655 1559; x_wconf 83' lang='lat' dir='ltr'>habet</span> <span class='ocrx_word' id='word_1_165' title='bbox 665 1535 733 1558; x_wconf 84' lang='lat' dir='ltr'>esse</span> <span class='ocrx_word' id='word_1_166' title='bbox 745 1526 777 1556; x_wconf 89' lang='lat' dir='ltr'>in</span> <span class='ocrx_word' id='word_1_167' title='bbox 791 1533 926 1565; x_wconf 82' lang='lat' dir='ltr'><strong>genere:</strong></span> 
     </span>
     <span class='ocr_line' id='line_1_27' title="bbox 148 1580 929 1615; baseline -0.009 0"><span class='ocrx_word' id='word_1_168' title='bbox 148 1582 291 1615; x_wconf 85' lang='lat' dir='ltr'>Christus</span> <span class='ocrx_word' id='word_1_169' title='bbox 302 1586 412 1615; x_wconf 83' lang='lat' dir='ltr'>autem</span> <span class='ocrx_word' id='word_1_170' title='bbox 426 1582 605 1614; x_wconf 86' lang='lat' dir='ltr'>secundum</span> <span class='ocrx_word' id='word_1_171' title='bbox 619 1580 763 1612; x_wconf 89' lang='lat' dir='ltr'>divinam</span> <span class='ocrx_word' id='word_1_172' title='bbox 778 1581 929 1610; x_wconf 88' lang='lat' dir='ltr'>naturam</span> 
     </span>
     <span class='ocr_line' id='line_1_28' title="bbox 149 1633 930 1678; baseline -0.008 -9"><span class='ocrx_word' id='word_1_173' title='bbox 149 1645 214 1668; x_wconf 88' lang='lat' dir='ltr'>non</span> <span class='ocrx_word' id='word_1_174' title='bbox 230 1637 361 1678; x_wconf 90' lang='lat' dir='ltr'>ponitur</span> <span class='ocrx_word' id='word_1_175' title='bbox 375 1637 407 1668; x_wconf 88' lang='lat' dir='ltr'>in</span> <span class='ocrx_word' id='word_1_176' title='bbox 423 1636 530 1676; x_wconf 86' lang='lat' dir='ltr'>aliquo</span> <span class='ocrx_word' id='word_1_177' title='bbox 545 1643 676 1675; x_wconf 83' lang='lat' dir='ltr'>genere,</span> <span class='ocrx_word' id='word_1_178' title='bbox 691 1633 746 1665; x_wconf 81' lang='lat' dir='ltr'>sed</span> <span class='ocrx_word' id='word_1_179' title='bbox 760 1633 864 1664; x_wconf 90' lang='lat' dir='ltr'>solum</span> <span class='ocrx_word' id='word_1_180' title='bbox 880 1641 930 1663; x_wconf 85' lang='lat' dir='ltr'>ra-</span> 
     </span>
     <span class='ocr_line' id='line_1_29' title="bbox 148 1686 928 1729; baseline -0.006 -7"><span class='ocrx_word' id='word_1_181' title='bbox 148 1690 235 1722; x_wconf 76' lang='lat' dir='ltr'>tione</span> <span class='ocrx_word' id='word_1_182' title='bbox 247 1693 374 1722; x_wconf 81' lang='lat' dir='ltr'>naturae</span> <span class='ocrx_word' id='word_1_183' title='bbox 387 1693 513 1722; x_wconf 85' lang='lat' dir='ltr'>creatae.</span> <span class='ocrx_word' id='word_1_184' title='bbox 529 1688 580 1720; x_wconf 92' lang='lat' dir='ltr'>Sic</span> <span class='ocrx_word' id='word_1_185' title='bbox 594 1697 673 1729; x_wconf 86' lang='lat' dir='ltr'>ergo</span> <span class='ocrx_word' id='word_1_186' title='bbox 688 1686 928 1719; x_wconf 89' lang='lat' dir='ltr'>concedendum</span> 
     </span>
     <span class='ocr_line' id='line_1_30' title="bbox 148 1743 929 1784; baseline -0.008 -8"><span class='ocrx_word' id='word_1_187' title='bbox 148 1745 210 1783; x_wconf 80' lang='lat' dir='ltr'>est,</span> <span class='ocrx_word' id='word_1_188' title='bbox 225 1744 312 1784; x_wconf 83' lang='lat' dir='ltr'>quod</span> <span class='ocrx_word' id='word_1_189' title='bbox 327 1743 471 1775; x_wconf 89' lang='lat' dir='ltr'>Christus</span> <span class='ocrx_word' id='word_1_190' title='bbox 485 1743 659 1784; x_wconf 80' lang='lat' dir='ltr'>assumpsit</span> <span class='ocrx_word' id='word_1_191' title='bbox 672 1750 784 1774; x_wconf 89' lang='lat' dir='ltr'>veram</span> <span class='ocrx_word' id='word_1_192' title='bbox 799 1749 929 1772; x_wconf 85' lang='lat' dir='ltr'>carnem</span> 
     </span>
     <span class='ocr_line' id='line_1_31' title="bbox 149 1797 926 1837; baseline -0.004 -8"><span class='ocrx_word' id='word_1_193' title='bbox 149 1800 181 1829; x_wconf 82' lang='lat' dir='ltr'>et</span> <span class='ocrx_word' id='word_1_194' title='bbox 195 1806 305 1829; x_wconf 87' lang='lat' dir='ltr'>veram</span> <span class='ocrx_word' id='word_1_195' title='bbox 318 1798 477 1835; x_wconf 79' lang='lat' dir='ltr'>animam3</span> <span class='ocrx_word' id='word_1_196' title='bbox 494 1799 526 1829; x_wconf 87' lang='lat' dir='ltr'>et</span> <span class='ocrx_word' id='word_1_197' title='bbox 540 1797 609 1829; x_wconf 86' lang='lat' dir='ltr'>haec</span> <span class='ocrx_word' id='word_1_198' title='bbox 621 1797 729 1834; x_wconf 79' lang='lat' dir='ltr'>unita,</span> <span class='ocrx_word' id='word_1_199' title='bbox 747 1797 841 1837; x_wconf 88' lang='lat' dir='ltr'>prout</span> <span class='ocrx_word' id='word_1_200' title='bbox 856 1803 926 1826; x_wconf 84' lang='lat' dir='ltr'>eon-</span> 
     </span>
     <span class='ocr_line' id='line_1_32' title="bbox 149 1848 930 1892; baseline -0.005 -9"><span class='ocrx_word' id='word_1_201' title='bbox 149 1853 286 1883; x_wconf 81' lang='lat' dir='ltr'>currunt</span> <span class='ocrx_word' id='word_1_202' title='bbox 302 1851 335 1882; x_wconf 92' lang='lat' dir='ltr'>in</span> <span class='ocrx_word' id='word_1_203' title='bbox 352 1851 451 1883; x_wconf 87' lang='lat' dir='ltr'>unius</span> <span class='ocrx_word' id='word_1_204' title='bbox 465 1850 581 1892; x_wconf 86' lang='lat' dir='ltr'>speciei</span> <span class='ocrx_word' id='word_1_205' title='bbox 596 1849 834 1891; x_wconf 71' lang='lat' dir='ltr'>specialissimae</span> <span class='ocrx_word' id='word_1_206' title='bbox 847 1848 930 1880; x_wconf 86' lang='lat' dir='ltr'>veri·</span> 
     </span>
     <span class='ocr_line' id='line_1_33' title="bbox 149 1905 475 1938; baseline -0.006 0"><span class='ocrx_word' id='word_1_207' title='bbox 149 1908 248 1938; x_wconf 77' lang='lat' dir='ltr'>tatem</span> <span class='ocrx_word' id='word_1_208' title='bbox 261 1908 292 1938; x_wconf 91' lang='lat' dir='ltr'>et</span> <span class='ocrx_word' id='word_1_209' title='bbox 306 1905 475 1938; x_wconf 79' lang='lat' dir='ltr'>unitatem.</span> 
     </span>
    </p>
   </div>
   <div class='ocr_carea' id='block_1_3' title="bbox 384 2055 706 2090">
    <p class='ocr_par' dir='ltr' id='par_1_6' title="bbox 384 2055 706 2090">
     <span class='ocr_line' id='line_1_34' title="bbox 384 2055 706 2090; baseline 0 0"><span class='ocrx_word' id='word_1_210' title='bbox 384 2056 628 2090; x_wconf 84' lang='lat' dir='ltr'><strong>ARTICULUS</strong></span> <span class='ocrx_word' id='word_1_211' title='bbox 646 2055 706 2090; x_wconf 83' lang='lat'>111.</span> 
     </span>
    </p>
   </div>
   <div class='ocr_carea' id='block_1_4' title="bbox 151 2163 932 2528">
    <p class='ocr_par' dir='ltr' id='par_1_7' title="bbox 151 2163 932 2528">
     <span class='ocr_line' id='line_1_35' title="bbox 192 2163 932 2205; baseline -0.004 -8"><span class='ocrx_word' id='word_1_212' title='bbox 192 2165 428 2205; x_wconf 71' lang='lat' dir='ltr'>consequenter</span> <span class='ocrx_word' id='word_1_213' title='bbox 441 2164 600 2205; x_wconf 82' lang='lat' dir='ltr'>quaeritur</span> <span class='ocrx_word' id='word_1_214' title='bbox 613 2163 651 2195; x_wconf 90' lang='lat' dir='ltr'>de</span> <span class='ocrx_word' id='word_1_215' title='bbox 661 2167 778 2195; x_wconf 80' lang='lat' dir='ltr'>natura</span> <span class='ocrx_word' id='word_1_216' title='bbox 787 2172 932 2204; x_wconf 84' lang='lat' dir='ltr'>assump-</span> 
     </span>
     <span class='ocr_line' id='line_1_36' title="bbox 151 2217 931 2259; baseline -0.001 -9"><span class='ocrx_word' id='word_1_217' title='bbox 151 2221 185 2250; x_wconf 67' lang='lat' dir='ltr'>ta</span> <span class='ocrx_word' id='word_1_218' title='bbox 197 2220 356 2259; x_wconf 81' lang='lat' dir='ltr'>quantum</span> <span class='ocrx_word' id='word_1_219' title='bbox 369 2217 409 2249; x_wconf 81' lang='lat' dir='ltr'>ad</span> <span class='ocrx_word' id='word_1_220' title='bbox 426 2217 524 2249; x_wconf 89' lang='lat' dir='ltr'>medii</span> <span class='ocrx_word' id='word_1_221' title='bbox 539 2217 777 2256; x_wconf 63' lang='lat' dir='ltr'>necessitatem</span> <span class='ocrx_word' id='word_1_222' title='bbox 802 2220 833 2249; x_wconf 89' lang='lat' dir='ltr'>ct</span> <span class='ocrx_word' id='word_1_223' title='bbox 847 2218 931 2249; x_wconf 83' lang='lat' dir='ltr'>circa</span> 
     </span>
     <span class='ocr_line' id='line_1_37' title="bbox 151 2271 930 2313; baseline 0 -9"><span class='ocrx_word' id='word_1_224' title='bbox 151 2271 214 2304; x_wconf 84' lang='lat' dir='ltr'>hoc</span> <span class='ocrx_word' id='word_1_225' title='bbox 225 2273 416 2313; x_wconf 84' lang='lat' dir='ltr'>quaeruntur</span> <span class='ocrx_word' id='word_1_226' title='bbox 432 2272 510 2303; x_wconf 87' lang='lat' dir='ltr'>tria:</span> <span class='ocrx_word' id='word_1_227' title='bbox 527 2271 632 2312; x_wconf 83' lang='lat' dir='ltr'>primo</span> <span class='ocrx_word' id='word_1_228' title='bbox 646 2271 806 2312; x_wconf 88' lang='lat' dir='ltr'>quaeritur</span> <span class='ocrx_word' id='word_1_229' title='bbox 820 2274 930 2304; x_wconf 88' lang='lat' dir='ltr'>utrum</span> 
     </span>
     <span class='ocr_line' id='line_1_38' title="bbox 151 2325 932 2367; baseline 0 -9"><span class='ocrx_word' id='word_1_230' title='bbox 151 2335 226 2358; x_wconf 74' lang='lat' dir='ltr'>earo</span> <span class='ocrx_word' id='word_1_231' title='bbox 240 2328 405 2367; x_wconf 81' lang='lat' dir='ltr'>assumpta</span> <span class='ocrx_word' id='word_1_232' title='bbox 416 2326 512 2357; x_wconf 80' lang='lat' dir='ltr'>ruerit</span> <span class='ocrx_word' id='word_1_233' title='bbox 525 2335 545 2357; x_wconf 86' lang='lat' dir='ltr'>a</span> <span class='ocrx_word' id='word_1_234' title='bbox 562 2325 678 2363; x_wconf 74' lang='lat' dir='ltr'>Verbo,</span> <span class='ocrx_word' id='word_1_235' title='bbox 697 2326 855 2358; x_wconf 82' lang='lat' dir='ltr'>mediante</span> <span class='ocrx_word' id='word_1_236' title='bbox 869 2327 932 2367; x_wconf 88' lang='lat' dir='ltr'>spi-</span> 
     </span>
     <span class='ocr_line' id='line_1_39' title="bbox 151 2379 929 2420; baseline -0.001 -8"><span class='ocrx_word' id='word_1_237' title='bbox 151 2381 217 2412; x_wconf 81' lang='lat' dir='ltr'>ritu</span> <span class='ocrx_word' id='word_1_238' title='bbox 230 2380 394 2419; x_wconf 60' lang='lat' dir='ltr'>humanm</span> <span class='ocrx_word' id='word_1_239' title='bbox 415 2380 555 2412; x_wconf 89' lang='lat' dir='ltr'>secundo</span> <span class='ocrx_word' id='word_1_240' title='bbox 574 2379 733 2420; x_wconf 83' lang='lat' dir='ltr'>quaeritur</span> <span class='ocrx_word' id='word_1_241' title='bbox 753 2382 864 2411; x_wconf 91' lang='lat' dir='ltr'>utrum</span> <span class='ocrx_word' id='word_1_242' title='bbox 879 2390 929 2411; x_wconf 86' lang='lat' dir='ltr'>as-</span> 
     </span>
     <span class='ocr_line' id='line_1_40' title="bbox 151 2433 932 2475; baseline -0.001 -9"><span class='ocrx_word' id='word_1_243' title='bbox 151 2437 282 2475; x_wconf 72' lang='lat' dir='ltr'>sumpta</span> <span class='ocrx_word' id='word_1_244' title='bbox 290 2434 386 2466; x_wconf 79' lang='lat' dir='ltr'>fuerit</span> <span class='ocrx_word' id='word_1_245' title='bbox 399 2444 420 2466; x_wconf 82' lang='lat' dir='ltr'>a</span> <span class='ocrx_word' id='word_1_246' title='bbox 436 2433 549 2471; x_wconf 64' lang='lat' dir='ltr'>Verbo,</span> <span class='ocrx_word' id='word_1_247' title='bbox 562 2433 720 2465; x_wconf 81' lang='lat' dir='ltr'>mediante</span> <span class='ocrx_word' id='word_1_248' title='bbox 734 2433 847 2465; x_wconf 80' lang='lat' dir='ltr'>habitu</span> <span class='ocrx_word' id='word_1_249' title='bbox 859 2444 932 2474; x_wconf 81' lang='lat' dir='ltr'>gra-</span> 
     </span>
     <span class='ocr_line' id='line_1_41' title="bbox 152 2487 932 2528; baseline -0.001 -8"><span class='ocrx_word' id='word_1_250' title='bbox 152 2487 254 2527; x_wconf 65' lang='lat' dir='ltr'>tunm</span> <span class='ocrx_word' id='word_1_251' title='bbox 278 2487 372 2519; x_wconf 89' lang='lat' dir='ltr'>tertio</span> <span class='ocrx_word' id='word_1_252' title='bbox 393 2487 552 2528; x_wconf 70' lang='lat' dir='ltr'>quaeritur</span> <span class='ocrx_word' id='word_1_253' title='bbox 573 2489 684 2518; x_wconf 88' lang='lat' dir='ltr'>utrum</span> <span class='ocrx_word' id='word_1_254' title='bbox 709 2489 775 2519; x_wconf 81' lang='lat' dir='ltr'>tota</span> <span class='ocrx_word' id='word_1_255' title='bbox 789 2487 932 2520; x_wconf 87' lang='lat' dir='ltr'>humana</span> 
     </span>
    </p>
   </div>
   <div class='ocr_carea' id='block_1_5' title="bbox 154 2555 933 2696">
    <p class='ocr_par' dir='ltr' id='par_1_8' title="bbox 154 2555 933 2696">
     <span class='ocr_line' id='line_1_42' title="bbox 188 2555 931 2587; baseline -0.001 -6"><span class='ocrx_word' id='word_1_256' title='bbox 188 2555 198 2573; x_wconf 84' lang='lat'><strong>¹</strong></span> <span class='ocrx_word' id='word_1_257' title='bbox 209 2555 249 2586; x_wconf 73' lang='lat' dir='ltr'>Gr.</span> <span class='ocrx_word' id='word_1_258' title='bbox 266 2555 337 2581; x_wconf 73' lang='lat' dir='ltr'>Alex.</span> <span class='ocrx_word' id='word_1_259' title='bbox 360 2555 459 2586; x_wconf 62' lang='lat' dir='ltr'>Ateus„</span> <span class='ocrx_word' id='word_1_260' title='bbox 475 2562 500 2586; x_wconf 81' lang='lat' dir='ltr'>p.</span> <span class='ocrx_word' id='word_1_261' title='bbox 517 2556 560 2586; x_wconf 89' lang='grc' dir='ltr'>ΙΙΙ,</span> <span class='ocrx_word' id='word_1_262' title='bbox 572 2561 599 2587; x_wconf 82' lang='lat' dir='ltr'>q.</span> <span class='ocrx_word' id='word_1_263' title='bbox 617 2561 658 2586; x_wconf 70' lang='lat' dir='ltr'>un,</span> <span class='ocrx_word' id='word_1_264' title='bbox 675 2555 772 2579; x_wconf 82' lang='lat' dir='ltr'>memb.</span> <span class='ocrx_word' id='word_1_265' title='bbox 785 2557 814 2585; x_wconf 63' lang='grc' dir='ltr'>ῦς</span> <span class='ocrx_word' id='word_1_266' title='bbox 829 2557 856 2581; x_wconf 87' lang='lat' dir='ltr'>S.</span> <span class='ocrx_word' id='word_1_267' title='bbox 873 2556 931 2587; x_wconf 62' lang='lat' dir='ltr'>Th„</span> 
     </span>
     <span class='ocr_line' id='line_1_43' title="bbox 154 2591 933 2624; baseline 0 -8"><span class='ocrx_word' id='word_1_268' title='bbox 154 2597 182 2623; x_wconf 73' lang='lat' dir='ltr'>p.</span> <span class='ocrx_word' id='word_1_269' title='bbox 204 2591 248 2623; x_wconf 85' lang='grc' dir='ltr'>ΙΙΙ,</span> <span class='ocrx_word' id='word_1_270' title='bbox 256 2598 283 2624; x_wconf 82' lang='lat' dir='ltr'>q.</span> <span class='ocrx_word' id='word_1_271' title='bbox 299 2597 336 2623; x_wconf 85' lang='lat' dir='ltr'>vt,</span> <span class='ocrx_word' id='word_1_272' title='bbox 349 2594 399 2617; x_wconf 76' lang='lat' dir='ltr'>art.</span> <span class='ocrx_word' id='word_1_273' title='bbox 414 2594 443 2622; x_wconf 68' lang='lat'>23</span> <span class='ocrx_word' id='word_1_274' title='bbox 459 2594 486 2616; x_wconf 87' lang='lat' dir='ltr'>et</span> <span class='ocrx_word' id='word_1_275' title='bbox 500 2592 531 2616; x_wconf 83' lang='lat' dir='ltr'>tv</span> <span class='ocrx_word' id='word_1_276' title='bbox 547 2593 613 2616; x_wconf 78' lang='lat' dir='ltr'>cont.</span> <span class='ocrx_word' id='word_1_277' title='bbox 630 2592 714 2622; x_wconf 64' lang='lat' dir='ltr'>Geni„</span> <span class='ocrx_word' id='word_1_278' title='bbox 729 2599 752 2617; x_wconf 85' lang='lat' dir='ltr'>c.</span> <span class='ocrx_word' id='word_1_279' title='bbox 768 2597 844 2624; x_wconf 51' lang='lat' dir='ltr'>xum</span> <span class='ocrx_word' id='word_1_280' title='bbox 860 2594 885 2616; x_wconf 84' lang='lat' dir='ltr'>et</span> <span class='ocrx_word' id='word_1_281' title='bbox 902 2592 933 2617; x_wconf 84' lang='lat' dir='ltr'>de</span> 
     </span>
     <span class='ocr_line' id='line_1_44' title="bbox 155 2627 931 2659; baseline 0.005 -9"><span class='ocrx_word' id='word_1_282' title='bbox 155 2627 265 2659; x_wconf 74' lang='lat' dir='ltr'>spiritu,</span> <span class='ocrx_word' id='word_1_283' title='bbox 276 2630 324 2652; x_wconf 71' lang='lat' dir='ltr'>art.</span> <span class='ocrx_word' id='word_1_284' title='bbox 340 2628 364 2652; x_wconf 79' lang='lat'>³.</span> <span class='ocrx_word' id='word_1_285' title='bbox 380 2627 452 2652; x_wconf 78' lang='lat' dir='ltr'>etad</span> <span class='ocrx_word' id='word_1_286' title='bbox 469 2630 499 2657; x_wconf 72' lang='lat'>5;</span> <span class='ocrx_word' id='word_1_287' title='bbox 518 2627 670 2657; x_wconf 63' lang='lat' dir='ltr'>nictans-dus,</span> <span class='ocrx_word' id='word_1_288' title='bbox 684 2627 714 2652; x_wconf 90' lang='grc' dir='ltr'>ΙΙΙ</span> <span class='ocrx_word' id='word_1_289' title='bbox 731 2628 811 2654; x_wconf 48' lang='grc' dir='ltr'>ὀἵ-ιιι,</span> <span class='ocrx_word' id='word_1_290' title='bbox 826 2628 883 2652; x_wconf 71' lang='lat' dir='ltr'>dist.</span> <span class='ocrx_word' id='word_1_291' title='bbox 902 2635 931 2657; x_wconf 86' lang='lat'>11.</span> 
     </span>
     <span class='ocr_line' id='line_1_45' title="bbox 155 2663 932 2696; baseline 0.003 -8"><span class='ocrx_word' id='word_1_292' title='bbox 155 2666 203 2688; x_wconf 79' lang='lat' dir='ltr'>ut.</span> <span class='ocrx_word' id='word_1_293' title='bbox 222 2664 246 2693; x_wconf 78' lang='lat'>2,</span> <span class='ocrx_word' id='word_1_294' title='bbox 263 2670 288 2694; x_wconf 79' lang='lat' dir='ltr'>q.</span> <span class='ocrx_word' id='word_1_295' title='bbox 303 2669 326 2694; x_wconf 69' lang='lat'>15</span> <span class='ocrx_word' id='word_1_296' title='bbox 342 2663 431 2695; x_wconf 70' lang='lat' dir='ltr'>steph.</span> <span class='ocrx_word' id='word_1_297' title='bbox 450 2664 555 2694; x_wconf 64' lang='lat' dir='ltr'>Brulet„</span> <span class='ocrx_word' id='word_1_298' title='bbox 572 2664 603 2689; x_wconf 92' lang='grc' dir='ltr'>ΙΙΙ</span> <span class='ocrx_word' id='word_1_299' title='bbox 622 2664 704 2695; x_wconf 65' lang='lat' dir='ltr'>Sent„</span> <span class='ocrx_word' id='word_1_300' title='bbox 723 2663 782 2688; x_wconf 83' lang='lat' dir='ltr'>dist.</span> <span class='ocrx_word' id='word_1_301' title='bbox 799 2670 830 2695; x_wconf 84' lang='lat'>11,</span> <span class='ocrx_word' id='word_1_302' title='bbox 843 2671 870 2696; x_wconf 88' lang='lat' dir='ltr'>q.</span> <span class='ocrx_word' id='word_1_303' title='bbox 886 2671 932 2690; x_wconf 73' lang='lat' dir='ltr'>vu.</span> 
     </span>
    </p>
   </div>
   <div class='ocr_carea' id='block_1_6' title="bbox 976 158 1756 312">
    <p class='ocr_par' dir='ltr' id='par_1_9' title="bbox 976 158 1756 312">
     <span class='ocr_line' id='line_1_46' title="bbox 1717 158 1754 189; baseline 0.027 -1"><span class='ocrx_word' id='word_1_304' title='bbox 1717 158 1754 189; x_wconf 74' lang='lat'>¹07</span> 
     </span>
     <span class='ocr_line' id='line_1_47' title="bbox 976 223 1756 265; baseline 0 -9"><span class='ocrx_word' id='word_1_305' title='bbox 976 227 1092 256; x_wconf 80' lang='lat' dir='ltr'>natura</span> <span class='ocrx_word' id='word_1_306' title='bbox 1122 226 1286 265; x_wconf 78' lang='lat' dir='ltr'>assumpta</span> <span class='ocrx_word' id='word_1_307' title='bbox 1315 223 1408 254; x_wconf 74' lang='lat' dir='ltr'>fucrit</span> <span class='ocrx_word' id='word_1_308' title='bbox 1444 223 1603 256; x_wconf 79' lang='lat' dir='ltr'>mediante</span> <span class='ocrx_word' id='word_1_309' title='bbox 1635 225 1756 265; x_wconf 83' lang='lat' dir='ltr'>Spiritu</span> 
     </span>
     <span class='ocr_line' id='line_1_48' title="bbox 977 282 1098 312; baseline 0 0"><span class='ocrx_word' id='word_1_310' title='bbox 977 282 1098 312; x_wconf 77' lang='lat' dir='ltr'>sancto.</span> 
     </span>
    </p>
   </div>
   <div class='ocr_carea' id='block_1_7' title="bbox 1253 396 1482 434">
    <p class='ocr_par' dir='ltr' id='par_1_10' title="bbox 1253 396 1482 434">
     <span class='ocr_line' id='line_1_49' title="bbox 1253 396 1482 434; baseline 0.004 -7"><span class='ocrx_word' id='word_1_311' title='bbox 1253 396 1433 434; x_wconf 82' lang='lat' dir='ltr'>OUAESTlO</span> <span class='ocrx_word' id='word_1_312' title='bbox 1458 397 1482 428; x_wconf 94' lang='lat' dir='ltr'>l.</span> 
     </span>
    </p>
   </div>
   <div class='ocr_carea' id='block_1_8' title="bbox 979 477 1759 550">
    <p class='ocr_par' dir='ltr' id='par_1_11' title="bbox 979 477 1759 550">
     <span class='ocr_line' id='line_1_50' title="bbox 979 477 1759 514; baseline 0.003 -10"><span class='ocrx_word' id='word_1_313' title='bbox 979 478 1023 505; x_wconf 79' lang='lat' dir='ltr'>An</span> <span class='ocrx_word' id='word_1_314' title='bbox 1035 486 1097 504; x_wconf 82' lang='lat' dir='ltr'>caro</span> <span class='ocrx_word' id='word_1_315' title='bbox 1110 481 1249 514; x_wconf 79' lang='lat' dir='ltr'>assumpta</span> <span class='ocrx_word' id='word_1_316' title='bbox 1264 480 1350 512; x_wconf 73' lang='lat' dir='ltr'>suerit</span> <span class='ocrx_word' id='word_1_317' title='bbox 1371 487 1387 505; x_wconf 85' lang='lat' dir='ltr'>a</span> <span class='ocrx_word' id='word_1_318' title='bbox 1407 479 1493 506; x_wconf 73' lang='lat' dir='ltr'>Verbo</span> <span class='ocrx_word' id='word_1_319' title='bbox 1508 477 1644 506; x_wconf 74' lang='lat' dir='ltr'>mediante</span> <span class='ocrx_word' id='word_1_320' title='bbox 1657 480 1759 514; x_wconf 71' lang='lat' dir='ltr'>spiritu</span> 
     </span>
     <span class='ocr_line' id='line_1_51' title="bbox 1292 524 1444 550; baseline 0.007 -1"><span class='ocrx_word' id='word_1_321' title='bbox 1292 524 1409 550; x_wconf 74' lang='lat' dir='ltr'>humano</span> <span class='ocrx_word' id='word_1_322' title='bbox 1425 524 1444 550; x_wconf 82' lang='lat'>¹.</span> 
     </span>
    </p>
   </div>
   <div class='ocr_carea' id='block_1_9' title="bbox 1020 601 1847 643">
    <p class='ocr_par' dir='ltr' id='par_1_12' title="bbox 1020 601 1847 643">
     <span class='ocr_line' id='line_1_52' title="bbox 1020 601 1847 643; baseline 0.001 -10"><span class='ocrx_word' id='word_1_323' title='bbox 1020 601 1134 633; x_wconf 88' lang='lat' dir='ltr'>Utrum</span> <span class='ocrx_word' id='word_1_324' title='bbox 1149 601 1262 634; x_wconf 84' lang='lat' dir='ltr'>Christi</span> <span class='ocrx_word' id='word_1_325' title='bbox 1277 612 1394 643; x_wconf 83' lang='lat' dir='ltr'>corpus</span> <span class='ocrx_word' id='word_1_326' title='bbox 1407 603 1534 634; x_wconf 86' lang='lat' dir='ltr'>unitum</span> <span class='ocrx_word' id='word_1_327' title='bbox 1546 603 1643 634; x_wconf 86' lang='lat' dir='ltr'>suerit</span> <span class='ocrx_word' id='word_1_328' title='bbox 1659 602 1760 635; x_wconf 86' lang='lat' dir='ltr'>Verbo</span> <span class='ocrx_word' id='word_1_329' title='bbox 1786 612 1829 632; x_wconf 59' lang='lat' dir='ltr'>um«</span> <span class='ocrx_word' id='word_1_330' title='bbox 1844 621 1847 629; x_wconf 45' lang='grc' dir='ltr'>ν</span> 
     </span>
    </p>
   </div>
   <div class='ocr_carea' id='block_1_10' title="bbox 979 656 1769 2532">
    <p class='ocr_par' dir='ltr' id='par_1_13' title="bbox 979 656 1762 904">
     <span class='ocr_line' id='line_1_53' title="bbox 980 656 1760 697; baseline 0.001 -10"><span class='ocrx_word' id='word_1_331' title='bbox 980 656 1139 687; x_wconf 77' lang='lat' dir='ltr'>mediante</span> <span class='ocrx_word' id='word_1_332' title='bbox 1161 656 1276 697; x_wconf 82' lang='lat' dir='ltr'>spiritu</span> <span class='ocrx_word' id='word_1_333' title='bbox 1296 656 1461 695; x_wconf 83' lang='lat' dir='ltr'>humano,</span> <span class='ocrx_word' id='word_1_334' title='bbox 1486 657 1554 688; x_wconf 83' lang='lat' dir='ltr'>sive</span> <span class='ocrx_word' id='word_1_335' title='bbox 1577 657 1706 695; x_wconf 80' lang='lat' dir='ltr'>anima·‚</span> <span class='ocrx_word' id='word_1_336' title='bbox 1731 660 1760 688; x_wconf 88' lang='lat' dir='ltr'>et</span> 
     </span>
     <span class='ocr_line' id='line_1_54' title="bbox 979 710 1760 751; baseline 0.001 -11"><span class='ocrx_word' id='word_1_337' title='bbox 979 710 1064 751; x_wconf 89' lang='lat' dir='ltr'>quod</span> <span class='ocrx_word' id='word_1_338' title='bbox 1078 710 1140 746; x_wconf 74' lang='lat' dir='ltr'>sic,</span> <span class='ocrx_word' id='word_1_339' title='bbox 1162 710 1288 740; x_wconf 90' lang='lat' dir='ltr'>videtur</span> <span class='ocrx_word' id='word_1_340' title='bbox 1304 710 1407 750; x_wconf 84' lang='lat' dir='ltr'>primo</span> <span class='ocrx_word' id='word_1_341' title='bbox 1423 711 1610 741; x_wconf 82' lang='lat' dir='ltr'>auctoritate</span> <span class='ocrx_word' id='word_1_342' title='bbox 1629 711 1760 742; x_wconf 79' lang='lat' dir='ltr'>Damas-</span> 
     </span>
     <span class='ocr_line' id='line_1_55' title="bbox 980 763 1759 805; baseline 0 -10"><span class='ocrx_word' id='word_1_343' title='bbox 980 765 1070 803; x_wconf 81' lang='lat' dir='ltr'>ceni,</span> <span class='ocrx_word' id='word_1_344' title='bbox 1099 774 1198 805; x_wconf 83' lang='lat' dir='ltr'>quam</span> <span class='ocrx_word' id='word_1_345' title='bbox 1228 763 1380 804; x_wconf 81' lang='lat' dir='ltr'>Magister</span> <span class='ocrx_word' id='word_1_346' title='bbox 1401 764 1529 796; x_wconf 81' lang='lat' dir='ltr'>adducit</span> <span class='ocrx_word' id='word_1_347' title='bbox 1551 765 1582 794; x_wconf 91' lang='lat' dir='ltr'>iu</span> <span class='ocrx_word' id='word_1_348' title='bbox 1608 764 1759 795; x_wconf 83' lang='lat' dir='ltr'>littera’:</span> 
     </span>
     <span class='ocr_line' id='line_1_56' title="bbox 984 817 1762 858; baseline 0 -10"><span class='ocrx_word' id='word_1_349' title='bbox 984 830 999 848; x_wconf 78' lang='lat' dir='ltr'>&lt;t</span> <span class='ocrx_word' id='word_1_350' title='bbox 1012 817 1144 850; x_wconf 87' lang='lat' dir='ltr'>Unitum</span> <span class='ocrx_word' id='word_1_351' title='bbox 1157 821 1205 850; x_wconf 85' lang='lat' dir='ltr'>est</span> <span class='ocrx_word' id='word_1_352' title='bbox 1219 818 1307 850; x_wconf 82' lang='lat' dir='ltr'>carni</span> <span class='ocrx_word' id='word_1_353' title='bbox 1323 817 1465 849; x_wconf 72' lang='lat' dir='ltr'>Verbum</span> <span class='ocrx_word' id='word_1_354' title='bbox 1481 817 1534 849; x_wconf 87' lang='lat' dir='ltr'>Dei</span> <span class='ocrx_word' id='word_1_355' title='bbox 1549 827 1605 858; x_wconf 90' lang='lat' dir='ltr'>per</span> <span class='ocrx_word' id='word_1_356' title='bbox 1619 818 1762 849; x_wconf 88' lang='lat' dir='ltr'>medium</span> 
     </span>
     <span class='ocr_line' id='line_1_57' title="bbox 981 872 1217 904; baseline -0.008 -1"><span class='ocrx_word' id='word_1_357' title='bbox 981 872 1188 904; x_wconf 87' lang='lat' dir='ltr'>intellectum.</span> <span class='ocrx_word' id='word_1_358' title='bbox 1203 883 1217 901; x_wconf 77' lang='grc' dir='ltr'><strong>υ</strong></span> 
     </span>
    </p>

    <p class='ocr_par' dir='ltr' id='par_1_14' title="bbox 984 925 1764 1020">
     <span class='ocr_line' id='line_1_58' title="bbox 1024 925 1764 965; baseline 0 -8"><span class='ocrx_word' id='word_1_359' title='bbox 1024 926 1102 958; x_wconf 91' lang='lat' dir='ltr'>ltem</span> <span class='ocrx_word' id='word_1_360' title='bbox 1117 925 1310 965; x_wconf 79' lang='lat' dir='ltr'>Gregorius:</span> <span class='ocrx_word' id='word_1_361' title='bbox 1330 938 1345 955; x_wconf 82' lang='grc' dir='ltr'>α</span> <span class='ocrx_word' id='word_1_362' title='bbox 1359 926 1494 957; x_wconf 83' lang='lat' dir='ltr'>Carnem</span> <span class='ocrx_word' id='word_1_363' title='bbox 1507 925 1607 957; x_wconf 81' lang='lat' dir='ltr'>deitas</span> <span class='ocrx_word' id='word_1_364' title='bbox 1623 925 1764 958; x_wconf 83' lang='lat' dir='ltr'>median-</span> 
     </span>
     <span class='ocr_line' id='line_1_59' title="bbox 984 980 1329 1020; baseline -0.009 -8"><span class='ocrx_word' id='word_1_365' title='bbox 984 983 1012 1012; x_wconf 88' lang='lat' dir='ltr'>te</span> <span class='ocrx_word' id='word_1_366' title='bbox 1026 981 1134 1012; x_wconf 86' lang='lat' dir='ltr'>anima</span> <span class='ocrx_word' id='word_1_367' title='bbox 1148 980 1297 1020; x_wconf 77' lang='lat' dir='ltr'>suscepit.</span> <span class='ocrx_word' id='word_1_368' title='bbox 1314 991 1329 1009; x_wconf 74' lang='grc' dir='ltr'><strong>υ</strong></span> 
     </span>
    </p>

    <p class='ocr_par' dir='ltr' id='par_1_15' title="bbox 982 1033 1764 1181">
     <span class='ocr_line' id='line_1_60' title="bbox 1024 1033 1764 1074; baseline 0.001 -9"><span class='ocrx_word' id='word_1_369' title='bbox 1024 1034 1102 1065; x_wconf 82' lang='lat' dir='ltr'>Item</span> <span class='ocrx_word' id='word_1_370' title='bbox 1124 1033 1331 1073; x_wconf 68' lang='lat' dir='ltr'>Augustinus</span> <span class='ocrx_word' id='word_1_371' title='bbox 1353 1033 1412 1065; x_wconf 90' lang='lat' dir='ltr'>hoc</span> <span class='ocrx_word' id='word_1_372' title='bbox 1428 1034 1533 1074; x_wconf 86' lang='lat' dir='ltr'>ipsum</span> <span class='ocrx_word' id='word_1_373' title='bbox 1548 1034 1594 1066; x_wconf 78' lang='lat' dir='ltr'>ad</span> <span class='ocrx_word' id='word_1_374' title='bbox 1619 1033 1764 1066; x_wconf 80' lang='lat' dir='ltr'>Volusia-</span> 
     </span>
     <span class='ocr_line' id='line_1_61' title="bbox 982 1087 1763 1128; baseline -0.001 -8"><span class='ocrx_word' id='word_1_375' title='bbox 982 1097 1060 1120; x_wconf 80' lang='lat' dir='ltr'>num</span> <span class='ocrx_word' id='word_1_376' title='bbox 1079 1091 1090 1108; x_wconf 82' lang='lat'>⁸</span> <span class='ocrx_word' id='word_1_377' title='bbox 1109 1100 1115 1120; x_wconf 92' lang='lat'>:</span> <span class='ocrx_word' id='word_1_378' title='bbox 1146 1100 1160 1118; x_wconf 73' lang='grc' dir='ltr'>ει</span> <span class='ocrx_word' id='word_1_379' title='bbox 1175 1088 1327 1119; x_wconf 83' lang='lat' dir='ltr'>Animam</span> <span class='ocrx_word' id='word_1_380' title='bbox 1355 1087 1543 1118; x_wconf 80' lang='lat' dir='ltr'>rationalem</span> <span class='ocrx_word' id='word_1_381' title='bbox 1576 1097 1633 1128; x_wconf 86' lang='lat' dir='ltr'>per</span> <span class='ocrx_word' id='word_1_382' title='bbox 1662 1088 1763 1128; x_wconf 73' lang='lat' dir='ltr'>ipsam</span> 
     </span>
     <span class='ocr_line' id='line_1_62' title="bbox 983 1141 1605 1181; baseline -0.005 -9"><span class='ocrx_word' id='word_1_383' title='bbox 983 1150 1100 1181; x_wconf 83' lang='lat' dir='ltr'>corpus</span> <span class='ocrx_word' id='word_1_384' title='bbox 1114 1141 1296 1171; x_wconf 86' lang='lat' dir='ltr'>humanum</span> <span class='ocrx_word' id='word_1_385' title='bbox 1312 1141 1433 1180; x_wconf 83' lang='lat' dir='ltr'>aptavit</span> <span class='ocrx_word' id='word_1_386' title='bbox 1445 1141 1504 1171; x_wconf 79' lang='lat' dir='ltr'>sibi</span> <span class='ocrx_word' id='word_1_387' title='bbox 1522 1142 1574 1180; x_wconf 75' lang='lat' dir='ltr'>(a).</span> <span class='ocrx_word' id='word_1_388' title='bbox 1590 1153 1605 1169; x_wconf 78' lang='grc' dir='ltr'><strong>υ</strong></span> 
     </span>
    </p>

    <p class='ocr_par' dir='ltr' id='par_1_16' title="bbox 983 1193 1767 1612">
     <span class='ocr_line' id='line_1_63' title="bbox 1025 1193 1764 1234; baseline 0.001 -9"><span class='ocrx_word' id='word_1_389' title='bbox 1025 1194 1103 1225; x_wconf 88' lang='lat' dir='ltr'>ltem</span> <span class='ocrx_word' id='word_1_390' title='bbox 1125 1194 1185 1225; x_wconf 89' lang='lat' dir='ltr'>hoc</span> <span class='ocrx_word' id='word_1_391' title='bbox 1201 1194 1308 1234; x_wconf 85' lang='lat' dir='ltr'>ipsum</span> <span class='ocrx_word' id='word_1_392' title='bbox 1323 1193 1450 1225; x_wconf 80' lang='lat' dir='ltr'>videtur</span> <span class='ocrx_word' id='word_1_393' title='bbox 1463 1194 1595 1226; x_wconf 85' lang='lat' dir='ltr'>ratione.</span> <span class='ocrx_word' id='word_1_394' title='bbox 1614 1194 1764 1227; x_wconf 85' lang='lat' dir='ltr'>Extrema</span> 
     </span>
     <span class='ocr_line' id='line_1_64' title="bbox 983 1247 1761 1289; baseline 0 -9"><span class='ocrx_word' id='word_1_395' title='bbox 983 1249 1123 1280; x_wconf 90' lang='lat' dir='ltr'>multum</span> <span class='ocrx_word' id='word_1_396' title='bbox 1139 1247 1287 1279; x_wconf 85' lang='lat' dir='ltr'>distantia</span> <span class='ocrx_word' id='word_1_397' title='bbox 1302 1257 1367 1279; x_wconf 88' lang='lat' dir='ltr'>non</span> <span class='ocrx_word' id='word_1_398' title='bbox 1380 1248 1538 1279; x_wconf 87' lang='lat' dir='ltr'>uniuntur</span> <span class='ocrx_word' id='word_1_399' title='bbox 1552 1249 1611 1279; x_wconf 85' lang='lat' dir='ltr'>nisi</span> <span class='ocrx_word' id='word_1_400' title='bbox 1626 1258 1682 1289; x_wconf 87' lang='lat' dir='ltr'>per</span> <span class='ocrx_word' id='word_1_401' title='bbox 1697 1259 1761 1280; x_wconf 80' lang='lat' dir='ltr'>iue-</span> 
     </span>
     <span class='ocr_line' id='line_1_65' title="bbox 983 1302 1765 1342; baseline 0.001 -9"><span class='ocrx_word' id='word_1_402' title='bbox 983 1303 1074 1333; x_wconf 83' lang='lat' dir='ltr'>dium</span> <span class='ocrx_word' id='word_1_403' title='bbox 1092 1302 1222 1342; x_wconf 83' lang='lat' dir='ltr'>aliquod</span> <span class='ocrx_word' id='word_1_404' title='bbox 1239 1310 1246 1332; x_wconf 95' lang='lat'><strong>:</strong></span> <span class='ocrx_word' id='word_1_405' title='bbox 1266 1302 1320 1332; x_wconf 85' lang='lat' dir='ltr'>sed</span> <span class='ocrx_word' id='word_1_406' title='bbox 1338 1311 1531 1342; x_wconf 86' lang='lat' dir='ltr'>corporeum</span> <span class='ocrx_word' id='word_1_407' title='bbox 1543 1326 1551 1340; x_wconf 91' lang='lat'><strong>‚</strong></span> <span class='ocrx_word' id='word_1_408' title='bbox 1570 1305 1712 1334; x_wconf 87' lang='lat' dir='ltr'>creatum</span> <span class='ocrx_word' id='word_1_409' title='bbox 1735 1307 1765 1334; x_wconf 90' lang='lat' dir='ltr'>et</span> 
     </span>
     <span class='ocr_line' id='line_1_66' title="bbox 984 1356 1767 1397; baseline 0 -9"><span class='ocrx_word' id='word_1_410' title='bbox 984 1356 1207 1397; x_wconf 84' lang='lat' dir='ltr'>corruptibile,</span> <span class='ocrx_word' id='word_1_411' title='bbox 1224 1358 1255 1387; x_wconf 87' lang='lat' dir='ltr'>et</span> <span class='ocrx_word' id='word_1_412' title='bbox 1279 1356 1458 1387; x_wconf 81' lang='lat' dir='ltr'>increatum</span> <span class='ocrx_word' id='word_1_413' title='bbox 1470 1380 1478 1394; x_wconf 91' lang='lat'>,</span> <span class='ocrx_word' id='word_1_414' title='bbox 1492 1356 1717 1397; x_wconf 85' lang='lat' dir='ltr'>incorporeum</span> <span class='ocrx_word' id='word_1_415' title='bbox 1734 1360 1767 1388; x_wconf 88' lang='lat' dir='ltr'>et</span> 
     </span>
     <span class='ocr_line' id='line_1_67' title="bbox 984 1410 1762 1451; baseline 0.003 -10"><span class='ocrx_word' id='word_1_416' title='bbox 984 1410 1226 1451; x_wconf 85' lang='lat' dir='ltr'>incorruptibile</span> <span class='ocrx_word' id='word_1_417' title='bbox 1246 1413 1322 1441; x_wconf 84' lang='lat' dir='ltr'>suut</span> <span class='ocrx_word' id='word_1_418' title='bbox 1342 1410 1483 1441; x_wconf 79' lang='lat' dir='ltr'>maxime</span> <span class='ocrx_word' id='word_1_419' title='bbox 1497 1410 1664 1442; x_wconf 85' lang='lat' dir='ltr'>distantia:</span> <span class='ocrx_word' id='word_1_420' title='bbox 1683 1420 1762 1451; x_wconf 80' lang='lat' dir='ltr'>ergo</span> 
     </span>
     <span class='ocr_line' id='line_1_68' title="bbox 985 1463 1765 1505; baseline 0 -10"><span class='ocrx_word' id='word_1_421' title='bbox 985 1465 1144 1496; x_wconf 84' lang='lat' dir='ltr'>uniuntur</span> <span class='ocrx_word' id='word_1_422' title='bbox 1159 1473 1215 1504; x_wconf 88' lang='lat' dir='ltr'>per</span> <span class='ocrx_word' id='word_1_423' title='bbox 1225 1464 1354 1504; x_wconf 83' lang='lat' dir='ltr'>aliquod</span> <span class='ocrx_word' id='word_1_424' title='bbox 1366 1464 1520 1502; x_wconf 84' lang='lat' dir='ltr'>medium,</span> <span class='ocrx_word' id='word_1_425' title='bbox 1535 1463 1621 1504; x_wconf 91' lang='lat' dir='ltr'>quod</span> <span class='ocrx_word' id='word_1_426' title='bbox 1635 1464 1765 1505; x_wconf 86' lang='lat' dir='ltr'>quidem</span> 
     </span>
     <span class='ocr_line' id='line_1_69' title="bbox 984 1518 1766 1559; baseline -0.001 -9"><span class='ocrx_word' id='word_1_427' title='bbox 984 1519 1023 1550; x_wconf 88' lang='lat' dir='ltr'>sit</span> <span class='ocrx_word' id='word_1_428' title='bbox 1036 1521 1179 1550; x_wconf 86' lang='lat' dir='ltr'>creatum</span> <span class='ocrx_word' id='word_1_429' title='bbox 1191 1521 1222 1549; x_wconf 89' lang='lat' dir='ltr'>et</span> <span class='ocrx_word' id='word_1_430' title='bbox 1235 1518 1460 1559; x_wconf 82' lang='lat' dir='ltr'>incorporeum</span> <span class='ocrx_word' id='word_1_431' title='bbox 1473 1529 1480 1550; x_wconf 76' lang='lat' dir='ltr'>z</span> <span class='ocrx_word' id='word_1_432' title='bbox 1496 1518 1550 1550; x_wconf 88' lang='lat' dir='ltr'>sed</span> <span class='ocrx_word' id='word_1_433' title='bbox 1561 1518 1632 1549; x_wconf 83' lang='lat' dir='ltr'>talis</span> <span class='ocrx_word' id='word_1_434' title='bbox 1643 1521 1689 1549; x_wconf 82' lang='lat' dir='ltr'>est</span> <span class='ocrx_word' id='word_1_435' title='bbox 1701 1519 1766 1559; x_wconf 85' lang='lat' dir='ltr'>spi-</span> 
     </span>
     <span class='ocr_line' id='line_1_70' title="bbox 985 1572 1441 1612; baseline 0.002 -9"><span class='ocrx_word' id='word_1_436' title='bbox 985 1573 1067 1603; x_wconf 88' lang='lat' dir='ltr'>ritus</span> <span class='ocrx_word' id='word_1_437' title='bbox 1080 1572 1262 1603; x_wconf 80' lang='lat' dir='ltr'>rationalis:</span> <span class='ocrx_word' id='word_1_438' title='bbox 1279 1582 1370 1612; x_wconf 80' lang='lat' dir='ltr'>ergo,</span> <span class='ocrx_word' id='word_1_439' title='bbox 1381 1575 1441 1604; x_wconf 87' lang='lat' dir='ltr'>etc.</span> 
     </span>
    </p>

    <p class='ocr_par' dir='ltr' id='par_1_17' title="bbox 985 1626 1767 1827">
     <span class='ocr_line' id='line_1_71' title="bbox 1027 1626 1766 1666; baseline 0.003 -10"><span class='ocrx_word' id='word_1_440' title='bbox 1027 1626 1104 1657; x_wconf 87' lang='lat' dir='ltr'>Item</span> <span class='ocrx_word' id='word_1_441' title='bbox 1120 1626 1250 1666; x_wconf 77' lang='lat' dir='ltr'>maJoris</span> <span class='ocrx_word' id='word_1_442' title='bbox 1262 1626 1426 1665; x_wconf 75' lang='lat' dir='ltr'>dignitatis</span> <span class='ocrx_word' id='word_1_443' title='bbox 1436 1628 1482 1657; x_wconf 85' lang='lat' dir='ltr'>est</span> <span class='ocrx_word' id='word_1_444' title='bbox 1497 1635 1564 1657; x_wconf 81' lang='lat' dir='ltr'>esse</span> <span class='ocrx_word' id='word_1_445' title='bbox 1579 1626 1708 1657; x_wconf 90' lang='lat' dir='ltr'>unitum</span> <span class='ocrx_word' id='word_1_446' title='bbox 1721 1627 1766 1658; x_wconf 91' lang='lat' dir='ltr'>di-</span> 
     </span>
     <span class='ocr_line' id='line_1_72' title="bbox 985 1679 1767 1720; baseline 0.001 -10"><span class='ocrx_word' id='word_1_447' title='bbox 985 1680 1123 1718; x_wconf 85' lang='lat' dir='ltr'>vinitati,</span> <span class='ocrx_word' id='word_1_448' title='bbox 1136 1688 1234 1719; x_wconf 87' lang='lat' dir='ltr'>quam</span> <span class='ocrx_word' id='word_1_449' title='bbox 1249 1688 1317 1710; x_wconf 82' lang='lat' dir='ltr'>esse</span> <span class='ocrx_word' id='word_1_450' title='bbox 1327 1679 1544 1719; x_wconf 78' lang='lat' dir='ltr'>glorificatum</span> <span class='ocrx_word' id='word_1_451' title='bbox 1559 1691 1566 1711; x_wconf 91' lang='lat'>:</span> <span class='ocrx_word' id='word_1_452' title='bbox 1584 1680 1637 1711; x_wconf 91' lang='lat' dir='ltr'>sed</span> <span class='ocrx_word' id='word_1_453' title='bbox 1652 1689 1767 1720; x_wconf 87' lang='lat' dir='ltr'>corpus</span> 
     </span>
     <span class='ocr_line' id='line_1_73' title="bbox 985 1733 1767 1773; baseline 0 -8"><span class='ocrx_word' id='word_1_454' title='bbox 985 1742 1049 1765; x_wconf 86' lang='lat' dir='ltr'>non</span> <span class='ocrx_word' id='word_1_455' title='bbox 1064 1735 1111 1765; x_wconf 88' lang='lat' dir='ltr'>est</span> <span class='ocrx_word' id='word_1_456' title='bbox 1130 1733 1236 1764; x_wconf 81' lang='lat' dir='ltr'>habile</span> <span class='ocrx_word' id='word_1_457' title='bbox 1250 1733 1289 1764; x_wconf 90' lang='lat' dir='ltr'>ad</span> <span class='ocrx_word' id='word_1_458' title='bbox 1302 1733 1569 1773; x_wconf 80' lang='lat' dir='ltr'>glorificationem</span> <span class='ocrx_word' id='word_1_459' title='bbox 1581 1759 1589 1771; x_wconf 86' lang='lat'>‚</span> <span class='ocrx_word' id='word_1_460' title='bbox 1615 1734 1675 1764; x_wconf 88' lang='lat' dir='ltr'>nisi</span> <span class='ocrx_word' id='word_1_461' title='bbox 1698 1743 1767 1765; x_wconf 88' lang='lat' dir='ltr'>me-</span> 
     </span>
     <span class='ocr_line' id='line_1_74' title="bbox 985 1787 1639 1827; baseline 0 -8"><span class='ocrx_word' id='word_1_462' title='bbox 985 1787 1092 1819; x_wconf 87' lang='lat' dir='ltr'>diante</span> <span class='ocrx_word' id='word_1_463' title='bbox 1105 1787 1234 1818; x_wconf 86' lang='lat' dir='ltr'>anima:</span> <span class='ocrx_word' id='word_1_464' title='bbox 1253 1796 1332 1827; x_wconf 87' lang='lat' dir='ltr'>ergo</span> <span class='ocrx_word' id='word_1_465' title='bbox 1347 1796 1406 1818; x_wconf 91' lang='lat' dir='ltr'>nec</span> <span class='ocrx_word' id='word_1_466' title='bbox 1421 1788 1460 1818; x_wconf 89' lang='lat' dir='ltr'>ad</span> <span class='ocrx_word' id='word_1_467' title='bbox 1474 1787 1639 1819; x_wconf 87' lang='lat' dir='ltr'>unionem.</span> 
     </span>
    </p>

    <p class='ocr_par' dir='ltr' id='par_1_18' title="bbox 987 1841 1769 2252">
     <span class='ocr_line' id='line_1_75' title="bbox 1028 1841 1767 1883; baseline 0.004 -11"><span class='ocrx_word' id='word_1_468' title='bbox 1028 1841 1119 1879; x_wconf 84' lang='lat' dir='ltr'>Item,</span> <span class='ocrx_word' id='word_1_469' title='bbox 1135 1841 1375 1882; x_wconf 85' lang='lat' dir='ltr'>circumscripta</span> <span class='ocrx_word' id='word_1_470' title='bbox 1389 1841 1509 1880; x_wconf 84' lang='lat' dir='ltr'>anima,</span> <span class='ocrx_word' id='word_1_471' title='bbox 1525 1851 1640 1883; x_wconf 90' lang='lat' dir='ltr'>corpus</span> <span class='ocrx_word' id='word_1_472' title='bbox 1655 1843 1767 1875; x_wconf 85' lang='lat' dir='ltr'>huma-</span> 
     </span>
     <span class='ocr_line' id='line_1_76' title="bbox 987 1895 1768 1938; baseline 0 -10"><span class='ocrx_word' id='word_1_473' title='bbox 987 1905 1069 1928; x_wconf 88' lang='lat' dir='ltr'>num</span> <span class='ocrx_word' id='word_1_474' title='bbox 1083 1898 1130 1927; x_wconf 85' lang='lat' dir='ltr'>est</span> <span class='ocrx_word' id='word_1_475' title='bbox 1145 1895 1254 1927; x_wconf 88' lang='lat' dir='ltr'>minus</span> <span class='ocrx_word' id='word_1_476' title='bbox 1266 1895 1372 1926; x_wconf 89' lang='lat' dir='ltr'>nobile</span> <span class='ocrx_word' id='word_1_477' title='bbox 1385 1905 1484 1935; x_wconf 88' lang='lat' dir='ltr'>quam</span> <span class='ocrx_word' id='word_1_478' title='bbox 1500 1895 1541 1926; x_wconf 87' lang='lat' dir='ltr'>sit</span> <span class='ocrx_word' id='word_1_479' title='bbox 1557 1896 1691 1928; x_wconf 88' lang='lat' dir='ltr'>brutalis</span> <span class='ocrx_word' id='word_1_480' title='bbox 1703 1897 1768 1938; x_wconf 88' lang='lat' dir='ltr'>spi—</span> 
     </span>
     <span class='ocr_line' id='line_1_77' title="bbox 987 1949 1769 1990; baseline 0.001 -9"><span class='ocrx_word' id='word_1_481' title='bbox 987 1950 1068 1982; x_wconf 89' lang='lat' dir='ltr'>ritus</span> <span class='ocrx_word' id='word_1_482' title='bbox 1078 1973 1086 1987; x_wconf 88' lang='lat'><strong>‚</strong></span> <span class='ocrx_word' id='word_1_483' title='bbox 1104 1949 1182 1990; x_wconf 84' lang='lat' dir='ltr'>quia</span> <span class='ocrx_word' id='word_1_484' title='bbox 1199 1949 1376 1980; x_wconf 85' lang='lat' dir='ltr'>substantia</span> <span class='ocrx_word' id='word_1_485' title='bbox 1392 1949 1567 1990; x_wconf 77' lang='lat' dir='ltr'>spiritualis</span> <span class='ocrx_word' id='word_1_486' title='bbox 1580 1950 1711 1990; x_wconf 87' lang='lat' dir='ltr'>dignior</span> <span class='ocrx_word' id='word_1_487' title='bbox 1722 1953 1769 1982; x_wconf 89' lang='lat' dir='ltr'>est</span> 
     </span>
     <span class='ocr_line' id='line_1_78' title="bbox 987 2003 1769 2045; baseline 0.001 -9"><span class='ocrx_word' id='word_1_488' title='bbox 987 2003 1144 2045; x_wconf 83' lang='lat' dir='ltr'>corporali</span> <span class='ocrx_word' id='word_1_489' title='bbox 1159 2013 1167 2035; x_wconf 79' lang='lat' dir='ltr'><em>z</em></span> <span class='ocrx_word' id='word_1_490' title='bbox 1198 2004 1252 2035; x_wconf 87' lang='lat' dir='ltr'>sed</span> <span class='ocrx_word' id='word_1_491' title='bbox 1276 2003 1397 2035; x_wconf 85' lang='lat' dir='ltr'>animal</span> <span class='ocrx_word' id='word_1_492' title='bbox 1422 2003 1556 2036; x_wconf 88' lang='lat' dir='ltr'>brutum</span> <span class='ocrx_word' id='word_1_493' title='bbox 1583 2014 1650 2036; x_wconf 90' lang='lat' dir='ltr'>non</span> <span class='ocrx_word' id='word_1_494' title='bbox 1674 2005 1769 2037; x_wconf 87' lang='lat' dir='ltr'>habet</span> 
     </span>
     <span class='ocr_line' id='line_1_79' title="bbox 987 2057 1769 2099; baseline 0.001 -10"><span class='ocrx_word' id='word_1_495' title='bbox 987 2057 1236 2098; x_wconf 84' lang='lat' dir='ltr'>congruentiam</span> <span class='ocrx_word' id='word_1_496' title='bbox 1248 2057 1287 2088; x_wconf 89' lang='lat' dir='ltr'>ad</span> <span class='ocrx_word' id='word_1_497' title='bbox 1299 2057 1454 2089; x_wconf 88' lang='lat' dir='ltr'>unionem</span> <span class='ocrx_word' id='word_1_498' title='bbox 1467 2068 1474 2089; x_wconf 92' lang='lat'>:</span> <span class='ocrx_word' id='word_1_499' title='bbox 1492 2067 1571 2098; x_wconf 85' lang='lat' dir='ltr'>ergo</span> <span class='ocrx_word' id='word_1_500' title='bbox 1583 2067 1643 2090; x_wconf 90' lang='lat' dir='ltr'>nec</span> <span class='ocrx_word' id='word_1_501' title='bbox 1653 2067 1769 2099; x_wconf 92' lang='lat' dir='ltr'>corpus</span> 
     </span>
     <span class='ocr_line' id='line_1_80' title="bbox 988 2111 1768 2152; baseline 0.001 -9"><span class='ocrx_word' id='word_1_502' title='bbox 988 2112 1170 2144; x_wconf 88' lang='lat' dir='ltr'>humanum</span> <span class='ocrx_word' id='word_1_503' title='bbox 1185 2120 1242 2152; x_wconf 90' lang='lat' dir='ltr'>per</span> <span class='ocrx_word' id='word_1_504' title='bbox 1259 2111 1401 2152; x_wconf 86' lang='lat' dir='ltr'>seipsum</span> <span class='ocrx_word' id='word_1_505' title='bbox 1420 2123 1426 2143; x_wconf 96' lang='lat'><strong>:</strong></span> <span class='ocrx_word' id='word_1_506' title='bbox 1447 2111 1473 2142; x_wconf 82' lang='lat' dir='ltr'>si</span> <span class='ocrx_word' id='word_1_507' title='bbox 1492 2121 1572 2152; x_wconf 83' lang='lat' dir='ltr'>ergo</span> <span class='ocrx_word' id='word_1_508' title='bbox 1586 2121 1768 2152; x_wconf 85' lang='lat' dir='ltr'>congruen-</span> 
     </span>
     <span class='ocr_line' id='line_1_81' title="bbox 988 2165 1767 2206; baseline 0 -9"><span class='ocrx_word' id='word_1_509' title='bbox 988 2166 1067 2198; x_wconf 88' lang='lat' dir='ltr'>tiam</span> <span class='ocrx_word' id='word_1_510' title='bbox 1082 2165 1194 2204; x_wconf 82' lang='lat' dir='ltr'>habet,</span> <span class='ocrx_word' id='word_1_511' title='bbox 1217 2165 1278 2197; x_wconf 92' lang='lat' dir='ltr'>hoc</span> <span class='ocrx_word' id='word_1_512' title='bbox 1298 2169 1345 2196; x_wconf 88' lang='lat' dir='ltr'>est</span> <span class='ocrx_word' id='word_1_513' title='bbox 1362 2165 1520 2197; x_wconf 77' lang='lat' dir='ltr'>mediante</span> <span class='ocrx_word' id='word_1_514' title='bbox 1535 2166 1650 2206; x_wconf 89' lang='lat' dir='ltr'>spiritu</span> <span class='ocrx_word' id='word_1_515' title='bbox 1671 2169 1702 2198; x_wconf 88' lang='lat' dir='ltr'>et</span> <span class='ocrx_word' id='word_1_516' title='bbox 1717 2166 1767 2197; x_wconf 92' lang='lat' dir='ltr'>in-</span> 
     </span>
     <span class='ocr_line' id='line_1_82' title="bbox 989 2220 1127 2252; baseline 0 -1"><span class='ocrx_word' id='word_1_517' title='bbox 989 2220 1127 2252; x_wconf 88' lang='lat' dir='ltr'>tellectu.</span> 
     </span>
    </p>

    <p class='ocr_par' dir='ltr' id='par_1_19' title="bbox 988 2272 1769 2532">
     <span class='ocr_line' id='line_1_83' title="bbox 1030 2272 1769 2306; baseline 0.003 -2"><span class='ocrx_word' id='word_1_518' title='bbox 1030 2273 1092 2305; x_wconf 91' lang='lat' dir='ltr'>Sed</span> <span class='ocrx_word' id='word_1_519' title='bbox 1103 2275 1231 2304; x_wconf 87' lang='lat' dir='ltr'>contra:</span> <span class='ocrx_word' id='word_1_520' title='bbox 1246 2276 1260 2304; x_wconf 86' lang='lat'><strong>1</strong></span> <span class='ocrx_word' id='word_1_521' title='bbox 1268 2296 1276 2304; x_wconf 88' lang='lat'><strong>.</strong></span> <span class='ocrx_word' id='word_1_522' title='bbox 1290 2272 1373 2305; x_wconf 91' lang='lat' dir='ltr'>Deus</span> <span class='ocrx_word' id='word_1_523' title='bbox 1383 2276 1427 2305; x_wconf 87' lang='lat' dir='ltr'>est</span> <span class='ocrx_word' id='word_1_524' title='bbox 1442 2273 1575 2305; x_wconf 89' lang='lat' dir='ltr'>intimus</span> <span class='ocrx_word' id='word_1_525' title='bbox 1585 2275 1674 2306; x_wconf 90' lang='lat' dir='ltr'>omni</span> <span class='ocrx_word' id='word_1_526' title='bbox 1685 2284 1769 2306; x_wconf 87' lang='lat' dir='ltr'>crea-</span> 
     </span>
     <span class='ocr_line' id='line_1_84' title="bbox 990 2327 1768 2369; baseline 0.001 -9"><span class='ocrx_word' id='word_1_527' title='bbox 990 2331 1071 2360; x_wconf 84' lang='lat' dir='ltr'>turae</span> <span class='ocrx_word' id='word_1_528' title='bbox 1082 2352 1090 2365; x_wconf 84' lang='lat'>‚</span> <span class='ocrx_word' id='word_1_529' title='bbox 1114 2330 1181 2359; x_wconf 83' lang='lat' dir='ltr'>tam</span> <span class='ocrx_word' id='word_1_530' title='bbox 1195 2327 1351 2368; x_wconf 85' lang='lat' dir='ltr'>corporali</span> <span class='ocrx_word' id='word_1_531' title='bbox 1369 2337 1468 2368; x_wconf 88' lang='lat' dir='ltr'>quam</span> <span class='ocrx_word' id='word_1_532' title='bbox 1491 2328 1647 2368; x_wconf 81' lang='lat' dir='ltr'>spirituali</span> <span class='ocrx_word' id='word_1_533' title='bbox 1665 2338 1673 2360; x_wconf 92' lang='lat'><strong>:</strong></span> <span class='ocrx_word' id='word_1_534' title='bbox 1690 2338 1768 2369; x_wconf 60' lang='grc' dir='ltr'><strong>(ει-Οὐ</strong></span> 
     </span>
     <span class='ocr_line' id='line_1_85' title="bbox 988 2381 1767 2422; baseline 0 -9"><span class='ocrx_word' id='word_1_535' title='bbox 988 2382 1070 2414; x_wconf 90' lang='lat' dir='ltr'>nihil</span> <span class='ocrx_word' id='word_1_536' title='bbox 1079 2381 1162 2413; x_wconf 85' lang='lat' dir='ltr'>cadit</span> <span class='ocrx_word' id='word_1_537' title='bbox 1170 2381 1312 2413; x_wconf 86' lang='lat' dir='ltr'>medium</span> <span class='ocrx_word' id='word_1_538' title='bbox 1324 2381 1523 2422; x_wconf 81' lang='lat' dir='ltr'>interipsum</span> <span class='ocrx_word' id='word_1_539' title='bbox 1531 2385 1562 2413; x_wconf 89' lang='lat' dir='ltr'>et</span> <span class='ocrx_word' id='word_1_540' title='bbox 1570 2385 1767 2414; x_wconf 76' lang='lat' dir='ltr'>creaturam:</span> 
     </span>
     <span class='ocr_line' id='line_1_86' title="bbox 988 2435 1769 2476; baseline -0.001 -8"><span class='ocrx_word' id='word_1_541' title='bbox 988 2437 1016 2468; x_wconf 89' lang='lat' dir='ltr'>si</span> <span class='ocrx_word' id='word_1_542' title='bbox 1031 2445 1110 2476; x_wconf 80' lang='lat' dir='ltr'>ergo</span> <span class='ocrx_word' id='word_1_543' title='bbox 1125 2435 1197 2467; x_wconf 88' lang='lat' dir='ltr'>unit</span> <span class='ocrx_word' id='word_1_544' title='bbox 1209 2435 1270 2466; x_wconf 90' lang='lat' dir='ltr'>sibi</span> <span class='ocrx_word' id='word_1_545' title='bbox 1285 2444 1401 2476; x_wconf 90' lang='lat' dir='ltr'>corpus</span> <span class='ocrx_word' id='word_1_546' title='bbox 1418 2435 1617 2473; x_wconf 73' lang='lat' dir='ltr'>humanum,</span> <span class='ocrx_word' id='word_1_547' title='bbox 1643 2436 1769 2469; x_wconf 82' lang='lat' dir='ltr'>videtur</span> 
     </span>
     <span class='ocr_line' id='line_1_87' title="bbox 989 2489 1652 2532; baseline 0 -10"><span class='ocrx_word' id='word_1_548' title='bbox 989 2490 1076 2532; x_wconf 89' lang='lat' dir='ltr'>quod</span> <span class='ocrx_word' id='word_1_549' title='bbox 1091 2499 1157 2521; x_wconf 90' lang='lat' dir='ltr'>non</span> <span class='ocrx_word' id='word_1_550' title='bbox 1173 2489 1264 2521; x_wconf 83' lang='lat' dir='ltr'>uniat</span> <span class='ocrx_word' id='word_1_551' title='bbox 1277 2489 1337 2521; x_wconf 86' lang='lat' dir='ltr'>sibi</span> <span class='ocrx_word' id='word_1_552' title='bbox 1351 2489 1512 2521; x_wconf 75' lang='lat' dir='ltr'>mediante</span> <span class='ocrx_word' id='word_1_553' title='bbox 1526 2490 1652 2530; x_wconf 85' lang='lat' dir='ltr'>spiritu.</span> 
     </span>
    </p>
   </div>
   <div class='ocr_carea' id='block_1_11' title="bbox 989 2551 1771 2692">
    <p class='ocr_par' dir='ltr' id='par_1_20' title="bbox 989 2551 1769 2620">
     <span class='ocr_line' id='line_1_88' title="bbox 991 2551 1769 2587; baseline 0.001 -9"><span class='ocrx_word' id='word_1_554' title='bbox 991 2553 1038 2572; x_wconf 61' lang='grc' dir='ltr'>-ἱ</span> <span class='ocrx_word' id='word_1_555' title='bbox 1048 2551 1215 2581; x_wconf 58' lang='lat' dir='ltr'>Damam-,do</span> <span class='ocrx_word' id='word_1_556' title='bbox 1229 2551 1291 2576; x_wconf 80' lang='lat' dir='ltr'>Fide</span> <span class='ocrx_word' id='word_1_557' title='bbox 1304 2551 1383 2582; x_wconf 63' lang='lat' dir='ltr'>oreti„</span> <span class='ocrx_word' id='word_1_558' title='bbox 1400 2552 1444 2576; x_wconf 81' lang='lat' dir='ltr'>lib.</span> <span class='ocrx_word' id='word_1_559' title='bbox 1459 2552 1501 2582; x_wconf 83' lang='grc' dir='ltr'>ΙΙΙ,</span> <span class='ocrx_word' id='word_1_560' title='bbox 1518 2559 1575 2584; x_wconf 79' lang='lat' dir='ltr'>cap.</span> <span class='ocrx_word' id='word_1_561' title='bbox 1587 2558 1657 2578; x_wconf 64' lang='lat' dir='ltr'>x·1.—</span> <span class='ocrx_word' id='word_1_562' title='bbox 1667 2553 1679 2571; x_wconf 83' lang='lat'>⁸</span> <span class='ocrx_word' id='word_1_563' title='bbox 1691 2555 1769 2587; x_wconf 72' lang='lat' dir='ltr'>Aug.‚</span> 
     </span>
     <span class='ocr_line' id='line_1_89' title="bbox 989 2587 1659 2620; baseline 0.001 -7"><span class='ocrx_word' id='word_1_564' title='bbox 989 2589 1023 2614; x_wconf 81' lang='grc' dir='ltr'>αιΙ</span> <span class='ocrx_word' id='word_1_565' title='bbox 1039 2589 1133 2619; x_wconf 62' lang='lat' dir='ltr'>volus„</span> <span class='ocrx_word' id='word_1_566' title='bbox 1148 2589 1228 2620; x_wconf 74' lang='lat' dir='ltr'>Epist.</span> <span class='ocrx_word' id='word_1_567' title='bbox 1245 2594 1284 2618; x_wconf 79' lang='lat' dir='ltr'>ui,</span> <span class='ocrx_word' id='word_1_568' title='bbox 1303 2595 1359 2619; x_wconf 84' lang='lat' dir='ltr'>cup.</span> <span class='ocrx_word' id='word_1_569' title='bbox 1375 2593 1403 2618; x_wconf 85' lang='lat' dir='ltr'>u,</span> <span class='ocrx_word' id='word_1_570' title='bbox 1419 2587 1452 2611; x_wconf 77' lang='lat' dir='ltr'>ul.</span> <span class='ocrx_word' id='word_1_571' title='bbox 1465 2593 1584 2619; x_wconf 75' lang='lat' dir='ltr'>cxxxvii,</span> <span class='ocrx_word' id='word_1_572' title='bbox 1596 2595 1623 2613; x_wconf 92' lang='lat' dir='ltr'>n.</span> <span class='ocrx_word' id='word_1_573' title='bbox 1635 2590 1659 2614; x_wconf 85' lang='lat'>8.</span> 
     </span>
    </p>

    <p class='ocr_par' dir='ltr' id='par_1_21' title="bbox 990 2623 1771 2692">
     <span class='ocr_line' id='line_1_90' title="bbox 1022 2623 1771 2657; baseline 0.001 -8"><span class='ocrx_word' id='word_1_574' title='bbox 1022 2625 1057 2656; x_wconf 77' lang='lat' dir='ltr'>(a)</span> <span class='ocrx_word' id='word_1_575' title='bbox 1077 2624 1146 2649; x_wconf 63' lang='lat' dir='ltr'>Ean.</span> <span class='ocrx_word' id='word_1_576' title='bbox 1173 2623 1259 2648; x_wconf 64' lang='lat' dir='ltr'><em>ancal.</em></span> <span class='ocrx_word' id='word_1_577' title='bbox 1281 2623 1334 2648; x_wconf 78' lang='lat' dir='ltr'>Sibi</span> <span class='ocrx_word' id='word_1_578' title='bbox 1360 2623 1472 2647; x_wconf 77' lang='lat' dir='ltr'>nuizimm</span> <span class='ocrx_word' id='word_1_579' title='bbox 1497 2624 1662 2656; x_wconf 70' lang='lat' dir='ltr'>rationalem,</span> <span class='ocrx_word' id='word_1_580' title='bbox 1679 2628 1703 2650; x_wconf 81' lang='lat' dir='ltr'>et</span> <span class='ocrx_word' id='word_1_581' title='bbox 1726 2633 1771 2657; x_wconf 82' lang='lat' dir='ltr'>per</span> 
     </span>
     <span class='ocr_line' id='line_1_91' title="bbox 990 2659 1647 2692; baseline 0 -6"><span class='ocrx_word' id='word_1_582' title='bbox 990 2661 1109 2687; x_wconf 81' lang='lat' dir='ltr'>eamdem</span> <span class='ocrx_word' id='word_1_583' title='bbox 1122 2660 1199 2685; x_wconf 75' lang='lat' dir='ltr'>etiam</span> <span class='ocrx_word' id='word_1_584' title='bbox 1219 2667 1312 2691; x_wconf 70' lang='lat' dir='ltr'>corpus</span> <span class='ocrx_word' id='word_1_585' title='bbox 1326 2659 1493 2685; x_wconf 77' lang='lat' dir='ltr'>humarum...</span> <span class='ocrx_word' id='word_1_586' title='bbox 1507 2662 1647 2692; x_wconf 70' lang='lat' dir='ltr'>coaptum..</span> 
     </span>
    </p>
   </div>
   <div class='ocr_carea' id='block_1_12' title="bbox 1787 2293 1879 2319">
    <p class='ocr_par' dir='ltr' id='par_1_22' title="bbox 1787 2293 1879 2319">
     <span class='ocr_line' id='line_1_92' title="bbox 1787 2293 1879 2319; baseline -0.011 -6"><span class='ocrx_word' id='word_1_587' title='bbox 1787 2293 1818 2313; x_wconf 62' lang='lat' dir='ltr'>Aa</span> <span class='ocrx_word' id='word_1_588' title='bbox 1830 2298 1879 2319; x_wconf 77' lang='lat' dir='ltr'>opp.</span> 
     </span>
    </p>
   </div>
  </div>
 </body>
</html>
