2017 2960
621 181 717 213 Dis'r.
740 181 818 212 XVI.
844 179 990 211 AR'l'.11.
1015 179 1164 217 QUAEST.
1189 179 1241 210 111.

141 253 231 284 dolor
255 261 330 284 vero
352 250 578 290 compassionis
604 249 707 288 primo
730 250 797 279 erat
816 247 850 278 in
864 256 914 278 ra-

142 306 236 344 tione,
251 307 282 336 et
296 314 336 335 ex
350 304 470 335 ratione
486 302 684 333 redundabat
704 302 737 332 in
761 300 917 331 sensuali-

142 362 248 390 tatem.
262 358 349 389 Sicut
363 357 450 387 enim
464 356 586 386 ratione
598 358 705 386 nostra
721 354 844 385 dolente
859 362 917 394 pro

142 412 274 453 peccatis
299 410 427 446 nostris,
449 409 550 448 gemit
577 408 780 444 sensualitas,
814 409 844 438 et
874 408 917 438 la-

141 464 342 504 chrymatur3
360 462 404 493 sic
418 464 447 492 et
463 462 616 499 Christus,
628 461 704 500 quia
714 460 852 491 multum
862 469 918 500 pro

142 517 277 558 peccatis
301 516 416 547 nostris
440 515 551 553 doluit,
577 515 615 546 de
643 514 777 555 peccatis
803 515 918 544 nostris

141 571 239 602 flevit.
257 570 335 602 Cum
351 579 429 609 ergo
446 577 669 609 comparamus
688 568 830 598 dolorem
845 577 918 598 sen-

142 624 295 655 sualitatis
320 623 359 654 ad
389 622 529 662 dolorem
558 621 701 660 rationis,
732 621 793 651 hoc
817 622 918 660 potest

143 687 209 708 esse
223 677 257 707 in
271 677 387 717 duplici
401 685 519 716 genere
535 686 542 707 :
560 677 590 706 et
604 675 629 706 si
654 675 783 715 quidem
801 674 917 705 intelli-

143 733 240 771 gatur
263 730 301 761 de
324 730 431 761 dolore
454 728 620 769 passionis,
643 738 718 759 cum
741 728 793 758 ille
816 727 919 767 primo

143 784 378 816 sensualitatem
400 784 590 823 attingeret,
617 782 855 813 concedendum
873 783 920 812 est

143 838 284 869 animam
309 838 421 869 Christi
445 837 620 868 secundum
650 838 770 876 partem
788 844 918 866 sensua-

144 892 207 923 lem
223 892 328 931 magis
341 891 490 927 doluisse,
507 891 588 921 sicut
597 890 770 921 ostendunt
784 889 922 920 rationes

145 946 183 977 ad
199 946 337 986 primam
353 947 475 985 partem
489 944 644 975 adductae.
668 943 699 974 Si
714 952 790 974 vero
806 943 920 974 intelli-

146 1001 242 1038 gatur
262 999 299 1029 de
315 998 422 1030 dolore
442 997 681 1038 compassionis,
705 1006 769 1036 quo
789 996 922 1027 interius

145 1052 348 1092 affligebatur
362 1054 490 1091 propter
502 1052 629 1091 peccata
644 1052 768 1088 nostra3
783 1059 857 1080 cum
872 1050 923 1080 ille

147 1107 252 1136 ortum
267 1108 297 1136 et
311 1105 469 1144 originem
484 1105 617 1134 haberet
635 1103 668 1133 in
684 1103 818 1141 ratione,
844 1112 922 1134 con-

148 1161 325 1192 cedendum
347 1163 392 1191 est
412 1160 518 1200 ipsum
540 1160 644 1198 magis
672 1158 847 1189 secundum
871 1167 922 1188 ra·

147 1215 266 1245 tionem
279 1214 427 1250 doluisse,
443 1213 524 1243 sicut
546 1212 715 1243 ostendunt
729 1212 866 1243 rationes
885 1212 923 1242 ad

148 1270 271 1308 partem
306 1269 493 1308 sequentem
521 1266 672 1297 inductae.
705 1265 743 1296 Et
770 1265 814 1295 sic
841 1267 925 1305 patet

146 1321 309 1361 responsio
324 1321 362 1352 ad
379 1321 590 1361 quaestionem
606 1319 800 1359 propositam
820 1330 826 1349 z
841 1320 925 1359 patet

147 1376 243 1406 etiam
270 1375 432 1415 responsio
460 1374 498 1405 ad
523 1374 655 1413 obJecta.
683 1373 826 1403 Membra
839 1372 925 1403 enim

148 1429 245 1469 hujus
258 1428 445 1468 quaestionis
460 1428 578 1459 hahent
592 1437 625 1458 se
640 1427 722 1457 sicut
741 1425 927 1457 excedentia

148 1484 179 1513 et
208 1491 337 1513 excessa
365 1493 372 1514 z
398 1484 428 1513 et
447 1483 569 1521 objecta
592 1489 707 1512 verum
731 1480 927 1511 concludunt

148 1538 325 1569 secundum
340 1538 480 1569 diversas
494 1538 572 1569 vias.
587 1537 620 1568 Si
636 1537 707 1577 quis
719 1537 828 1567 autem
842 1536 927 1567 ulte-

148 1593 216 1623 rius
243 1594 376 1632 quaerat,
407 1601 482 1623 cum
504 1592 584 1622 ratio
605 1593 636 1622 et
654 1590 854 1628 sensualitas,
882 1599 927 1621 se-

149 1649 293 1679 cundum
315 1649 379 1679 duo
402 1657 522 1687 genera
536 1647 665 1683 doloris,
683 1648 797 1677 mutuo
822 1655 854 1676 se
869 1654 927 1677 ex-

149 1701 275 1740 cedant,
315 1701 386 1741 quis
420 1710 533 1732 eorum
568 1700 663 1731 suerit
700 1699 854 1730 intensior
891 1700 926 1730 in

150 1755 282 1792 Christo,
300 1758 411 1786 utrum
426 1755 572 1786 videlicet
586 1754 675 1784 dolor
691 1753 859 1794 passionis,
875 1753 927 1783 vel

151 1807 394 1848 compassionis3
411 1807 596 1847 responderi
612 1808 725 1847 potest,
736 1806 822 1847 quod
838 1806 927 1837 dolor

151 1861 378 1902 compassionis
398 1861 458 1892 fuit
479 1861 643 1892 intensior.
666 1860 703 1891 Et
726 1860 805 1891 ratio
828 1860 927 1900 hujus

153 1917 209 1954 est,
221 1914 297 1956 quia
306 1915 455 1955 quamvis
465 1923 585 1954 magna
597 1923 691 1945 causa
704 1916 783 1945 esset
799 1914 926 1945 dolendi

1692 177 1750 207 363

974 247 1006 277 in
1021 247 1223 278 sensualitate
1249 248 1376 286 propter
1395 245 1625 285 separationem
1651 243 1750 283 ipsius

974 310 992 330 a
1016 309 1121 338 carne,
1144 309 1264 339 magna
1291 299 1387 330 ctiam
1416 300 1496 329 esset
1523 297 1683 337 dispositio
1710 296 1749 326 ad

975 353 1146 384 dolendum
1164 356 1292 394 propter
1304 353 1457 393 optimam
1473 350 1726 391 complexionem
1740 360 1747 386 ;

975 407 1008 438 in
1023 408 1129 438 dolore
1154 410 1260 438 tamen
1284 406 1510 447 compassionis
1529 405 1663 445 amplior
1684 405 1751 435 erat

974 461 1054 491 ratio
1065 461 1189 492 dolendi
1204 463 1332 500 propter
1347 460 1622 490 inhonorationem
1644 457 1709 495 Dei,
1722 459 1752 487 et

975 515 1205 554 separationem
1226 516 1367 544 nostram
1394 523 1412 543 a
1436 513 1515 550 Deo3
1532 513 1636 552 major
1656 512 1751 542 etiam

976 569 1043 598 erat
1056 568 1145 607 dispo
1154 567 1219 598 ‚itio
1233 567 1271 597 ad
1282 567 1455 597 dolendum
1470 568 1598 606 propter
1614 565 1753 596 dileetio-

976 622 1026 653 nis
1047 622 1257 653 nimietatem.
1286 621 1471 652 Secundum
1490 620 1575 650 enim
1596 620 1681 659 quod
1702 619 1753 649 di-

976 675 1067 707 lectio
1083 677 1185 716 major
1198 677 1254 713 est,
1271 674 1448 705 secundum
1471 674 1532 704 hoc
1551 674 1626 703 sunt
1650 672 1753 712 plagae

977 729 1202 770 compassionis
1241 729 1388 768 majores.
1428 726 1517 757 Unde
1554 725 1655 756 multo
1684 725 1754 764 plus

977 784 1153 824 compassio
1169 783 1282 814 Christi
1304 781 1437 813 excessit
1460 781 1597 811 aliorum
1613 788 1754 819 compas-

978 838 1092 875 siones,
1109 846 1207 877 quam
1222 836 1324 877 passio
1339 836 1500 876 passiones
1521 845 1528 864 :
1555 834 1635 864 sicut
1649 833 1710 864 fuit
1722 833 1754 864 in

979 900 1015 922 eo
1030 892 1132 931 major
1152 890 1336 921 excellentia
1351 889 1523 920 dilectionis
1534 912 1542 924 ,
1566 896 1663 927 quam
1683 896 1753 926 pas-

979 945 1087 983 sionis,
1113 947 1258 984 respectu
1282 943 1437 980 aliorum;
1459 942 1530 972 licet
1554 941 1587 971 in
1619 942 1755 980 utroque

981 1000 1118 1030 multum
1135 998 1312 1029 excederet.
1330 997 1367 1028 Et
1381 996 1465 1036 quod
1481 996 1539 1026 iste
1552 995 1640 1026 dolor
1655 994 1756 1025 inten-

979 1053 1043 1083 sior
1072 1053 1178 1090 fuerit,
1206 1051 1366 1091 colligitur
1402 1058 1442 1080 ex
1476 1048 1594 1088 duplici
1622 1048 1715 1087 signo
1746 1058 1753 1078 ;

981 1116 1084 1138 unum
1099 1109 1146 1137 est
1160 1106 1246 1146 quod
1259 1105 1372 1136 maluit
1385 1105 1526 1135 animam
1546 1112 1637 1134 suam
1653 1112 1671 1133 a
1687 1111 1757 1132 cor-

982 1169 1057 1200 pore
1067 1160 1217 1200 separari,
1232 1168 1329 1199 quam
1344 1159 1427 1198 quo-l
1440 1167 1497 1188 nos
1511 1166 1652 1188 essemus
1665 1166 1684 1186 a
1694 1156 1757 1187 Deo

981 1214 1132 1254 separati3
1150 1213 1237 1244 aliud
1254 1221 1329 1243 vero
1342 1212 1475 1251 signum
1491 1213 1551 1248 est,
1568 1210 1654 1250 quod
1669 1209 1759 1240 flevit

982 1277 1039 1308 pro
1052 1267 1186 1308 peccatis
1196 1266 1323 1302 nostris,
1339 1266 1391 1296 sed
1407 1274 1470 1295 non
1486 1264 1573 1295 flevit
1591 1272 1647 1302 pro
1657 1262 1759 1303 poenis

982 1321 1121 1361 corporis
1136 1321 1197 1358 sui,
1214 1320 1296 1351 sicut
1310 1318 1490 1350 Bernardus
1506 1317 1591 1348 dicit.
1611 1317 1759 1347 Planctus

983 1377 1091 1406 autem
1112 1375 1245 1414 signum
1263 1376 1309 1405 est
1331 1372 1555 1404 amaritudinis
1577 1373 1608 1401 et
1630 1370 1756 1401 doloris.

984 1429 1022 1461 Et
1039 1428 1100 1459 hoc
1114 1429 1277 1468 eleganter
1299 1427 1450 1468 exprimit
1464 1425 1669 1456 cancellarius
1686 1424 1757 1455 Phi-

982 1484 1088 1524 lippus
1107 1483 1140 1513 in
1160 1482 1298 1522 quadam
1316 1481 1445 1522 prosula
1466 1480 1557 1512 valde
1577 1478 1708 1510 notabili
1729 1480 1760 1509 et

983 1539 1108 1570 devota.
1123 1536 1174 1568 Ait
1186 1536 1271 1568 enim
1286 1535 1351 1566 sic:

1109 1645 1203 1674 Homo,
1215 1644 1274 1668 vide
1290 1643 1350 1675 quid
1364 1649 1411 1674 pro
1426 1644 1450 1666 tc
1464 1642 1556 1673 patior.

1109 1690 1146 1715 Ad
1157 1692 1180 1715 te
1195 1690 1286 1719 clamo,
1303 1689 1345 1720 qni
1361 1695 1407 1719 pro
1423 1690 1446 1711 le
1462 1687 1567 1711 morior.

1113 1737 1174 1761 Vide
1189 1742 1280 1767 pcenas
1292 1734 1383 1766 quilius
1395 1733 1506 1763 atfic10r;

1109 1782 1171 1807 Vide
1187 1782 1272 1805 clavos
1282 1780 1373 1811 quilius
1387 1779 1530 1803 confodior.

1109 1829 1173 1852 Cum
1184 1826 1215 1851 sit
1228 1828 1312 1850 tantus
1327 1825 1399 1849 dolor
1408 1824 1528 1853 exterior,

1110 1873 1216 1897 interior
1230 1874 1315 1896 tamen
1327 1870 1442 1902 planctus
1455 1872 1493 1894 est
1507 1870 1619 1900 gravior,

1107 1920 1168 1943 Tam
1183 1918 1310 1949 ingratum
1327 1917 1387 1940 dum
1400 1919 1424 1940 te
1435 1916 1560 1946 experior.
